3362 5504
508 584 554 628 DE
577 585 670 650 JURE
697 583 880 631 PRAEDAE.
905 584 983 630 CAP.
1009 585 1065 630 XV.
1298 589 1357 650 333

188 739 234 804 ita
267 759 350 821 quae
383 755 477 822 capta
508 755 585 814 sunt
616 739 782 806 societatis
814 738 961 822 impensa
992 755 1091 823 atque
1118 741 1266 823 periculo
1290 762 1357 808 non

188 851 283 931 aliis,
306 871 402 933 quam
424 851 503 934 ipsis
523 853 634 917 cedere
656 872 797 934 aequum
817 865 906 916 etex
924 871 985 918 usu
1003 852 1138 934 publico
1156 853 1356 919 existimant:

186 978 226 1029 ut
248 983 288 1028 ex
310 961 450 1030 formula
477 962 631 1029 videlicet
652 982 768 1030 versus
791 962 1040 1045 Propertiani¹,
1065 963 1131 1030 imo
1156 985 1195 1029 ex
1217 965 1357 1032 naturali

189 1075 314 1141 ratione

320 1184 456 1250 Praeda
479 1189 523 1249 sit
546 1186 625 1250 haec
647 1185 718 1250 illis
741 1206 880 1270 quorum
905 1206 1054 1252 meruere
1076 1186 1215 1254 labores.

231 1297 342 1383 Quare
364 1296 422 1378 qui
442 1310 508 1360 tam
531 1296 649 1362 bonam
672 1296 846 1362 utilitatem
869 1297 1037 1381 negliget,
1061 1297 1196 1364 nimium
1220 1299 1357 1384 prodige

190 1423 302 1474 utetur
329 1408 502 1474 occasione
523 1428 560 1472 ac
580 1406 721 1474 fortuna.
767 1408 869 1494 Quod
890 1408 975 1473 enim
998 1409 1099 1490 belli,
1134 1409 1169 1476 id
1197 1426 1247 1476 est
1280 1431 1360 1495 gen-

190 1520 273 1586 tium
302 1521 397 1604 jure,
422 1519 514 1601 quod
543 1519 727 1600 Ordinum,
751 1521 815 1586 hoc
836 1534 885 1585 est
906 1521 1027 1594 summi
1049 1522 1259 1607 magistratus
1280 1543 1360 1588 con·

188 1631 360 1711 cessione,
374 1645 522 1696 nostrum
542 1630 606 1712 sit,
624 1630 659 1696 id
679 1650 745 1697 non
768 1631 876 1697 statim
896 1651 1023 1699 sumere
1043 1648 1152 1718 grata,
1167 1649 1205 1699 ut
1216 1635 1360 1715 dieitur,

192 1763 290 1807 manu
309 1742 446 1808 stolidae
466 1761 567 1825 prope
587 1742 724 1808 dixerim
746 1743 968 1810 contumaciae
992 1760 1051 1811 est.
1075 1746 1187 1831 Quare
1204 1746 1360 1812 credibile

193 1869 243 1920 est
271 1856 396 1919 nullum
420 1852 490 1919 fore
515 1853 573 1935 qui
597 1853 630 1918 in
654 1874 690 1919 ea
722 1854 882 1921 sententia
916 1854 1091 1939 persistat,
1116 1872 1154 1922 ut
1177 1858 1359 1940 possessio-

191 1983 264 2031 nem
285 1966 369 2030 hane
388 1963 507 2031 refutet
527 1979 626 2045 atque
644 1964 789 2049 rejiciat,
810 1981 868 2032 aut
883 1965 912 2032 si
932 1967 990 2049 qui
1010 1983 1127 2049 erunt,
1149 1989 1205 2034 eos
1225 1968 1359 2036 futuros

192 2097 210 2143 a
239 2077 360 2159 quibus
390 2078 573 2159 exemplum
607 2076 691 2142 nolit
720 2097 846 2143 sumere
869 2079 969 2144 lromo
990 2093 1076 2144 recte
1101 2100 1176 2163 erga
1198 2080 1306 2146 Deum
1327 2097 1359 2146 et

192 2188 328 2272 patriam
351 2187 523 2254 animatus.
569 2187 655 2254 Sunt
678 2188 788 2268 enim,
812 2203 891 2254 sunt
911 2187 1062 2272 profecto
1086 2190 1199 2257 batavi
1221 2190 1306 2258 hanc¹
1327 2194 1360 2259 in

192 2315 317 2384 partem
354 2299 516 2381 leniores,
556 2299 647 2381 quod
685 2319 703 2363 a
732 2298 863 2366 civibus
896 2301 1034 2368 hostiles
1066 2301 1228 2369 interdum
1263 2325 1361 2370 voces

193 2412 333 2479 audiunt
364 2426 397 2476 et
426 2411 605 2494 patiuntur.
651 2412 735 2477 Rem
763 2431 841 2478 sane
870 2412 1065 2494 dolendam,
1094 2435 1134 2480 eo
1155 2415 1361 2499 impunitatis

193 2523 371 2589 deventum
394 2541 482 2602 esse,
503 2540 540 2588 ut
561 2523 629 2586 sint
651 2523 710 2603 qui
730 2524 851 2608 jactare
882 2524 1022 2590 audeant
1049 2525 1220 2593 Lusitanis
1248 2528 1358 2593 omnia

192 2634 313 2714 licere,
346 2633 425 2717 ipsis
457 2633 552 2698 nihil.
599 2632 733 2720 Quibus
756 2653 816 2718 ego
837 2637 936 2720 pejus
952 2635 1035 2700 nihil
1059 2637 1164 2702 habeo
1187 2639 1279 2720 quod
1300 2638 1362 2704 im·

193 2766 328 2829 precer,
352 2765 448 2828 quam
470 2759 508 2810 ut
529 2746 620 2812 salvo
644 2744 780 2828 imperio
800 2760 833 2810 et
844 2745 1010 2828 republica
1023 2746 1179 2813 incolumi
1201 2749 1359 2816 incorum

193 2877 309 2924 manus
329 2856 527 2935 deveniant,
561 2856 683 2938 quibus
706 2870 876 2939 tantopere
900 2855 1023 2922 favent.
1070 2858 1135 2923 Sed
1155 2859 1211 2925 illa
1233 2845 1359 2928 vanilo-

195 2968 329 3052 quentia
347 2988 405 3035 seu
423 2970 582 3035 malevola
604 2967 716 3051 potius
736 2987 853 3033 causae
872 2967 1022 3050 publicae
1033 2969 1226 3036 detrectatio
1248 2974 1358 3057 legum

192 3081 305 3164 paenis
327 3095 358 3146 et
376 3079 566 3164 diligentiae
585 3079 832 3163 magistratuum
851 3079 1066 3161 relinquatur.
1090 3081 1199 3147 Nobis
1220 3099 1362 3151 errantes

194 3193 387 3259 instruxisse
408 3191 486 3257 satis
511 3205 569 3256 est.
615 3189 684 3277 Qui
705 3190 807 3275 igitur
827 3192 955 3256 lucrum
978 3211 1128 3257 recusare
1151 3195 1362 3278 potuissent,

194 3305 271 3388 quia
294 3325 329 3372 se
350 3304 442 3370 aliter
461 3302 609 3387 justitiae
632 3318 665 3368 et
687 3302 904 3368 conscientiae
925 3322 991 3367 non
1012 3303 1246 3372 arbitrarentur
1268 3309 1363 3377 satis·

192 3417 360 3496 facturos,
382 3416 445 3480 hos
468 3415 495 3480 si
520 3434 585 3496 qua
606 3413 713 3494 ratio,
733 3414 761 3481 si
783 3435 847 3496 qua
870 3413 1028 3482 movisset
1049 3416 1247 3499 auctoritas,
1267 3441 1364 3505 argu-

194 3543 303 3595 menta
326 3542 359 3593 et
380 3526 588 3607 testimonia,
614 3546 698 3607 quae
719 3525 752 3591 in
775 3525 878 3608 prima
899 3524 1101 3592 tractationis
1119 3543 1210 3610 parte
1223 3531 1362 3598 adducta

193 3655 294 3718 sunt,
318 3639 440 3704 efficere
462 3651 642 3720 potuerunt
665 3636 838 3702 doctiores.
862 3637 945 3703 Esse
967 3637 1063 3702 etiam
1084 3638 1172 3704 hunc
1192 3657 1362 3721 quaestum

194 3749 462 3817 honestissimum
494 3747 620 3840 homini
651 3767 717 3813 non
749 3747 905 3831 pertinaci
930 3747 1009 3813 satis
1032 3769 1224 3832 persuasum
1248 3773 1287 3817 ex
1310 3775 1365 3821 su-

145 3907 147 3912 ·
194 3861 380 3947 perioribus
411 3876 504 3943 puto.
560 3859 611 3924 Ac
642 3860 670 3926 si
706 3859 763 3941 qui
796 3873 873 3924 sunt
905 3859 963 3941 qui
997 3861 1210 3944 praecipuum
1244 3865 1365 3932 habent

194 3974 347 4040 utilitatis
370 3989 580 4057 respectum,
605 3972 638 4036 hi
672 3971 753 4054 quid
774 3971 904 4054 possint
926 3987 1040 4037 contra
1069 3973 1219 4055 praedam
1249 3976 1364 4042 obten-

195 4087 271 4153 dere
290 4086 470 4153 videamus.
503 4085 623 4166 Neque
650 4083 735 4149 enim
757 4081 841 4148 illud
861 4083 960 4149 credo
984 4083 1070 4148 dicet
1089 4083 1143 4148 hic
1166 4086 1362 4170 quisquam,

194 4201 277 4264 male
310 4213 400 4280 parta
443 4200 524 4263 male
558 4196 681 4277 dilabi,
727 4214 786 4260 nec
821 4193 987 4260 transferri
1021 4195 1061 4260 ad
1093 4210 1240 4277 posteros
1272 4202 1364 4280 quod

233 4433 239 4464 ¹
259 4435 302 4480 lib.
322 4446 343 4488 3.
361 4436 392 4480 el.
413 4447 435 4488 3.
455 4433 506 4494 [vs.
526 4434 578 4493 ab]
