3326 5506
448 637 612 706 DEJURE
639 637 926 684 ennaDnE.cnn
953 636 1018 684 ΧΠ.
1264 633 1345 700 237'

157 809 219 861 tem
251 793 392 878 pendere
413 813 430 860 a
452 813 527 858 vera
546 792 630 876 juris
658 807 721 859 tant
745 807 877 858 naturae
901 811 997 873 quam
1020 789 1163 876 gentiunt
1187 789 1327 875 cogniti·

157 925 226 972 one.
268 905 330 990 Jus
353 905 438 970 enim
462 920 619 987 naturae,
637 925 712 971 cum
737 925 754 969 a
774 904 884 970 divina
905 902 1015 969 veniat
1034 901 1240 984 providentia
1257 919 1327 968 esse

157 1017 367 1084 immutabile.
398 1017 509 1102 Hujus
533 1032 640 1082 autem
660 1015 744 1101 juris
766 1014 921 1081 naturalis
938 1029 1060 1098 partem
1084 1032 1153 1078 esse
1174 1013 1229 1098 jus
1250 1033 1327 1097 gen·

156 1129 236 1195 tium
269 1128 498 1211 primaevum,
533 1128 623 1211 quod
656 1127 800 1208 dicitur,
833 1126 997 1192 diversum
1030 1145 1048 1189 a
1075 1127 1147 1211 jure
1181 1124 1326 1209 gentium

156 1240 349 1306 secundario
383 1239 453 1305 sive
485 1239 649 1322 positivo:
681 1259 821 1321 quorum
854 1236 1019 1321 posterius
1048 1236 1167 1302 mutari
1197 1243 1341 1320 potest,

157 1351 247 1435 prius
271 1371 337 1416 non
368 1365 490 1434 potest.
536 1351 623 1416 Nam
647 1350 674 1416 si
700 1349 757 1432 qui
778 1369 884 1416 mores
906 1367 980 1413 cum
1000 1348 1073 1432 jure
1096 1347 1241 1434 gentium
1262 1348 1327 1431 pri-

157 1483 271 1529 maevo
301 1477 507 1547 repugnent,
531 1461 566 1527 hi
591 1481 658 1529 non
682 1461 815 1527 humani
837 1475 936 1540 sunt,
960 1460 1032 1542 ipso
1050 1459 1180 1544 judice,
1203 1461 1260 1525 sed
1282 1458 1329 1524 fe·

158 1575 243 1657 tini,
269 1574 473 1658 corruptelae
496 1589 529 1639 et
552 1574 697 1654 abusus,
721 1593 787 1639 non
810 1573 897 1657 leges
921 1586 953 1637 et
975 1590 1065 1639 usus.
1102 1572 1218 1653 Itaque
1236 1572 1329 1637 nullo

158 1702 304 1770 tempore
327 1685 504 1770 praescribi
525 1686 823 1769 potuerunt,nulla
846 1685 911 1750 iata
930 1685 1002 1768 iege
1019 1681 1215 1768 justificari,
1236 1685 1329 1748 nullo

158 1800 333 1864 multarum
364 1797 460 1863 etiam
485 1797 629 1881 gentium
660 1815 853 1876 consensu,
876 1793 1022 1877 hospitio
1045 1809 1077 1860 et
1100 1794 1330 1862 exercitatione

158 1909 321 1989 stabiliri,
345 1909 437 1991 quod
460 1908 616 1991 exemplis
639 1909 768 1990 aliquot
788 1922 821 1973 et
840 1906 1006 1990 Alphonsi
1027 1905 1236 1986 Castrensis,
1258 1907 1329 1972 the-

158 2020 246 2104 ologi
280 2019 445 2102 Hispani,
470 2019 660 2085 testimonio
684 2023 693 2056 ¹
716 2019 896 2085 confirmat.
943 2018 1002 2085 Ex
1023 2018 1141 2104 quibas
1164 2032 1329 2104 apparet,

158 2131 290 2214 inquit,
316 2152 415 2217 qaam
434 2144 584 2218 suspecta
607 2135 651 2196 sit
675 2135 840 2197 sententia
863 2151 998 2212 aarum,
1015 2151 1094 2216 ques
1114 2144 1217 2215 supra
1240 2143 1331 2194 retu·

158 2243 275 2321 limus,
297 2245 565 2307 existimantium
590 2241 774 2308 Geaueases
795 2246 975 2307 autetiam
1000 2240 1138 2307 Venetas
1151 2255 1244 2327 passe
1267 2263 1330 2306 aaa

158 2356 290 2440 injuria
308 2353 487 2438 prohibere
510 2353 594 2418 alias
618 2357 784 2440 nauigare
798 2368 863 2440 per
880 2353 1017 2441 gulsum
1039 2366 1100 2417 aut
1116 2352 1257 2440 pelagus
1278 2355 1331 2417 sui

159 2469 286 2546 maris,
300 2468 397 2550 quasi
418 2485 566 2550 aequora
585 2469 658 2552 ipsa
670 2469 974 2552 praescripserint,
987 2463 1026 2531 id
1044 2463 1133 2550 quad
1148 2485 1212 2528 aaa
1226 2464 1328 2528 salum

159 2591 204 2643 est
233 2589 354 2642 cantra
385 2575 469 2663 leges
490 2575 526 2658 ²,
557 2575 615 2642 sed
634 2579 735 2641 etiam
766 2590 813 2641 est
836 2590 956 2643 eontra
979 2580 1085 2663 ipsum
1099 2577 1161 2661 jus
1184 2588 1331 2640 naturae

159 2703 219 2753 aut
245 2690 398 2775 gentium
422 2690 658 2774 primaevum,
691 2687 780 2773 quad
809 2693 1025 2754 maturimae
1049 2702 1142 2774 pesse
1168 2686 1329 2752 diximus.

162 2796 258 2882 Quod
286 2803 331 2864 sit
362 2811 482 2863 cantra
512 2798 604 2865 illud
620 2800 681 2883 jus
711 2813 864 2882 coastat,
889 2803 971 2885 quia
1001 2820 1065 2864 aaa
1093 2797 1195 2863 salum
1216 2801 1330 2862 maria

160 2925 220 2976 aut
250 2930 399 2996 aequora
429 2931 463 2974 ea
485 2909 570 2995 jure
601 2914 788 2976 communia
818 2924 942 2992 eraut,
966 2909 1025 2976 sed
1051 2912 1152 2974 etiam
1180 2907 1332 2993 reliquae

160 3041 265 3087 omnes
297 3041 349 3086 res
379 3020 567 3086 immobiles.
614 3021 663 3086 Et
691 3021 768 3088 lieet
796 3022 838 3087 ab
865 3043 898 3087 ea
919 3023 1003 3108 jure
1025 3033 1141 3107 pastea
1172 3040 1330 3084 recessum

153 3131 266 3217 fuerit
290 3153 332 3197 ex
349 3144 477 3218 parte,
497 3145 586 3219 puta
610 3132 722 3218 quoad
738 3132 918 3199 dominium
941 3146 973 3198 et
990 3135 1232 3218 proprietatem
1263 3144 1331 3195 ter·

160 3264 302 3322 rarum,
328 3263 471 3328 quarum
495 3242 691 3322 dominium,
706 3244 791 3330 jure
813 3258 960 3310 naturae
981 3264 1169 3326 commune,
1192 3225 1331 3308 distinc-

160 3368 229 3420 tum
250 3368 281 3419 et
301 3354 444 3422 diuisum
465 3357 575 3440 sicque
593 3355 634 3420 ab
654 3355 718 3420 illa
739 3359 962 3421 communione
978 3368 1187 3442 segregatum
1200 3353 1277 3438 fuit
1300 3353 1331 3436 ⁸,

159 3480 271 3532 tamea
303 3465 469 3534 diuersum
490 3465 567 3550 fuit
590 3479 621 3530 et
645 3479 692 3532 est
716 3469 752 3532 ia
775 3465 917 3532 dominia
940 3469 1069 3548 maris,
1094 3465 1183 3552 qued
1200 3466 1242 3531 ab
1266 3468 1333 3529 ari-

157 3581 236 3665 giue
265 3577 382 3643 mundi
408 3577 456 3642 ad
483 3577 677 3643 hodiernum
702 3599 802 3664 usque
820 3577 904 3643 diem
925 3592 973 3643 est
987 3577 1129 3663 fuitque
1151 3592 1274 3663 semper
1295 3580 1332 3641 in

160 3692 323 3753 communi
344 3687 497 3753 nullaesa
509 3701 613 3773 parte
630 3692 862 3767 immutatum,
880 3702 918 3754 ut
934 3702 981 3754 est
1000 3702 1124 3754 aarum.
1149 3687 1197 3752 Et
1217 3708 1333 3773 quam·

162 3803 214 3867 uis
246 3821 287 3865 er
313 3799 492 3864 Lusitanis
511 3821 666 3886 magnam
698 3801 832 3865 turbam
861 3815 954 3885 saepe
984 3799 1172 3868 audiverim
1202 3803 1239 3865 in
1270 3801 1332 3866 hae

165 3954 349 3963 Μ...-

197 4033 206 4066 ¹
226 4036 257 4083 de
275 4046 401 4096 potestate
416 4035 479 4097 legis
497 4036 621 4097 poenalis.
639 4040 657 4085 1.
676 4050 699 4085 a.
714 4050 736 4086 e.
753 4050 791 4098 14.
806 4051 832 4097 p.
852 4049 908 4095 572·
927 4038 1015 4099 [Vasq.
1033 4052 1059 4099 p.
1078 4051 1134 4096 rsa.
1143 4051 1170 4086 n.
1181 4051 1220 4096 ³0·
1229 4049 1253 4086 et
1262 4037 1331 4099 sqq.]

162 4122 173 4156 ²
190 4128 208 4173 1.
226 4128 297 4186 quod
318 4126 344 4174 in
358 4126 455 4176 littore.
469 4127 495 4176 ff.
509 4129 540 4176 de
563 4142 618 4188 aeq.
642 4126 710 4176 do'tn.
729 4129 773 4190 [D.
795 4141 837 4189 41.
859 4142 881 4178 1.
905 4128 956 4190 14·]
980 4132 997 4177 1.
1016 4127 1059 4177 fin.
1077 4129 1103 4176 in
1121 4143 1158 4189 pr.
1177 4128 1202 4175 ff.
1217 4129 1248 4176 de
1263 4141 1333 4176 usuc.

165 4217 209 4278 [D.
230 4229 272 4278 41.
298 4231 321 4276 3.
347 4220 401 4282 4⁵·]
421 4222 442 4277 §-
459 4200 569 4267 flumina
593 4220 654 4268 Inst.
672 4220 703 4267 de
721 4232 770 4267 rer.
796 4219 850 4268 div.
880 4217 913 4283 [I.
937 4232 960 4267 a.
980 4232 1001 4266 1.
1020 4222 1042 4277 5.
1062 4218 1098 4280 a]
1124 4221 1140 4266 l.
1154 4219 1176 4268 si
1193 4219 1333 4279 quisquam.

162 4307 188 4356 ff.
214 4310 245 4357 de
271 4307 366 4357 divers.
389 4321 467 4370 temp.
493 4322 604 4369 praescr.
634 4309 676 4372 [D.
698 4323 740 4372 44
765 4322 787 4366 ³·
813 4308 849 4373 7.]
879 4312 895 4357 1.
920 4323 980 4358 sane
1002 4310 1023 4358 si
1039 4309 1114 4358 maris
1132 4309 1158 4357 ff.
1176 4311 1207 4358 de
1224 4308 1333 4367 injuriis.

162 4389 207 4460 [D.
223 4411 265 4460 47.
282 4413 319 4448 10.
339 4401 389 4463 ¹4·]
425 4397 436 4432 ³
453 4402 470 4448 l.
486 4413 519 4449 ex
536 4403 587 4448 hoc
602 4398 666 4457 jure.
684 4401 710 4448 ff.
729 4402 759 4449 de
774 4399 834 4458 just.
851 4412 876 4449 et
891 4399 956 4458 jure.
973 4401 1018 4463 [D.
1039 4414 1061 4450 1.
1083 4414 1103 4448 1.
1123 4399 1159 4464 5.]
1178 4404 1200 4459 ξ.
1214 4399 1254 4458 jus
1272 4414 1332 4461 gen·

160 4489 232 4538 tium.
251 4502 276 4538 et
294 4493 316 4548 §-
332 4489 373 4547 jus
391 4503 475 4540 autem
494 4491 615 4550 gentium.
634 4493 695 4540 lnst.
714 4493 745 4540 de
762 4490 817 4548 iure
832 4503 882 4539 nat.
903 4490 935 4554 [1.
954 4505 974 4540 1.
992 4491 1027 4553 a]
