3316 5494
444 589 608 657 DE‘JURE
635 592 817 639 PRAEDAE.
842 595 921 642 CAP.
945 594 1023 642 v111.
1257 593 1316 658 119

143 760 242 829 putat
274 765 406 831 gerere,
428 746 528 812 simul
552 745 655 812 'etiarn
676 748 731 832 jus
753 747 819 814 illis
842 763 1026 832 competere
1056 761 1151 831 putat
1173 747 1207 814 in
1229 748 1317 814 bello

142 833 1317 942 mmbffimmmmmffimfflmfflfflmmm

143 968 1317 1055 mfflmmmfflmffimwwfflmmwm

143 1095 192 1145 ret
213 1080 424 1163 respublica,
445 1080 547 1164 judex
566 1081 599 1146 in
623 1081 733 1148 hostes
749 1081 845 1147 etiam
863 1096 1013 1149 externos
1029 1081 1282 1148 constitueretur
1294 1079 1315 1145 ⁸.

144 1191 189 1256 Et
209 1191 264 1256 hic
286 1191 387 1275 igitur
409 1191 566 1258 convenit
586 1192 676 1274 quod
696 1191 801 1258 dicere
824 1195 987 1275 solemus,
1008 1193 1096 1277 juste
1117 1211 1190 1258 eum
1213 1190 1318 1276 possi-

144 1302 242 1384 dere,
276 1303 334 1385 qui
365 1318 513 1386 praetore
544 1318 676 1369 auctore
707 1319 871 1388 comparat
902 1318 959 1370 aut
988 1303 1136 1388 possidet
1156 1303 1178 1369 ⁴.
1224 1302 1318 1368 Sicut

144 1413 246 1498 igitur
269 1414 415 1496 bellum,
440 1413 484 1479 ita
507 1429 539 1479 et
568 1413 783 1502 depraedatio
811 1435 989 1501 rerumque
1008 1429 1186 1502 captarum
1206 1414 1318 1480 deterr·
1331 1422 1415 1468 Cordl·
1432 1420 1466 1466 11·

144 1527 190 1589 tie
212 1523 422 1591 subditorum
444 1539 593 1610 respectu
611 1547 652 1590 er
677 1539 823 1612 utraque
838 1539 941 1612 parte
952 1527 1052 1610 justa
1075 1524 1202 1591 datur:
1216 1540 1318 1611 prae-

142 1635 277 1701 cedente
296 1636 421 1701 scilr'eet
434 1637 558 1721 jussu,
581 1639 637 1701 cui
657 1640 748 1702 ratio
765 1633 952 1722 probabilis
973 1657 1037 1701 nort
1057 1650 1230 1723 repugnet.
1262 1637 1318 1702 An

143 1767 223 1814 vero
247 1747 413 1829 utrimque
436 1762 468 1812 et
490 1746 695 1828 dominium,
720 1748 783 1813 hoc
807 1762 856 1814 est
878 1748 933 1832 jus
965 1747 1048 1814 illud
1081 1747 1321 1837 irrevocabile,

144 1873 345 1941 quaeratur,
369 1858 583 1942 inquisitione
604 1859 741 1943 indiget.
788 1858 932 1925 Omnino
955 1858 1058 1926 ausim
1078 1857 1451 1962 affirmareJurefflgjtgf·

144 1970 291 2056 gentium
304 1970 477 2054 primario,
491 1971 582 2054 quod
605 1991 644 2038 ex
667 1985 782 2037 natura
806 1970 938 2053 defluit,
962 1971 1025 2036 hoc
1037 1970 1145 2052 ipsum
1158 1990 1223 2037 non
1240 1991 1318 2037 con-

142 2081 281 2166 tingere.
327 2080 449 2164 Neque
470 2082 556 2148 enim
571 2081 685 2166 opinio
708 2083 902 2166 cujusquam
922 2087 932 2120 ⁵
953 2100 1099 2164 eousque
1120 2080 1261 2162 sufficit,
1282 2094 1319 2146 ut

143 2192 280 2259 domino
311 2193 436 2260 nolenti
471 2192 650 2278 dominium
673 2192 810 2260 auferat.
856 2192 903 2259 Et
925 2192 1114 2258 naturaliter
1137 2191 1319 2278 obligamur

144 2303 185 2368 ad
214 2303 481 2385 restitutionem,
512 2322 578 2371 non
608 2317 733 2371 tantum
761 2303 874 2387 iniqua
900 2304 1089 2387 acceptione
1110 2303 1155 2388 rei
1179 2303 1317 2386 alienae,

144 2414 202 2481 sed
223 2415 446 2498 qualicunque
464 2415 689 2499 possessione:
713 2415 799 2481 unde
819 2435 878 2480 nec
898 2414 1170 2499 praescriptiones
1190 2435 1228 2479 eo
1245 2414 1319 2499 jure

146 2540 293 2610 receptas
325 2526 493 2594 verissima
526 2527 684 2593 sententia
704 2542 754 2594 est
779 2524 804 2593 ⁸.
862 2526 928 2594 Sed
947 2525 1077 2593 defendi
1109 2539 1220 2610 potest
1246 2525 1318 2609 jure

146 2638 293 2724 gentium
325 2637 542 2720 secundario,
566 2637 657 2720 quod
689 2655 759 2704 esse
778 2637 829 2704 sui
853 2637 977 2722 orIgine
1000 2637 1098 2704 civile
1119 2637 1261 2704 diximus
1282 2642 1319 2718 ⁷,

147 2748 232 2815 idem
263 2749 348 2817 illud
377 2749 561 2833 procedere.
605 2749 770 2816 Videntur
791 2749 876 2815 enim
898 2749 1013 2834 populi
1037 2749 1258 2830 conscivisse,
1283 2763 1322 2814 ut

147 2858 1321 2944 bfflummmmmmmmmmmmmmfflm

148 2971 302 3038 rationes.
336 2971 537 3056 Diligentius
559 2972 642 3037 enim
666 2971 898 3057 rempublicam
930 2969 1111 3038 defendunt
1140 2971 1228 3038 cives
1250 2973 1320 3038 bel-

149 3083 239 3166 lique
271 3103 368 3149 onera
398 3083 591 3166 promtiores
614 3083 776 3150 sustinent
800 3082 846 3148 rei
867 3081 1012 3165 privatae
1032 3082 1167 3148 vinculo
1190 3082 1221 3161 ⁰,
1246 3102 1319 3148 cum

149 3215 222 3279 spes
244 3195 485 3277 quodammodo
507 3195 651 3278 praecisa
672 3210 721 3274 est
740 3180 976 3262 semel'amissa
996 3193 1219 3278 recuperandi.
1244 3193 1319 3259 Nec

149 3305 347 3389 reipublicae
371 3306 551 3389 quidquam
571 3305 739 3388 abscedit,
763 3306 820 3372 cui
839 3322 895 3372 aut
914 3305 1022 3372 victae
1040 3306 1096 3390 jus
1116 3304 1320 3398 foretjnane

149 3417 219 3483 sine
241 3418 390 3498 viribus,
413 3432 470 3483 aut
491 3416 619 3484 victrici
642 3419 727 3484 inter
747 3432 892 3500 caetera,
915 3417 1053 3501 quaein
1076 3416 1221 3484 dominio
1242 3417 1321 3482 hos-

150 3527 231 3594 tium
251 3527 403 3611 fuerunt,
424 3530 518 3596 etiam
540 3530 627 3596 bello
640 3543 748 3613 erepta
760 3528 1016 3611 acquirerentur.
1039 3528 1198 3613 Magnum
1211 3541 1320 3593 autem

151 3641 253 3726 hujus
285 3641 331 3707 rei
363 3655 586 3728 argumentum
606 3655 672 3721 est,
697 3641 788 3723 quod
811 3640 895 3706 facta
916 3661 1018 3724 pace,
1041 3640 1081 3705 de
1104 3639 1225 3723 quibus
1253 3657 1320 3706 non

155 3831 345 3844 ——--.

186 3952 194 3985 ¹
213 3967 246 4003 ex
270 3957 355 4002 concl.
379 3967 402 4012 3.
436 3951 447 3986 ²
470 3957 488 4004 l.
512 3957 658 4004 naturalem.
677 3958 700 4013 5.
718 3956 764 4003 ult.
781 3954 807 4002 ff.
823 3956 854 4004 de
870 3967 926 4014 aeq.
944 3955 1013 4003 dom.
1033 3954 1077 4016 [D.
1094 3967 1136 4015 41.
1158 3968 1179 4004 1.
1199 3966 1222 4010 5·
1239 3957 1262 4012 §-
1280 3954 1319 4016 7.]

153 4040 163 4074 ³
185 4045 215 4092 V.
231 4047 262 4094 ad
285 4059 336 4104 reg.
361 4059 384 4107 9.
418 4044 429 4076 ⁴
453 4049 469 4093 l.
492 4044 558 4104 juste
582 4046 706 4106 possidet.
729 4045 755 4094 tf.
779 4048 810 4094 de
834 4059 890 4106 acq.
915 4058 984 4104 poss.
1004 4045 1049 4106 [D.
1066 4058 1107 4107 41.
1127 4059 1150 4094 α.
1172 4044 1320 4105 11.]l.qui

155 4146 264 4184 auctore.
280 4135 305 4182 ff.
329 4137 360 4184 de
384 4149 435 4196 req.
458 4135 505 4193 jur.
531 4137 574 4198 [D.
600 4149 639 4194 50.
666 4149 703 4194 17.
731 4136 799 4197 137].
833 4135 882 4184 Β1.
897 4149 920 4184 2.
938 4136 963 4184 ff.
982 4137 1013 4184 de
1032 4136 1064 4184 iis
1083 4135 1126 4196 qul
1146 4146 1202 4184 sunt
1219 4134 1258 4183 sui
1278 4138 1320 4184 vcl

155 4227 184 4272 al.
201 4223 273 4282 juris.
293 4223 336 4289 [D.
356 4240 376 4275 1.
392 4227 429 4288 6.]
454 4229 471 4274 l.
488 4229 622 4277 solvendo.
640 4227 666 4275 ff.
685 4228 715 4276 de
733 4241 788 4288 neg.
806 4239 868 4288 gest.
888 4227 931 4288 [D.
950 4239 974 4285 3.
993 4239 1016 4284 5.
1035 4225 1087 4290 ³9.]
1107 4228 1124 4274 l.
1143 4226 1277 4275 distractis.
1295 4237 1320 4273 et

155 4318 171 4364 l.
188 4317 339 4366 debitorem.
350 4319 379 4366 C.
397 4320 428 4367 de
446 4318 515 4378 pign.
532 4319 575 4380 [C.
593 4322 616 4367 8.
637 4332 674 4381 14.
697 4332 734 4380 14.
752 4331 777 4366 et
798 4317 849 4382 15.]
869 4320 885 4366 l.
904 4331 927 4375 3.
946 4319 975 4366 C.
993 4320 1024 4368 de
1042 4317 1079 4365 rei
1098 4317 1167 4366 vind.
1184 4313 1226 4380 [C.
1235 4329 1258 4373 3.
1267 4317 1319 4378 aa]

155 4409 256 4472 lvasq.
276 4423 356 4460 contr.
377 4411 414 4460 ill.
432 4414 450 4461 l.
474 4426 497 4460 a.
515 4425 536 4459 o.
554 4422 594 4466 sr.
611 4424 636 4458 n.
656 4422 696 4468 23·
731 4406 742 4442 ⁷
760 4410 790 4457 V.
808 4423 859 4470 reg.
878 4412 900 4456 8.
935 4407 946 4440 ⁸
964 4410 995 4456 V.
1010 4408 1036 4457 in
1050 4407 1128 4456 simili
1142 4407 1209 4457 vict.
1231 4421 1255 4455 n.
1279 4419 1321 4469 49.

157 4498 200 4550 ⁹1.
215 4501 240 4550 in
257 4499 325 4552 bello
341 4502 365 4550 ff.
384 4503 415 4552 de
434 4514 500 4564 capt.
518 4503 545 4551 in
562 4517 601 4565 pr.
620 4503 663 4565 [D.
681 4515 722 4564 49.
743 4513 781 4558 15.
802 4500 853 4564 ru]
