3316 5494
437 637 491 683 DF:
508 636 602 704 JURE
627 635 809 683 annuunt.
835 635 914 683 CAP.
939 635 986 682 tx.
1242 637 1301 702 123

128 813 194 878 pax
223 792 367 874 dicitur,
392 791 426 856 in
458 789 600 858 subditis
631 809 711 856 vero
743 789 899 856 adversus
926 788 1120 872 imperantes
1139 779 1311 871 promturi

126 904 338 987 obsequium.
382 902 434 968 De
457 901 582 985 priori,
607 900 698 983 quod
718 902 758 967 ad
779 901 961 968 voluntarie
987 911 1117 985 agentes
1140 900 1304 984 pertinet,

129 1016 223 1100 prius
253 1014 436 1081 videamus.
481 1013 548 1078 Pax
580 1011 682 1096 igitur
711 1011 840 1077 fructus
859 1012 1006 1096 justitiae
1030 1025 1096 1077 est:
1128 1025 1160 1075 et
1177 1011 1270 1076 Plato
1294 1015 1303 1048 ¹

126 1128 216 1211 leges
252 1145 326 1191 cum
359 1141 454 1190 verae
474 1121 622 1207 justitiae
653 1123 753 1206 gratia
780 1137 908 1188 etcum
931 1121 1021 1206 pacis
1043 1142 1118 1206 ergo
1139 1121 1305 1188 institutas

127 1237 232 1312 dicit,
258 1237 343 1302 idern
373 1233 544 1320 significat.
590 1234 674 1298 Vult
704 1232 822 1298 Cicero
844 1232 856 1268 ²
877 1233 920 1299 ita
951 1233 1071 1298 bellum
1094 1232 1243 1316 suscipi,
1268 1247 1306 1298 ut

126 1347 218 1413 ntitl
238 1346 339 1412 aliud
359 1367 459 1432 quam
478 1362 551 1434 parc
575 1349 728 1432 quaesita
758 1343 926 1414 rideatur.
972 1343 1037 1412 Sed
1065 1345 1142 1411 alibi
1162 1343 1173 1379 ³
1193 1365 1305 1429 pacem

125 1479 194 1525 non
226 1459 309 1524 dicit
341 1476 415 1550 esse¹
433 1457 599 1523 dicendam
631 1476 699 1522 eam
726 1476 809 1538 quae
827 1464 942 1542 pactio
965 1459 1009 1521 sit
1030 1459 1225 1536 seruitutis,
1248 1456 1307 1522 sed

126 1553 356 1655 trauquillam
380 1568 580 1634 libertatem.
625 1568 715 1634 Idem
739 1576 750 1611 ⁴
775 1581 951 1649 utrumque
983 1567 1174 1652 conjungit:
1205 1571 1305 1632 susci·

123 1679 251 1768 pianda
273 1680 360 1746 bella
381 1694 459 1745 suut
482 1681 518 1744 ob
538 1701 608 1745 eam
628 1699 783 1761 causam,
798 1692 835 1744 ut
858 1682 928 1743 siae
948 1679 1081 1763 injuria
1099 1681 1135 1743 iu
1152 1693 1237 1764 pace
1255 1682 1306 1746 ui·

127 1806 246 1860 tatur.
295 1791 464 1874 Sapientes
485 1791 607 1874 Crispo
629 1793 785 1857 auctore⁵
802 1793 899 1875 pacis
921 1810 1023 1854 causa
1045 1788 1163 1854 bellum
1181 1803 1306 1876 gerunt

129 1917 159 1967 et
182 1902 330 1967 laborem
352 1919 405 1988 spe
428 1906 488 1966 otii
508 1916 720 1968 sustentant:
753 1901 811 1967 sed
834 1901 1064 1984 interpretatur
1086 1900 1155 1984 ipse
1176 1899 1207 1978 ⁰,
1232 1919 1305 1965 cum

124 2126 264 2210 piabant
291 2136 433 2209 praeter
460 2124 609 2208 iujuriae
638 2123 818 2188 licentiam.
864 2111 953 2187 Inter
974 2121 1147 2207 theologos
1171 2123 1305 2207 Augus·

130 2236 220 2302 tinus
243 2235 255 2275 ⁷
280 2257 343 2299 aaa
376 2249 491 2320 pacem
523 2238 644 2320 quaeri
676 2234 743 2314 ait,
778 2247 815 2297 ut
849 2232 969 2298 bellum
1000 2248 1221 2316 exerceatur,
1253 2234 1310 2300 sed

131 2346 250 2412 bellum
272 2349 370 2432 geri,
392 2360 430 2410 ut
446 2359 521 2430 pua
543 2349 761 2431 acquiratur.
786 2345 853 2408 Pax
876 2357 983 2409 autem
1007 2344 1054 2409 illi
1075 2344 1195 2411 dicitur
1218 2344 1308 2410 ordi-

132 2471 215 2522 nata
238 2456 415 2522 concordia
434 2462 457 2525 ⁸.
503 2456 549 2522 Et
567 2471 694 2522 veteres
719 2455 866 2538 theologi
884 2457 894 2490 ¹
915 2455 955 2520 ad
975 2455 1142 2521 historiam
1164 2457 1308 2523 Melchi-

132 2567 239 2632 sedeci
262 2567 427 2650 explicant
445 2586 555 2650 pacem
576 2581 608 2630 et
626 2566 787 2661 justitiam
810 2585 876 2632 non
898 2585 946 2644 re,
967 2566 1025 2632 sed
1043 2567 1230 2634 nominibus
1243 2568 1307 2634 dif-

132 2678 224 2745 ferre.
268 2677 349 2745 Non
379 2678 480 2764 igitur
509 2698 571 2761 pax
604 2679 842 2760 qualiscunque
874 2676 1007 2742 bellanti
1038 2678 1205 2760 proposita
1238 2700 1307 2748 esse

134 2791 253 2870 debet,
281 2790 339 2856 sed
358 2811 394 2856 ea
424 2791 577 2871 demum,
602 2810 685 2871 quae
715 2789 804 2873 justa
827 2802 925 2870 atque
956 2788 1090 2854 honesta
1116 2805 1173 2856 est.
1219 2790 1306 2859 Nam

135 2901 257 2984 alioqui
281 2901 402 2967 frustra
433 2901 517 2967 bella
540 2901 804 2984 susciperentur,
829 2919 912 2981 quae
942 2913 1010 2964 tum
1039 2898 1104 2965 fere
1127 2902 1306 2968 necessitas

135 3012 309 3095 exprimit,
333 3033 407 3078 cum
429 3012 569 3098 dantur,
595 3026 632 3077 ut
650 3013 709 3077 ille
732 3014 757 3052 ¹⁰
787 3010 856 3091 ait,
881 3011 970 3098 juia
1004 3014 1108 3075 armis
1142 3016 1305 3080 sacriora.

137 3123 290 3189 Cavenda
302 3123 402 3208 igitur
420 3145 485 3207 pax
496 3173 505 3202 ,
516 3137 667 3190 monente
680 3121 795 3189 Tullio
810 3123 857 3201 ¹¹,
883 3141 966 3203 quae
982 3120 1116 3188 insidias
1133 3123 1305 3190 contineat.

137 3234 198 3298 Est
220 3239 304 3300 caim
323 3251 407 3321 pace
429 3248 491 3300 aut
514 3237 635 3299 misera
659 3246 720 3298 cut
739 3246 887 3318 suspecta
912 3235 1019 3298 tutius
1046 3232 1185 3318 bellum,
1208 3234 1306 3300 Taci-

137 3361 170 3412 to
190 3345 213 3381 ¹¹
232 3366 376 3413 suasore.
422 3344 654 3412 Demosthenis
685 3342 848 3430 egregium
878 3358 928 3409 est
956 3343 1079 3409 dictum
1111 3348 1237 3428 aitrau
1265 3349 1335 3416 iu»

136 3462 208 3539 δοξος
230 3462 336 3542 cipitur
358 3463 484 3542 αἰσχρᾶς
496 3461 684 3541 αἱρετώτερος.
709 3454 836 3520 Bellum
850 3455 1031 3542 gloriosum
1038 3469 1103 3540 pro
1115 3460 1211 3542 turpi
1224 3472 1308 3543 pace
1344 3539 1350 3552 ἡ

136 3568 214 3655 eligi
239 3567 343 3634 debet.
370 3567 587 3654 Thucydides
601 3568 623 3602 ¹³
637 3567 732 3634 etiam
757 3566 838 3632 bello
862 3565 941 3631 dicit
958 3579 1074 3652 pacem
1096 3563 1306 3650 constrincti:

138 3769 204 3779 -a—
210 3768 328 3778 ..ι-ι...-

170 3898 178 3931 ¹
197 3903 229 3950 de
244 3903 309 3962 legg.
327 3904 344 3949 l.
365 3915 386 3950 1.
402 3899 439 3965 [p.
459 3902 516 3950 628.
541 3901 576 3963 α]
597 3901 675 3950 Arist.
694 3904 725 3951 de
743 3915 796 3962 rep.
814 3903 831 3949 l.
849 3913 873 3958 7.
892 3914 915 3948 c.
938 3911 975 3956 ιε.
1002 3899 1040 3961 [p.
1069 3912 1133 3961 1334
1153 3915 1174 3949 1.
1192 3916 1231 3950 vs.
1251 3901 1303 3966 aa]

136 3989 195 4040 ¹de
213 3991 290 4040 offil.
311 4005 331 4040 1.
357 3992 391 4054 [o.
417 4005 457 4050 2³·
480 3996 501 4051 §-
528 3992 580 4056 δα]
617 3991 709 4041 ³Phll.
738 4005 775 4041 ια.
799 3990 834 4055 [c.
851 3992 874 4040 6.
893 3994 914 4049 §-
935 3989 986 4052 14.]
1022 3988 1082 4039 ¹de
1110 3991 1152 4039 off.
1180 3994 1197 4040 1.
1224 4006 1246 4040 1.
1271 3993 1307 4054 [c.

140 4096 177 4131 ιι.
196 4087 217 4142 §.
236 4083 288 4143 ³5·]
323 4081 334 4112 ⁵
352 4085 421 4132 Orat.
439 4084 470 4132 ad
488 4085 560 4132 Caes.
580 4083 618 4144 [1.
638 4096 660 4131 c.
678 4083 714 4144 6.]
733 4083 744 4116 ⁶
761 4085 816 4146 Jug.
837 4080 919 4145 [Haec
936 4095 988 4130 non
1006 4083 1123 4142 leguntur
1140 4082 1167 4130 in
1178 4084 1308 4145 Jugurtha,

138 4175 182 4223 sed
199 4174 226 4222 ln
240 4172 357 4222 Catilina.
377 4187 400 4222 c.
423 4155 473 4235 ta]
509 4169 520 4210 ⁷
538 4175 584 4235 Ep.
601 4187 622 4222 r.
637 4175 668 4222 ad
685 4173 770 4222 Bonis.
789 4172 881 4221 citatur
899 4172 925 4220 in
944 4184 966 4220 c.
981 4172 1044 4220 noli.
1061 4173 1149 4234 [Dect.
1162 4174 1231 4220 Grat.
1247 4187 1273 4233 p.
1284 4187 1307 4220 α,

140 4277 178 4321 23·
198 4277 219 4312 1.
239 4263 275 4328 3.]
311 4263 323 4297 ⁸
340 4264 441 4314 dcciv.
459 4267 529 4321 l.1s.
562 4263 574 4298 ⁹
591 4267 638 4326 Ep.
656 4267 687 4314 ad
705 4265 782 4314 Hebr.
801 4277 824 4323 7.
843 4278 866 4313 a.
882 4275 906 4312 ct
922 4266 1002 4313 Clem.
1018 4267 1107 4312 strom.
1123 4265 1139 4310 l.
1156 4275 1180 4324 4.
1197 4263 1235 4324 [p.
1251 4276 1307 4321 231.

140 4369 177 4404 vs.
205 4369 244 4404 ιι.
263 4347 319 4416 sqq'.
339 4353 418 4417 syth]
456 4353 477 4387 ¹⁰
500 4357 595 4406 Florus.
623 4355 703 4418 [Epir.
726 4356 787 4405 bell.
813 4369 880 4404 omn.
905 4369 929 4417 4.
957 4355 1007 4419 ra]
1044 4353 1064 4386 ¹¹
1092 4354 1166 4415 [haec
1187 4354 1307 4404 videntur

141 4457 252 4506 spectare
277 4448 361 4495 locum
388 4446 443 4495 Cic.
468 4448 499 4496 de
523 4447 565 4497 off.
583 4449 600 4496 l.
623 4461 643 4496 1.
661 4461 684 4498 c.
705 4461 743 4498 ιι.
761 4451 782 4506 ς.
800 4445 851 4510 aa]
890 4443 910 4514 ¹²
928 4447 994 4496 dnn.
1018 4447 1034 4494 l.
1054 4457 1076 4502 3·
1102 4455 1127 4493 et
1150 4444 1215 4493 Hist.
1241 4448 1258 4494 l.
1282 4459 1308 4507 4.

144 4535 177 4596 tc.
194 4536 246 4600 a]
285 4535 304 4570 ¹³
322 4539 339 4585 1·
361 4551 382 4585 1·
402 4535 438 4602 tc·
458 4538 509 4600 aa]
