3362 5504
685 604 893 646 nocumuunn.
1314 611 1371 670 347

201 775 261 848 ipsa
293 775 450 850 Hispania,
479 791 564 849 quarn
593 775 623 833 in
653 777 813 851 provinciis
845 778 969 853 Belgicis
1002 796 1060 837 non
1088 783 1179 839 solum
1198 781 1228 839 vi
1250 793 1279 841 et
1301 780 1371 844 dolo

201 881 304 954 Belgas
335 891 501 955 ceterasque
531 882 662 940 nationes
688 899 704 940 a
727 883 911 956 navigatione
933 894 962 940 et
980 885 1159 942 commerciis
1181 887 1371 959 prohibeant,

200 985 368 1058 navigantes
389 985 511 1058 superbe
529 1002 563 1043 ac
584 984 743 1044 crudeliter
764 996 907 1054 tractent,
929 1002 1015 1044 naves
1037 996 1065 1044 et
1083 1003 1191 1046 merces
1203 989 1371 1062 publicent,

199 1087 248 1145 sed
275 1089 362 1147 etiam
390 1087 484 1148 datam
509 1087 594 1148 fidem
616 1101 692 1149 terra
713 1091 843 1163 marique
864 1091 997 1158 violent,
1016 1091 1073 1150 hoc
1096 1093 1212 1163 colore,
1232 1093 1310 1168 quod
1334 1093 1370 1153 ad

199 1192 278 1250 hune
307 1190 384 1250 diem
415 1193 519 1267 opibus
547 1194 664 1252 illorum
690 1205 720 1252 et
751 1192 889 1267 perfidiae
920 1195 1100 1265 resistamus,
1130 1211 1184 1253 nec
1205 1198 1369 1270 provincias

199 1294 359 1354 foederatas
389 1297 543 1371 tyrannico
573 1309 603 1356 et
634 1297 759 1371 superbo
791 1298 987 1372 Hispanorum
1008 1297 1139 1357 dominio
1159 1298 1256 1358 addici
1277 1303 1369 1375 patia-

198 1416 281 1469 mur,
311 1412 406 1458 tamen
437 1402 549 1459 tristem
581 1402 659 1460 hunc
690 1413 720 1459 et
748 1417 864 1474 gravem
893 1417 988 1459 rerum
1009 1413 1116 1461 statum
1137 1405 1263 1462 animum
1285 1406 1368 1464 nobis

198 1502 322 1563 adimere
353 1505 514 1563 noluimus:
546 1506 621 1578 imo,
649 1506 700 1579 qui
726 1521 783 1580 ope
803 1504 903 1564 divina
923 1515 953 1564 et
974 1507 1089 1564 auxiliis
1112 1508 1185 1581 regis
1205 1509 1367 1567 Britannici

197 1618 286 1682 atque
313 1609 435 1668 aliorum
467 1609 656 1683 Principum,
686 1609 818 1683 inprimis
847 1607 920 1668 vero
941 1620 1058 1668 strenua
1080 1627 1113 1668 ac
1133 1614 1280 1670 constanti
1302 1631 1368 1672 nos-

198 1701 316 1770 tratium
343 1729 431 1786 opera
450 1713 619 1782 sustentati,
640 1729 693 1787 per
713 1714 820 1771 multos
840 1713 896 1786 jam
916 1730 1007 1771 annos
1030 1715 1160 1772 consiliis
1182 1716 1299 1774 illorum
1321 1734 1367 1775 su·

197 1816 294 1888 perbis
312 1827 342 1874 et
362 1817 473 1874 nomini
493 1816 661 1874 Christiano
682 1817 792 1890 ubique
817 1817 961 1876 nocituris
983 1817 1156 1888 restitimus,
1177 1818 1292 1878 tandem
1311 1822 1367 1896 ipsi

199 1920 344 1994 Hispanos
374 1923 454 1978 ultro
481 1921 511 1978 in
543 1922 638 1993 regnis
659 1931 689 1979 et
719 1922 842 1978 coloniis
864 1922 921 1979 suis
941 1933 1039 1995 petere
1061 1920 1256 1994 decrevimus,
1276 1936 1367 1998 atquc

197 2025 238 2082 ita
259 2040 317 2081 non
344 2027 436 2082 solum
464 2023 599 2082 damnosa
619 2025 736 2083 illorum
758 2025 880 2083 consilia
898 2024 1057 2101 impedire,
1078 2025 1127 2084 sed
1146 2043 1261 2101 operam
1281 2027 1367 2099 dare,

197 2139 231 2185 ut
251 2127 330 2186 bello
349 2127 469 2202 publico
489 2139 520 2186 et
537 2129 671 2202 privato,
693 2129 785 2202 copiis
805 2129 955 2186 maritimis
975 2140 1005 2188 et
1028 2129 1211 2188 terrestribus
1227 2143 1256 2190 et
1267 2133 1368 2191 amissa

198 2247 398 2305 recuperemus
425 2243 455 2289 et
485 2232 612 2289 vicissim
639 2231 741 2290 damna
760 2232 923 2291 inferamus.
965 2234 1116 2307 Speremus
1134 2246 1230 2293 autem
1250 2237 1312 2294 fore
1333 2247 1367 2295 ut

197 2337 276 2394 Deus
306 2347 421 2394 nostrae
446 2353 546 2394 causae
573 2337 668 2394 faveat
687 2353 720 2394 ac
741 2336 905 2410 provincias
922 2335 1080 2395 foederatas
1103 2339 1298 2412 Hispanorum
1320 2350 1366 2414 ty·

198 2439 317 2498 rannide
345 2440 465 2510 liberet,
486 2451 577 2513 utque
598 2441 715 2515 insuper
740 2441 925 2515 Principibus
946 2452 975 2499 et
997 2443 1165 2500 civitatibus
1187 2444 1366 2502 Germanicis

195 2544 304 2601 animos
322 2542 408 2602 addat
429 2545 520 2616 iisque
542 2543 712 2618 persuadeat
732 2562 805 2620 opus
827 2562 901 2614 esse,
923 2556 957 2604 ut
979 2546 1063 2604 rebus
1084 2547 1142 2606 suis
1163 2547 1316 2606 attendant
1336 2561 1365 2607 et

196 2649 374 2723 Hispanose
395 2649 452 2706 suis
474 2649 559 2706 terris
579 2659 609 2706 et
631 2665 646 2706 e
667 2651 827 2724 provinciis
859 2651 984 2724 Belgicis
1016 2652 1188 2725 expellant,
1216 2652 1274 2724 Ipsi
1293 2667 1367 2710 vero

196 2763 231 2811 ut
258 2753 299 2810 rei
326 2754 474 2811 communi
500 2753 591 2827 iustae
617 2765 648 2811 et
678 2755 851 2811 necessariae
879 2756 1077 2823 consulamus,
1107 2754 1228 2812 omnino
1250 2770 1364 2813 necesse

194 2856 329 2914 habemus
355 2856 525 2929 prohibere,
552 2857 706 2929 quominus
734 2858 929 2930 inposterum
955 2873 1041 2914 naves
1060 2855 1096 2914 ad
1119 2858 1264 2932 Hispanos
1286 2875 1364 2916 corn-

193 2972 289 3018 meent
310 2970 360 3018 aut
378 2977 485 3018 merces
506 2972 583 3019 terra
603 2961 711 3018 marive
729 2959 765 3018 ad
782 2977 830 3018 eos
851 2958 1049 3019 devehantur:
1069 2961 1125 3018 hoc
1141 2962 1217 3020 enim
1236 2963 1265 3020 in
1285 2962 1364 3020 bello

194 3079 253 3122 non
285 3075 397 3122 tantum
423 3064 488 3138 jure
514 3064 643 3138 gentium
674 3064 787 3123 licitum
808 3075 868 3134 est,
888 3063 1042 3122 sedetiam
1065 3065 1176 3138 legibus
1198 3067 1315 3140 Imperii
1333 3079 1363 3126 et

192 3168 323 3226 omnium
346 3168 455 3241 ubique
473 3168 643 3242 Principum
662 3179 692 3226 et
711 3169 864 3226 civitatum
882 3167 943 3226 fieri
965 3171 1056 3236 solet,
1072 3179 1101 3227 et
1121 3169 1267 3243 prioribus
1284 3168 1363 3228 edic-

193 3273 230 3330 tis
247 3273 354 3331 nostris
374 3283 404 3330 et
425 3274 540 3345 reginae
561 3273 729 3330 Britanniae
749 3273 790 3330 ita
809 3257 1006 3330 ¹constitutum
1028 3283 1088 3330 est:
1110 3284 1257 3347 praeterea
1279 3276 1362 3332 nolu-

191 3393 254 3434 mus
285 3377 315 3433 in
347 3388 495 3449 posterum
527 3393 697 3450 quemquam
724 3373 760 3435 de
781 3376 824 3433 his
847 3375 931 3434 terris
949 3374 1123 3447 foederatis,
1143 3375 1211 3435 dum
1233 3378 1362 3451 negotia-

192 3480 281 3538 tionis
310 3483 356 3539 vel
388 3481 558 3554 piscationis
589 3481 680 3554 gratia
708 3481 778 3538 mari
807 3482 854 3538 vel
884 3478 1099 3538 mediterraneis
1130 3482 1213 3553 aquis
1244 3493 1362 3549 utatur,

191 3582 268 3641 falsis
298 3584 426 3642 hostiurn
457 3583 622 3659 diplomatis
643 3595 672 3642 et
693 3584 785 3642 literis
806 3582 920 3658 decipi3
951 3583 1031 3658 quod
1052 3587 1201 3643 nonnullis
1222 3583 1361 3644 accidisse
1439 3597 1441 3604 ’

190 3685 353 3747 audivimus
371 3699 473 3747 contra
494 3688 741 3762 exspectationem
763 3699 900 3746 nostram.

231 3792 333 3865 ltaque
361 3790 397 3850 de
427 3793 568 3851 sententia
599 3791 742 3864 Principis
768 3791 920 3861 Mauritii,
941 3792 1079 3864 praefecti
1097 3793 1228 3850 classium
1250 3794 1361 3861 nostri,

188 3896 320 3970 jubemus
348 3912 447 3954 omnes
476 3897 605 3955 homines
625 3911 781 3968 omnesque
800 3911 861 3964 res,
882 3911 954 3968 quae
980 3896 1010 3954 in
1030 3911 1120 3968 regno
1139 3895 1295 3968 Hispaniae
1316 3897 1360 3954 in·

189 4000 365 4068 veniuntur,
386 4016 560 4073 quocunque
588 4002 655 4057 loco
682 4015 727 4056 eas
757 3999 787 4056 in
810 4009 982 4072 potestatem
1005 4009 1131 4056 nostram
1151 3997 1358 4072 redegerimus,

189 4101 321 4177 praedam
354 4114 480 4161 nostram
501 4119 579 4160 esse:
601 4114 729 4161 vetamus
751 4118 941 4175 quemquam,
962 4100 1159 4175 undecunque
1181 4103 1219 4159 sit
1240 4104 1287 4159 vel
1308 4119 1358 4159 cu-

187 4207 350 4282 juscunque
375 4205 572 4275 conditionis,
593 4205 628 4264 ad
655 4217 758 4280 portus
778 4208 825 4263 vel
847 4204 955 4280 oppida
975 4206 1101 4264 hostium
1122 4216 1198 4264 terra
1219 4208 1266 4262 vel
1286 4207 1356 4263 mari

187 4315 251 4371 ullo
272 4321 425 4386 praetextu
446 4309 603 4385 quidquam
626 4309 837 4378 transmittere,
859 4310 920 4366 sive
942 4325 1028 4366 naves
1049 4309 1128 4377 sint,
1149 4308 1210 4367 sive
1230 4324 1357 4378 merces,

187 4419 248 4475 sive
268 4418 323 4474 alia
342 4417 438 4474 bona:
459 4413 562 4488 quodsi
579 4416 643 4487 quis
664 4413 693 4474 id
716 4415 896 4488 neglexerit,
911 4413 1102 4472 mulctabitur
1122 4413 1265 4474 mercibus
1289 4414 1356 4487 ipsis
