3316 5494
491 659 537 704 ns
560 654 655 719 Juus
682 658 864 707 masona.
889 659 968 706 cao.
992 659 1026 704 x.
1259 656 1318 734 129

144 814 285 881 dicitur:
318 833 459 898 quorum
489 830 667 900 utrumque
696 814 854 901 injustum
886 834 956 882 esse
988 814 1116 882 Socrati
1147 813 1181 880 in
1212 813 1318 897 primo

144 925 289 993 Politice
318 925 498 1010 disputanti
529 933 537 968 ¹
566 925 741 993 credimus.
786 927 859 992 Nec
893 926 1010 1012 effugit
1042 926 1317 1010 philosophorum
1416 945 1419 952 ·

143 1051 257 1104 notam
286 1036 446 1104 Pindarus
464 1041 497 1118 ²,
521 1056 594 1102 cum
623 1037 775 1104 dixisset:
802 1043 859 1124 toti
886 1043 916 1108 δὲ
943 1044 1004 1107 noio
1025 1038 1126 1123 ἔρδοντ’
1147 1043 1319 1122 ἀμαυρῶσαι

143 1153 196 1217 τὸν
221 1152 328 1234 ἐχθρόν.
359 1145 500 1231 Quidvis
517 1149 637 1233 soccrc
654 1162 780 1235 oportet
808 1163 846 1214 nt
874 1149 1044 1236 inimicum
1062 1148 1197 1235 perdas.
1244 1145 1318 1234 Ego

146 1274 183 1324 et
204 1258 356 1325 Tullium
374 1257 387 1293 ⁸
406 1259 523 1326 audio:
556 1261 642 1326 Sunt
672 1273 783 1326 cotom
814 1259 977 1345 quaedam
1011 1259 1112 1348 officia
1134 1263 1235 1326 ctiam
1258 1258 1319 1326 od·

144 1389 262 1438 vorsus
283 1391 332 1436 cos
351 1370 541 1452 servanda,
565 1392 586 1437 o
606 1371 724 1457 quibus
743 1372 907 1456 injuriam
926 1375 1102 1457 occeperis.
1150 1371 1216 1436 Est
1234 1375 1318 1436 enim

145 1479 330 1547 ulciscendi
362 1493 394 1546 ot
418 1480 582 1566 puniendi
610 1482 733 1549 modus.
778 1481 825 1548 Et
842 1497 893 1562 te,
917 1482 1057 1548 secunde
1076 1483 1237 1562 Romule,
1261 1481 1319 1563 qui

144 1611 222 1658 cum
246 1591 513 1678 ludimagistrum
529 1592 709 1658 remitteres
728 1599 759 1658 ⁸:
789 1594 924 1675 Nobis,
954 1593 1085 1680 ajebas,
1120 1608 1152 1658 ct
1176 1593 1319 1659 Faliscis

144 1723 235 1788 quoe
255 1714 356 1788 pacto
379 1699 422 1786 fit
451 1705 594 1769 hnmano
619 1707 756 1770 societas
786 1726 849 1769 non
877 1719 948 1771 cst:
978 1726 1077 1791 quom
1106 1709 1319 1790 ingeneravit

146 1827 279 1880 notura
300 1817 416 1899 otique
435 1827 505 1896 cst,
528 1819 681 1901 critque:
704 1830 783 1881 sont
806 1831 837 1881 ct
858 1815 936 1882 belli
954 1820 1040 1882 sicot
1066 1830 1097 1881 ct
1110 1820 1207 1902 pacis
1216 1818 1317 1902 jora.

146 1924 222 1990 Nec
244 1923 309 1991 alio
325 1924 427 2009 magis
438 1925 569 1991 nomine
582 1926 767 1992 Fabricium
780 1927 892 1993 laudat
903 1927 1069 2007 Seneca·,
1093 1928 1168 1991 boni
1178 1927 1320 2014 exempli

145 2049 312 2101 tenacem:
345 2034 434 2122 qood
458 2035 685 2124 difficillimum
717 2052 787 2118 ott,
822 2041 858 2103 in
890 2037 971 2104 bollo
1005 2042 1228 2105 innocentem:
1261 2042 1320 2125 qui

147 2145 291 2232 aliquod
317 2165 381 2212 csso
411 2146 560 2213 crederet
594 2151 695 2214 ctiam
727 2152 764 2214 t'n
787 2151 892 2214 hoster
915 2143 1022 2233 nefas.
1069 2148 1176 2215 Tollit
1196 2149 1318 2215 bellum

145 2258 410 2326 communionem
443 2259 597 2339 civilem,
633 2278 699 2326 non
732 2259 819 2325 illam
852 2259 986 2326 humani
1020 2259 1158 2344 generis.
1204 2261 1321 2328 Manet

146 2368 249 2454 igitur
284 2368 378 2435 etiam
413 2372 466 2436 lex
499 2385 639 2454 quarta,
671 2369 737 2438 nisi
769 2386 931 2454 quatenus
965 2371 1107 2438 secunda
1139 2373 1315 2455 praevalet.

148 2480 319 2547 Secundae
350 2495 457 2548 autem
490 2482 541 2548 vis
561 2496 610 2559 ,ut
641 2481 804 2562 diximus,
837 2482 870 2548 in
903 2482 1018 2566 quinta
1050 2482 1147 2550 etiam
1176 2499 1320 2552 etsexta

148 2591 339 2659 includitur.
384 2592 482 2659 Unde
513 2594 663 2677 sequitur
683 2613 750 2660 rem
773 2593 924 2660 hostilem
947 2594 1012 2662 nisi
1034 2594 1077 2660 ob
1098 2594 1254 2661 debitum·
1268 2615 1319 2660 ac·

149 2704 236 2787 quiri
254 2723 321 2770 non
340 2723 455 2788 posse,
479 2706 543 2771 hoc
562 2720 628 2786 est,
653 2719 778 2788 praeter
795 2705 1034 2789 possessionem
1054 2705 1171 2772 debere
1190 2725 1318 2772 causam

146 2815 324 2896 accedere,
338 2815 429 2897 quod
440 2835 636 2898 quamquam
649 2815 726 2883 alibi
749 2817 1005 2883 demonstratum
1027 2828 1117 2899 θεῖ’,
1130 2818 1193 2884 hoc
1212 2793 1320 2884 tamen

146 2929 220 2992 loco
243 2941 389 3010 repetere
418 2946 484 2993 non
506 2929 562 2993 abs
585 2948 619 2992 re
641 2927 717 2994 fuit.
762 2927 814 2992 De
837 2929 953 3011 praeda
977 2927 1078 3013 igitur
1100 2929 1176 2994 belli
1200 2928 1318 3011 privati

145 3038 199 3103 cui
221 3052 397 3121 quaeratur
415 3037 593 3106 videamus.
618 3038 684 3105 Sed
702 3037 854 3121 quisquis
876 3039 938 3104 hoc
962 3038 1109 3121 quaerit,
1133 3038 1160 3104 is
1179 3039 1317 3123 primum

135 3148 230 3242 ‚illud
262 3169 383 3234 ponere
415 3149 548 3216 videtur
579 3152 635 3234 jus
665 3150 802 3232 aliquod
832 3149 968 3233 praedae
1000 3169 1040 3214 ex
1071 3151 1158 3216 bello
1189 3151 1317 3234 privato

145 3260 244 3327 oriri:
279 3261 370 3343 quod
400 3261 591 3345 interpretes
619 3261 768 3345 plerique
797 3279 959 3326 canonum
990 3275 1023 3327 et
1050 3263 1180 3347 legum,
1205 3278 1237 3328 et
1259 3263 1316 3346 qui

146 3372 224 3440 belli
246 3373 320 3456 iura
342 3386 520 3438 tractarunt
537 3371 691 3438 videntur
710 3391 825 3456 negare
835 3378 857 3437 ⁷.
882 3371 1074 3455 Aliquoties
1090 3374 1155 3458 jam
1175 3373 1317 3442 diximus
1331 3373 1476 3422 Paratae...

147 3504 212 3551 non
238 3503 326 3565 esse,
349 3503 407 3550 cur
427 3484 523 3550 nobis
545 3502 671 3566 semper
693 3486 819 3567 placere
843 3482 959 3549 debeat
981 3484 1112 3551 illorum
1135 3488 1316 3569 sententia,

147 3595 205 3676 qui
227 3594 374 3663 contenti
393 3594 478 3680 juris
500 3594 608 3661 civilis
640 3594 826 3680 cognitione
850 3613 908 3675 ea,
933 3615 1017 3678 quae
1035 3596 1118 3680 juris
1141 3598 1316 3682 gentium·

148 3720 247 3787 sunt,
278 3725 317 3772 ex
347 3705 433 3773 veris
458 3705 627 3790 principiis
651 3705 776 3772 discere
798 3705 1063 3788 supersederunt.
1109 3707 1156 3774 Et
1176 3724 1318 3776 meretur

147 3816 200 3882 lric
222 3817 387 3884 observari
410 3817 493 3883 ratio
516 3816 693 3884 definiendi
717 3837 800 3900 quae
823 3838 841 3882 a
865 3818 971 3884 Fabro
992 3818 1135 3887 affertur.
1180 3821 1213 3889 Is
1233 3821 1318 3889 enim

180 4009 279 4066 'Plato
297 4019 327 4066 de
343 4031 397 4079 rep.
417 4031 438 4068 t·
458 4018 496 4080 [m
515 4031 571 4076 ³³5·
589 4018 612 4068 d·
630 4015 665 4080 n]
693 4014 859 4080 ²[1stlrm.4.
876 4032 914 4068 vs.
933 4018 985 4081 aa]
1013 4013 1073 4068 ⁸de
1089 4017 1134 4068 off.
1152 4019 1169 4067 l.
1190 4033 1210 4068 1.
1233 4015 1320 4084 [c.11‚

147 4109 168 4165 5.
187 4107 239 4168 sn]
279 4103 361 4156 ⁴Liv.
379 4111 395 4156 l.
415 4121 437 4164 s.
457 4109 492 4170 [c.
509 4110 561 4171 an]
596 4108 671 4170 ⁶Ep.
703 4123 757 4158 120.
791 4107 898 4169 ⁶princ.
916 4121 939 4158 e.
957 4121 981 4170 4.
1023 4105 1107 4157 ilnn.
1128 4121 1153 4157 et
1179 4111 1237 4158 Pan.
1254 4109 1280 4158 ln
1297 4124 1320 4159 c.

147 4196 217 4246 olim.
236 4200 268 4247 de
291 4210 350 4247 rest.
372 4201 438 4260 spol.
458 4200 597 4262 [Decretsl.
615 4209 638 4248 t.
659 4212 697 4258 ¹³·
718 4199 768 4261 rm]
787 4210 811 4248 et
830 4195 989 4248 incolent.
1008 4199 1039 4248 de
1056 4197 1161 4256 jurejur.
1180 4197 1320 4263 [Decretal.

148 4299 170 4335 a.
189 4299 229 4348 24.
248 4288 300 4350 ap]
325 4291 391 4337 Bart.
412 4292 444 4338 ad
469 4292 487 4338 l.
509 4293 605 4339 hostes.
629 4290 655 4338 ff.
678 4292 709 4340 de
732 4301 800 4351 capt.
821 4290 865 4351 [D.
882 4303 923 4352 49.
943 4303 982 4346 rs.
1000 4290 1054 4352 ap]
1072 4289 1123 4352 Jss.
1140 4289 1166 4338 in
1184 4292 1201 4338 l.
1218 4303 1249 4339 ex
1268 4293 1320 4339 ltoc

147 4376 211 4434 iure.
227 4379 254 4426 ff.
271 4378 478 4438 denotatione
495 4379 540 4444 [D.
559 4394 581 4429 1.
598 4394 619 4429 1.
633 4381 671 4443 5·]
690 4381 777 4430 Franc.
796 4380 869 4429 Arias
888 4380 915 4429 in
933 4391 1005 4430 tract.
1023 4383 1055 4430 de
1072 4381 1141 4429 bello
1160 4384 1182 4441 ς.
1200 4381 1318 4430 debello

148 4469 300 4530 particulari.
326 4469 433 4535 [Ocean.
456 4469 505 4529 jur.
529 4475 583 4521 vol.
610 4473 648 4524 1⁶.
673 4487 699 4533 p.
725 4484 783 4530 aas.
809 4471 877 4535 sqq.]
913 4473 1006 4522 ⁸lnrt.
1025 4474 1057 4522 de
1075 4485 1123 4520 rer.
1144 4471 1197 4522 div.
1216 4475 1238 4531 5.
1258 4472 1319 4520 item

150 4573 211 4618 quae
226 4562 256 4610 ab
274 4564 357 4610 hoste.
375 4561 407 4625 [1.
425 4574 447 4610 a.
466 4576 487 4611 1.
505 4565 527 4620 5.
547 4562 596 4626 17.]

1164 4672 1183 4736 9
