3362 5504
441 609 488 654 un
511 611 604 677 Junn
631 603 816 657 annunlio.
842 611 925 657 cna.
949 611 1032 659 x111.
1261 613 1324 678 299

149 764 318 846 laborare,
343 764 388 830 ita
409 781 441 831 et
460 765 701 833 Hollandorum
722 766 893 832 laudabilis
912 767 1017 850 pietas
1036 767 1070 832 in
1082 788 1120 834 eo
1132 767 1318 852 adjuvando

150 875 226 942 fuit.
282 877 357 942 Nec
394 897 470 944 sane
502 878 683 960 quidquam
711 879 812 964 magis
843 879 976 944 interest
1006 900 1101 946 verae
1131 882 1325 965 religionis,

152 1009 250 1072 quam
283 988 372 1054 istud
402 989 487 1054 fieri.
545 990 704 1055 Servandi
744 1006 821 1056 sunt
852 991 1025 1073 homineS,
1062 1012 1102 1056 ne
1134 1013 1208 1058 curn
1244 993 1326 1077 ipsis

149 1102 208 1184 (ut
235 1101 345 1166 Patres
375 1102 539 1183 quondam
569 1102 809 1188 loquebantur)
840 1123 914 1186 spes
938 1103 1165 1188 exstinguatur
1188 1124 1326 1171 conver-

150 1212 265 1278 sionis.
313 1212 452 1278 Ostendi
478 1213 568 1280 Indis
597 1214 716 1296 debet,
746 1215 828 1296 quid
855 1216 900 1280 sit
920 1236 990 1282 esse
1010 1216 1260 1299 Christianum,
1284 1239 1326 1284 ne

149 1340 268 1409 putent
298 1325 504 1391 Christianos
537 1345 649 1392 omnes
671 1327 736 1399 hoc
755 1345 824 1392 esse
847 1328 937 1410 quod
958 1327 1136 1412 Hispanos.
1182 1329 1327 1397 Videant

149 1439 343 1524 religionem
366 1436 435 1506 sine
456 1438 662 1521 simulacris,
693 1454 907 1505 mercaturam
928 1441 999 1506 sine
1020 1440 1215 1524 fraudibus,
1240 1463 1326 1509 arma

151 1551 221 1616 sine
250 1550 389 1636 injuriis.
445 1551 662 1618 Admirentur
699 1550 818 1634 fidem,
848 1572 930 1634 quae
959 1553 1082 1638 negligi
1112 1569 1202 1620 vetet
1230 1555 1325 1620 etiam

151 1663 310 1730 infideles.
363 1663 437 1729 Hoc
467 1664 528 1729 erit
555 1663 705 1730 homines
732 1665 805 1730 Deo
826 1685 1025 1748 praeparare.
1068 1665 1200 1751 Justum
1226 1663 1328 1752 igitur
1355 1697 1390 1740 E,
1415 1699 1484 1744 cml,

151 1776 372 1859 undequaque
405 1776 526 1842 bellum
560 1791 591 1841 et
615 1777 745 1860 Jorensi
771 1792 804 1841 et
821 1797 880 1861 pro
897 1778 1027 1863 Jorensi
1048 1778 1223 1844 Holiandis
1243 1749 1390 1872 fainsss,
1415 1831 1484 1876 m

153 1909 253 1972 quare
284 1888 372 1972 justa
403 1888 497 1954 etiam
526 1888 663 1972 praeda:
692 1889 786 1973 cujus
808 1890 940 1972 quidem
959 1890 1013 1975 jus
1033 1892 1173 1956 naturali
1192 1892 1265 1975 Jure
1286 1891 1328 1956 ad
1340 1881 1388 1928 ¹¹¹·

150 2021 257 2084 regem
277 2000 385 2084 ipsum
404 2001 614 2084 pertinebat,
638 2001 695 2065 sed
714 2015 747 2066 et
765 2021 840 2086 rege
861 2003 1060 2067 concedente
1085 2003 1325 2069 Hollandorum
1353 2035 1393 2080 E,
1414 2039 1483 2083 „mg

151 2112 222 2177 fieri
253 2112 372 2196 potuit.
417 2112 486 2177 Imo
516 2133 590 2178 cum
622 2112 792 2179 societatis
822 2114 952 2178 Indicae
983 2114 1144 2195 navibus,
1181 2088 1384 2199 ejusdemiif
1403 2092 1484 2192 ass'sfi'.

152 2224 329 2308 impensis,
351 2225 497 2307 periculo
520 2224 615 2289 etiam
633 2224 660 2288 si
673 2224 756 2306 quid
776 2225 912 2306 sequius
925 2226 1097 2294 accidisset
1108 2274 1120 2307 ‚
1131 2220 1325 2309 ‘eorumque
1338 2201 1483 2326 ’ἉΜΙΛ

152 2357 249 2420 opera
282 2336 342 2419 qui
364 2337 398 2401 in
418 2336 601 2402 ministerio
636 2351 726 2402 erant
757 2336 943 2419 societatis,
966 2338 1033 2423 regi
1057 2338 1232 2405 militatum
1257 2340 1323 2421 sit,
1339 2346 1387 2394 ΜΡ·
1403 2335 1435 2380 Χ·

150 2451 241 2515 nulla
261 2448 416 2531 stipendii
435 2449 609 2531 pactione,
635 2449 817 2514 communis
838 2449 917 2515 belli
937 2452 1141 2516 consuetudo
1158 2452 1167 2484 ¹
1185 2451 1325 2517 naturali

152 2560 310 2642 aequitati
330 2574 545 2626 consentanea
564 2560 642 2626 satis
662 2560 805 2641 indicat,
826 2560 897 2643 ipso
915 2562 988 2646 jure
1007 2562 1159 2645 praedam
1171 2563 1213 2629 ad
1222 2564 1325 2630 socie-

150 2687 249 2737 tatem
281 2671 462 2738 devenisse.
509 2672 612 2758 Quod
641 2692 720 2738 vero
742 2673 775 2739 in
795 2672 950 2739 societate
979 2673 1092 2738 Indica
1114 2677 1175 2740 bac
1194 2676 1325 2758 specie,

153 2783 238 2848 idem
268 2783 301 2849 in
330 2782 514 2848 Ordinibus
543 2783 609 2848 dici
636 2798 766 2867 potest,
800 2800 837 2849 ut
865 2785 984 2850 horum
1010 2787 1129 2870 jussu,
1165 2806 1327 2853 excausa

152 2896 229 2961 belli
248 2896 419 2980 JorensiS,
443 2909 555 2961 sumtu
574 2895 765 2976 societatis,
790 2896 853 2980 ipsi
867 2896 1016 2962 societati
1038 2898 1156 2981 praeda
1180 2900 1326 2980 quaesita

152 3008 205 3074 sit.
251 3008 315 3072 Est
347 3021 453 3073 autem
484 3008 584 3092 hujus
614 3008 703 3073 tituli
736 3028 883 3090 eousque
918 3011 1094 3091 approbata
1114 3009 1264 3094 justitia,
1289 3028 1327 3078 ut

87 3165 89 3170 ,
153 3122 306 3186 doctores
324 3117 335 3154 ²
354 3120 417 3185 hoc
438 3139 506 3185 uno
525 3109 663 3185 maxime
678 3121 866 3185 Romanum
884 3120 1056 3203 imperium
1083 3123 1325 3203 commendent,

153 3233 247 3314 quod
277 3231 441 3298 sociorum
473 3232 616 3298 tuitione
646 3253 685 3296 ex
705 3234 858 3298 hostibus
882 3233 1031 3299 creverit.
1078 3233 1204 3300 Eodem
1226 3235 1324 3303 titulo

153 3345 333 3410 Castellani
344 3343 689 3410 ³Talcalthidanorum
703 3344 784 3411 socii
797 3346 952 3412 adversus
965 3345 1159 3414 Mexicanos
1172 3362 1325 3431 utuntur,

153 3472 186 3522 et
208 3456 339 3540 ipsimet
357 3456 506 3521 Lusitani
530 3455 562 3520 in
584 3455 749 3538 plerisque
775 3457 887 3523 Indiae
906 3457 998 3524 locis.

196 3569 334 3634 Peracto
359 3568 505 3633 examine
528 3567 779 3650 concludimus,
798 3569 867 3635 sive
886 3570 1051 3652 privatum
1072 3569 1153 3652 fuit,
1172 3572 1243 3638 sive
1263 3594 1324 3656 pu-

153 3680 295 3760 blitum,
330 3694 362 3744 et
394 3680 564 3762 publicum
600 3680 732 3762 quidem
764 3695 821 3745 aut
853 3700 891 3745 ex
919 3681 1040 3765 patriae
1067 3697 1125 3748 aut
1152 3703 1191 3748 ex
1212 3684 1324 3750 sociali

154 3813 272 3872 causa,
305 3807 374 3858 tum
407 3792 613 3874 Ordinibus,
645 3807 715 3858 tum
745 3794 849 3858 multo
881 3794 985 3879 magis
1015 3795 1144 3860 Indicae
1174 3795 1324 3863 societati

154 3906 278 3970 bellum
311 3904 374 3969 hoc
407 3904 495 3969 omni
528 3925 567 3969 ex
589 3920 679 3987 parte
700 3906 826 3990 justum
850 3904 970 3986 fuisse,
1000 3928 1067 3989 quo
1088 3907 1323 3975 Lusitanorum

154 4035 283 4081 caracca
311 4030 404 4098 capta
431 4030 480 4080 est
501 4036 575 4080 cum
596 4016 780 4100 mercibuS,
806 4017 974 4101 ipsamque
995 4018 1182 4085 societatem
1205 4018 1322 4086 factam

154 4128 244 4194 omni
262 4129 335 4213 jure
360 4129 429 4212 ejus
452 4128 589 4212 praedae
613 4128 785 4195 dominam.

154 4296 344 4305 m*

189 4377 273 4442 ¹Job.
298 4379 401 4441 Lupus,
423 4381 454 4428 de
479 4371 548 4427 be'llo
575 4383 597 4438 ς.
620 4379 642 4428 si
665 4380 729 4430 bene
754 4381 879 4430 advertas.
903 4393 927 4430 et
950 4381 993 4430 alii
1011 4382 1110 4443 allegati
1134 4385 1165 4432 ad
1187 4386 1212 4433 d.
1232 4389 1324 4436 coroll.

153 4466 163 4499 ²
181 4470 272 4518 Thom.
288 4472 320 4518 de
338 4470 424 4531 regim.
442 4471 525 4519 Princ.
540 4473 557 4519 l.
573 4484 596 4528 ³·
630 4469 641 4506 ³
659 4471 727 4521 Vicr.
745 4471 789 4522 ubi
807 4472 882 4534 supra
901 4487 926 4521 n.
947 4485 985 4531 17.
