3310 5482
267 630 276 642 ,
426 573 472 621 ns
496 576 589 640 Juus
615 575 795 622 Pannona·
820 577 899 622 cno.
926 575 974 621 ιν.
1240 570 1279 635 53

122 745 171 793 aut
193 727 365 792 Herculem
382 743 438 792 aut
458 729 645 795 Vulcanum
669 728 785 812 spoliis
804 729 949 796 hostium
962 741 1157 793 mactarunt.
1182 725 1281 792 Unde

124 856 151 906 et
170 856 297 922 tropaea
327 852 436 904 sancta
460 838 565 905 fuere.
591 841 680 906 Illud
702 855 809 905 autem
827 837 1077 924 ipsiusJosuie¹
1101 839 1282 906 isinaeuoroo

126 965 153 1014 et
171 969 187 1012 a
207 947 333 1014 Divino
356 950 489 1014 numine
512 950 670 1016 dictatum
692 971 808 1036 negate
831 950 905 1032 quis
924 948 1059 1034 potest‘i
1086 947 1165 1011 Com
1198 944 1285 1009 mni-

125 1063 161 1124 tis
191 1060 298 1145 opibus
332 1059 381 1126 od
407 1059 492 1126 sedes
525 1060 632 1128 redite
654 1075 807 1142 vestros,
835 1083 907 1126 cum
940 1065 975 1129 vi
995 1060 1124 1147 pecoris
1149 1056 1282 1138 molto,

124 1191 186 1233 cnm
209 1191 292 1234 earo
314 1184 455 1257 argento
476 1192 553 1236 aere
568 1171 690 1255 ferro,
714 1194 787 1237 cum
807 1175 998 1240 vestimento
1029 1167 1228 1251 omnifario,
1251 1180 1282 1230 et

116 1284 291 1365 participes
326 1294 426 1345 estote
443 1279 592 1365 praedae
621 1284 763 1346 hostiam
786 1295 972 1350 vestrorum
1006 1300 1079 1343 cam
1105 1277 1283 1363 fratribus

121 1394 241 1457 vestris.
285 1391 376 1456 Inter
408 1407 579 1476 praecepta
611 1392 707 1458 etiam
739 1412 822 1475 quae
843 1392 964 1477 Josuae
987 1391 1105 1456 dantur
1127 1390 1284 1455 adversus

122 1502 234 1586 Hajum
257 1501 482 1584 proficiscenti
506 1503 695 1570 illud¹est:
720 1503 834 1589 Spolia
845 1503 914 1587 ejus
940 1515 971 1566 et
986 1500 1284 1587 jamentnejosdi·

122 1615 244 1697 ripietis
264 1613 365 1679 vobis.
397 1612 471 1678 Aut
488 1613 570 1679 illud
592 1615 684 1696 quod
706 1635 762 1697 pet
793 1613 954 1679 Davidem
980 1610 1184 1678 enuntiatum
1211 1609 1283 1675 est:

122 1721 266 1808 Accipite
290 1722 542 1789 benedictionem
564 1725 603 1790 de
620 1724 752 1809 proedo
769 1726 912 1792 hostiam
937 1723 1074 1788 Domini
1097 1717 1121 1786 ⁸.
1147 1720 1211 1785 Sed
1231 1723 1284 1787 vel

121 1831 176 1898 hoc
196 1835 304 1898 solum
326 1834 472 1899 sufficere
493 1849 641 1918 poterat,
667 1837 758 1918 quod
780 1837 871 1900 Deus
894 1833 1086 1913 Israelitas‚
1110 1831 1285 1898 formatum

120 1962 137 2006 a
155 1962 187 2007 se
207 1945 395 2026 populum,
419 1965 456 2009 ca
474 1947 598 2012 ratione
618 1948 674 2031 jus
694 1967 791 2012 suum
815 1947 914 2012 tutari
936 1944 1044 2011 voluit
1063 1947 1096 2012 ⁴:
1121 1944 1284 2009 autetiam

119 2054 202 2134 quod
225 2055 359 2120 modum
378 2057 515 2139 praedae
538 2057 795 2140 circumscripsit
814 2065 827 2102 ⁵
852 2072 884 2122 et
904 2056 1071 2138 quomodo
1103 2053 1207 2121 dividi
1231 2055 1286 2120 de·

120 2165 204 2230 beret
225 2166 383 2265 ostendit.
430 2167 511 2233 Illae
545 2168 640 2234 etiam
673 2167 908 2249 auctoritates,
947 2186 1029 2248 quae
1061 2166 1182 2230 bellum
1218 2185 1286 2229 esse
1298 2159 1438 2260 gmina!

117 2276 237 2359 justum
261 2291 319 2342 aut
350 2277 541 2362 simpliciter
574 2294 631 2345 aut
652 2299 691 2345 ex
714 2278 882 2362 principiis
900 2278 1061 2362 probant,
1082 2279 1147 2342 huc
1177 2267 1445 2366 referritgfflp

119 2405 177 2451 non
202 2387 410 2454 incommode
432 2404 601 2472 poterunt.
649 2391 695 2454 Et
714 2391 867 2476 eaedem,
892 2410 975 2472 quae
991 2390 1113 2456 bellum
1145 2374 1417 2473 Christi-ssjssjpp

119 2498 182 2564 anis
218 2514 251 2563 et
286 2498 319 2564 in
356 2499 563 2566 Christianos
596 2501 814 2582 permittunt,
839 2501 879 2566 ad
901 2500 1050 2582 praedam
1072 2499 1168 2565 etiam
1187 2491 1347 2582 perti-⁶155:
1362 2480 1437 2582 {pff

120 2623 210 2674 nent:
246 2608 326 2690 quia
356 2609 482 2676 scilicet
510 2610 627 2675 mutari
651 2630 717 2678 non
740 2611 872 2693 potuit,
897 2612 988 2693 quod
1011 2625 1078 2676 erat
1100 2610 1150 2676 sui
1174 2587 1445 2688 naturassssissffls·

120 2718 342 2802 immutabile,
371 2739 431 2787 nec
465 2721 665 2806 Evangelica
694 2721 843 2788 doctrina
873 2722 1051 2804 quidquam
1084 2722 1116 2787 in
1142 2719 1289 2796 moribus

120 2830 296 2897 innovavit.
327 2832 447 2914 Neque
467 2853 545 2899 vero
566 2833 747 2915 putandum
770 2847 819 2900 est
841 2853 915 2900 cum
939 2847 1002 2898 tam
1022 2831 1203 2897 inartifestis
1224 2831 1288 2895 Dei

119 2941 255 3008 oraculis
276 2961 421 3024 pugnare
439 2942 602 3026 Baptistae
619 2958 826 3027 praeceptum
838 2939 861 3009 ⁶.
885 2944 922 3008 ln
947 2963 1013 3024 quo
1032 2942 1288 3007 animadverten-

118 3051 192 3118 dum
211 3067 261 3118 est
282 3054 410 3118 consuli
429 3054 608 3139 Johannem
633 3073 699 3120 non
724 3075 741 3120 a
763 3054 924 3126 militibus
961 3054 996 3118 in
1019 3053 1190 3136 procinctu
1215 3051 1290 3134 qui-

119 3183 178 3243 que
202 3162 236 3230 in
257 3165 386 3230 hostem
410 3165 487 3230 ituri
507 3181 619 3247 erant,
642 3166 700 3230 sed
722 3166 762 3230 ab
786 3164 850 3238 illis
881 3164 994 3246 quiin
1023 3164 1164 3249 Judaeae
1197 3184 1288 3248 prae-

119 3273 206 3341 sidiis
238 3276 460 3342 versabantur.
517 3277 659 3364 Quantis
694 3291 800 3348 autem
835 3277 974 3343 Romani
1004 3276 1123 3342 milites
1157 3275 1287 3360 injuriis

121 3386 251 3452 miseros
271 3387 490 3469 provinciales
512 3388 740 3455 infestaverint
762 3404 985 3472 quantamque
1001 3387 1211 3454 solitudinem
1223 3387 1288 3453 cir-

120 3517 187 3562 cum
209 3518 246 3563 se
266 3495 401 3563 fecerint
424 3498 554 3565 illorum
576 3499 735 3582 hibema‚
759 3513 919 3567 testantur
942 3501 1013 3585 ejus
1034 3499 1154 3565 saeculi
1185 3499 1287 3580 scrip·

122 3622 214 3676 tores.
246 3609 315 3674 Has
328 3609 437 3690 itaque
449 3610 660 3691 vexationes,
685 3631 767 3692 quas
779 3611 1011 3676 concussiones
1025 3608 1093 3691 ipse
1108 3623 1226 3687 vocat,
1250 3624 1289 3675 ut

122 3718 282 3802 hodieque
315 3720 493 3802 dicuntur,
528 3736 560 3787 et
592 3721 768 3788 calumnias
803 3741 917 3788 omnes
946 3721 1113 3806 Johannes
1135 3719 1289 3803 prohibet

122 3827 273 3913 iubetque
294 3830 414 3898 milites
433 3831 571 3898 solariis
593 3831 604 3872 ⁷
626 3833 701 3900 suis.
722 3834 814 3917 (nam
835 3834 869 3898 id
890 3832 992 3899 ferme
1007 3852 1074 3898 vox
1085 3833 1198 3918 sonat)
1211 3851 1288 3899 con-

121 4076 310 4090 -ῇ

945 4107 954 4138 h

154 4281 286 4344 ¹Jos.22.
307 4299 344 4333 11.
380 4283 459 4350 ²J0s.
477 4291 499 4335 8.
514 4302 536 4336 2.
572 4287 663 4337 ³Sam.
685 4302 755 4346 1.30.
772 4305 797 4337 v.
815 4291 854 4337 26.
888 4290 943 4337 ⁴in
961 4291 1025 4337 dem.
1044 4287 1115 4335 inart.
1138 4301 1158 4335 1.
1179 4287 1249 4336 artic.
1269 4302 1288 4335 1.

124 4375 200 4420 concl.
220 4388 241 4422 1.
258 4375 303 4422 sub
323 4374 407 4424 finem.
442 4377 545 4426 ⁵Num.
564 4392 604 4436 31·
633 4382 672 4428 26.
697 4383 770 4429 Deut.
797 4395 836 4428 ao.
861 4395 898 4442 19.
924 4383 987 4428 Sam,
1009 4391 1047 4435 30.
1079 4392 1118 4427 22.
1152 4377 1240 4426 ᾗΙιῑιῦ·
1265 4391 1288 4434 3·

127 4473 158 4520 lq.
191 4461 328 4526 topasion.
