3316 5494
349 637 409 698 132
660 629 706 676 oe
730 628 823 694 June
850 627 1033 676 sunnone.
1058 628 1138 676 cna.
1163 629 1197 676 x.

346 786 503 872 publico,
527 784 604 868 quia
631 785 719 850 bello
749 781 884 868 publico
912 782 955 848 ob
976 781 1223 850 diuturnitatem
1246 782 1317 869 eJus
1340 781 1469 850 scilicet
1492 797 1527 848 et

346 896 604 984 magnitudinem
625 914 697 964 raro
716 909 843 962 tantum
863 915 902 960 ex
921 896 1016 962 hoste
1037 895 1186 978 capitur,
1211 909 1369 977 quantum
1391 897 1449 961 vel
1470 914 1526 960 so·

348 1013 396 1078 las
429 1008 592 1092 impensas
626 1007 806 1089 adaequet,
838 1005 961 1072 idcirco
991 1005 1220 1091 jurisconsulti
1244 1015 1253 1051 ¹
1278 1005 1401 1088 quibus
1429 1007 1528 1073 velut

349 1120 493 1186 solemne
515 1131 564 1184 est
585 1123 618 1187 τὸ
640 1117 727 1198 ἅπαξ
745 1119 763 1195 ἢ
781 1119 823 1191 δὶς
841 1118 1052 1199 παραβαίνειν,
1069 1121 1264 1202 praeterire
1282 1116 1321 1182 id
1329 1116 1419 1202 quod
1428 1115 1530 1182 semel

347 1234 512 1298 iterumne
530 1225 675 1305 accidit,
698 1239 791 1310 capta
814 1225 902 1291 bello
913 1224 1048 1308 publico
1072 1226 1262 1295 indistincte
1285 1227 1410 1311 acquiri
1431 1226 1526 1294 dixe-

350 1355 444 1407 runt:
467 1339 597 1424 privato
619 1352 813 1406 autemnon
835 1339 920 1402 ultra
943 1357 1041 1419 quam
1062 1337 1135 1406 vice
1157 1359 1268 1406 eorum
1290 1359 1374 1422 quae
1385 1337 1528 1422 privatis

351 1452 555 1520 deberentur.
601 1449 815 1518 Conveniunt
837 1467 913 1532 ergo
937 1448 1094 1518 hactenus
1119 1452 1175 1536 jus
1195 1451 1333 1534 praedae
1353 1449 1527 1533 publicum

352 1579 385 1630 et
413 1561 596 1647 privatum:
628 1581 711 1644 quae
738 1575 845 1626 tamen
870 1558 1023 1626 subtilem
1044 1561 1186 1644 aliquam
1207 1561 1421 1628 differentiam
1443 1559 1529 1626 reci·

351 1693 513 1758 petenen
535 1689 584 1740 est
611 1671 891 1738 dissimulandum.
936 1670 1021 1738 Nam
1044 1673 1135 1755 quod
1154 1672 1359 1739 subditorum
1379 1670 1527 1751 ratione,

353 1786 410 1869 qui
443 1785 623 1852 bonafide
655 1785 778 1851 bellum
810 1782 1059 1865 administrant,
1090 1803 1143 1852 res
1174 1799 1287 1866 captas
1317 1803 1357 1849 ex
1386 1797 1528 1864 utraque

353 1896 494 1980 partein
515 1895 765 1978 acquisitionem
784 1895 898 1962 cadere
918 1895 1007 1962 bello
1027 1896 1162 1980 publico
1184 1891 1527 1974 asseruimus²,idem

354 2008 387 2074 in
410 2007 539 2090 privato
559 2005 617 2072 vix
637 2021 749 2088 putem
771 2005 938 2073 obtinere:
963 2005 1041 2089 quia
1064 2027 1130 2074 non
1151 2021 1189 2073 ut
1204 2005 1407 2090 respublicae
1428 2003 1474 2070 ita
1497 2019 1529 2070 et

353 2117 472 2203 privati
494 2117 579 2184 inter
599 2137 633 2183 se
656 2119 740 2182 hanc
762 2136 829 2184 rem
851 2117 1093 2185 consciverunt.
1137 2118 1210 2186 Nec
1233 2118 1297 2184 alio
1317 2117 1416 2183 modo
1437 2134 1528 2182 corn-

354 2228 485 2296 modius
506 2228 725 2312 interpreteris
747 2228 782 2295 id
802 2229 893 2311 quod
911 2247 951 2295 ex
973 2229 1163 2298 doctoribus
1184 2229 1370 2310 attulimus,
1396 2226 1528 2310 privato

355 2341 442 2407 bello
466 2354 559 2423 capta
581 2338 779 2421 capientium
800 2357 867 2406 non
887 2338 977 2406 fieri:
1000 2340 1064 2407 hoc
1088 2356 1160 2424 est,
1195 2341 1300 2425 ipsum
1333 2341 1457 2409 bellum
1487 2337 1529 2404 ad

355 2453 418 2518 hoc
436 2470 503 2518 non
526 2449 692 2531 sufficere,
715 2448 779 2515 nisi
802 2470 900 2517 causa
922 2470 1006 2533 quae
1026 2456 1137 2518 revera
1155 2453 1244 2542 justa
1266 2452 1309 2518 sit
1330 2452 1453 2518 bellum
1473 2469 1529 2516 co-

354 2563 499 2630 mitetur.
545 2562 693 2628 Alterum
714 2561 887 2628 discrimen
911 2562 1129 2648 intelligetur,
1159 2562 1186 2630 si
1220 2563 1296 2646 quis
1316 2561 1526 2642 consideret,

356 2673 438 2756 quid
458 2693 475 2739 a
498 2673 665 2756 republica
687 2672 809 2756 privati
831 2673 994 2742 differant.
1040 2673 1160 2758 Neque
1192 2675 1277 2741 eninr
1306 2692 1467 2754 numer0,
1491 2686 1529 2738 ut

356 2783 516 2866 arbitror,
541 2783 624 2850 illud
644 2782 783 2852 definiri,
795 2798 914 2868 potest.
960 2785 1044 2852 Nam
1067 2785 1186 2869 privati
1209 2786 1368 2868 totidem,
1389 2798 1474 2867 quot
1489 2782 1529 2850 ad

356 2894 522 2962 civitatem
552 2895 812 2962 constituendam
843 2895 989 2963 sufficere
1011 2912 1173 2979 possunt,
1197 2895 1336 2962 fortuito
1360 2895 1529 2962 undecun-

358 3027 423 3090 que
444 3026 607 3073 concursu
631 3006 845 3092 conglobati,
878 3006 982 3072 nihilo
1009 3010 1084 3091 plus
1114 3006 1198 3092 juris
1230 3007 1397 3074 habebunt
1431 3026 1527 3089 quam

357 3138 443 3184 unus
465 3132 522 3184 aut
543 3118 620 3184 duo.
666 3117 755 3183 Tum
775 3136 854 3183 vero
877 3116 1054 3185 multitudo
1074 3118 1158 3200 ista,
1179 3138 1262 3201 quae
1280 3117 1359 3184 satis
1378 3117 1446 3200 sit,
1463 3137 1527 3200 quo

357 3247 492 3293 numero
521 3226 674 3309 finietur,
707 3227 751 3294 ita
783 3243 820 3293 ut
852 3228 916 3294 dici
947 3249 1014 3296 non
1040 3228 1145 3314 possit
1165 3228 1334 3313 pauciores
1355 3228 1526 3296 sufficeret

356 3337 456 3404 Unde
485 3357 561 3422 ergo
591 3339 647 3406 illa
676 3337 873 3406 diversitas?
898 3340 1062 3408 Nimirum
1086 3363 1104 3408 a
1126 3340 1217 3408 civili
1237 3355 1421 3425 potestate,
1447 3359 1527 3424 quae

357 3468 520 3515 consensu
541 3447 773 3516 constituitur:
798 3451 884 3518 unde
902 3453 1026 3537 judicia
1048 3467 1121 3519 orta
1141 3471 1211 3519 esse
1232 3451 1373 3518 diximus
1386 3450 1410 3519 ⁸.
1439 3451 1526 3517 Haec

358 3559 459 3644 igitur
482 3559 515 3624 in
547 3558 706 3642 patiunda
737 3563 855 3645 praeda
886 3562 1101 3630 differentiam
1129 3561 1265 3630 faciunt.
1310 3563 1395 3630 Nam
1409 3545 1529 3646 ⁴respu-

358 3671 444 3736 blica
465 3669 498 3736 in
526 3689 560 3738 se
583 3671 681 3736 habet
701 3672 904 3757 judiciariam
936 3688 1129 3758 potestatem
1149 3674 1184 3755 ⁴,
1207 3674 1356 3758 privatus
1379 3666 1448 3740 nnn
1476 3674 1530 3739 ha-

359 3781 416 3846 bet
434 3780 498 3848 nisi
520 3795 680 3863 quatenus
712 3783 844 3866 publica
864 3784 988 3852 deficit.
1034 3784 1206 3852 Defectum
1231 3799 1339 3852 autem
1361 3783 1528 3850 commode

359 3891 458 3973 satis,
482 3906 520 3958 ut
535 3891 668 3960 videtur
686 3893 719 3959 in
737 3913 997 3962 momentaneum
1018 3910 1050 3964 et
1061 3896 1095 3962 in
1107 3895 1299 3961 continuum
1312 3893 1529 3962 distinximus.

358 4002 442 4069 Nam
462 4022 536 4070 cum
557 4003 703 4072 desectus
722 4021 772 4073 est
792 4022 1055 4089 momentaneus,
1075 4008 1162 4092 leges
1181 4022 1219 4073 ut
1234 4005 1374 4090 primum
1393 4020 1530 4089 possunt

359 4113 615 4181 reconciliandae
637 4131 727 4182 sunt.
757 4117 868 4205 Quare
890 4119 981 4201 quod
1001 4117 1097 4185 iidem
1121 4117 1169 4184 illi
1191 4118 1342 4185 doctores
1361 4118 1372 4152 ⁸
1394 4116 1527 4195 dicunt,

367 4265 546 4284 -r—-—--

392 4337 400 4370 ¹
420 4340 437 4386 l.
458 4351 483 4398 4.
505 4349 528 4392 s.
551 4339 575 4386 6.
598 4337 624 4385 ff.
642 4339 672 4387 de
688 4341 752 4400 legg.
772 4341 815 4404 [D.
834 4355 856 4391 r.
872 4341 909 4408 3.]
927 4345 943 4391 l.
959 4354 983 4400 s.
1003 4342 1029 4392 in
1045 4341 1104 4392 fine.
1120 4342 1146 4392 ff.
1159 4342 1181 4392 si
1198 4355 1256 4403 pars
1272 4339 1428 4390 hereditatis.
1449 4337 1492 4403 [D-
1507 4349 1529 4394 s·

356 4426 395 4493 4.]
432 4424 688 4487 ²c.8.cor011.3.
730 4429 785 4480 ³in
805 4446 828 4482 e.
853 4447 877 4480 2.
916 4432 976 4482 ⁴ex
999 4437 1016 4482 1.
1037 4448 1060 4496 9.
1082 4445 1107 4483 et
1135 4447 1172 4491 13·
1196 4434 1268 4483 Adde
1289 4443 1335 4480 art.
1360 4443 1381 4480 r.
1404 4432 1483 4482 concl.
1505 4442 1527 4487 z.

357 4517 368 4548 ⁵
386 4517 459 4568 Arias
480 4529 505 4566 et
521 4519 614 4580 ceteri,
633 4519 707 4570 dictis
724 4522 796 4570 locis.
