3316 5494
467 581 514 630 1111
537 582 631 649 1111111
656 581 842 630 1111111111.
865 584 947 632 cnr.
970 563 1029 631 11.’
1215 619 1218 628 .
1275 588 1335 654 153

159 739 302 805 debetur
321 747 355 820 ¹,
380 757 448 822 quo
471 735 752 804 benefacientibus
773 737 962 804 benefacere
982 736 1128 804 vicissim
1147 725 1295 807 tenemur
1313 740 1336 810 ².

157 851 277 933 Atque
296 849 325 915 ei
345 849 390 915 rei
411 863 603 934 argumento
624 863 694 932 est,
719 849 811 932 quod
828 848 940 916 multis
959 850 1109 930 casibus,
1133 869 1207 916 cunr
1228 851 1337 921 civilis

155 961 245 1028 actio
267 960 420 1044 deficiat,
444 961 484 1027 ad
515 957 716 1027 referendam
744 980 804 1043 pro
825 980 923 1045 opera
946 960 1080 1046 gratiam
1104 961 1197 1044 quasi
1218 983 1257 1029 ex
1279 984 1337 1032 na·

156 1071 259 1137 turali
281 1072 447 1156 aequitate
471 1085 560 1137 extra
581 1070 727 1137 ordinem
748 1072 952 1139 mandatores
970 1074 1223 1157 compelluntur.
1247 1075 1336 1142 Hinc

155 1197 238 1248 sunt
268 1203 351 1266 quae
377 1185 620 1270 proxenitica,
650 1184 856 1266 ἑρμηνευτικῶ,
887 1187 1035 1268 μήνυτρα,
1068 1188 1275 1271 maurilione,
1304 1202 1336 1254 et

156 1292 236 1360 aliis·
251 1292 442 1360 nominibus
463 1308 624 1359 vocantur
646 1292 760 1360 salaria
780 1297 810 1357 ⁸:
835 1293 921 1359 unde
941 1293 1126 1379 colligimus
1147 1293 1181 1360 in
1202 1298 1335 1366 caeteris

157 1404 202 1469 ad
223 1404 419 1490 exigendum
449 1423 516 1471 non
543 1403 629 1488 juris
663 1403 810 1489 gentium
830 1404 1007 1482 rationem,
1030 1404 1088 1470 sed
1110 1405 1334 1474 auctoritatem

158 1515 291 1582 civilem
324 1513 483 1596 deficere,
518 1529 556 1580 ut
588 1513 622 1579 in
652 1514 778 1598 pactis,
810 1514 937 1608 quibus¹
963 1515 1053 1582 deest
1071 1517 1242 1600 stipulatio
1262 1520 1335 1605 iure

159 1626 359 1714 Quiritium,
383 1625 417 1693 in
435 1625 648 1708 venditione,
669 1645 752 1708 quae
770 1624 835 1691 lide
845 1625 885 1692 de
895 1625 1000 1709 pretio
1011 1625 1121 1692 habita
1131 1630 1336 1696 contrahitur

156 1739 253 1822 juxta
275 1738 444 1804 Platonem
463 1737 499 1818 ⁴,
523 1737 556 1804 in
578 1736 669 1804 furto
693 1757 753 1803 nec
777 1736 951 1804 manifesto
972 1737 1061 1821 apud
1081 1737 1276 1822 Spartanos,
1301 1740 1335 1807 in
1419 1727 1422 1732 ¹

159 1863 280 1916 mutuo
301 1865 334 1915 et
352 1848 502 1932 deposito
521 1849 599 1914 olim
620 1848 708 1933 apud
726 1848 827 1914 Indos
846 1854 868 1915 ⁸.
892 1848 1028 1928 Multa,
1054 1848 1162 1932 inquit
1174 1849 1302 1917 Seneca
1311 1854 1335 1933 ⁸,

160 1959 262 2047 legam
283 1981 346 2025 non
366 1960 487 2026 habent
507 1981 563 2025 nec
583 1962 764 2042 actionem,
789 1959 837 2026 ad
855 1979 941 2045 quae
958 1959 1154 2027 consuetudo
1172 1965 1336 2029 vitaehu-

161 2093 283 2138 manae
303 2071 372 2160 lega
395 2075 481 2137 omni
503 2072 673 2140 valentior
695 2071 757 2138 dat
778 2071 922 2139 aditum.
951 2069 1075 2156 'Neque
1097 2073 1181 2139 enim
1204 2075 1336 2140 creden·

164 2183 228 2250 dus
251 2183 406 2250 estnihil
440 2182 531 2250 alteri
566 2183 746 2268 imputare,
771 2182 830 2266 qui
853 2183 923 2250 suis
945 2184 1139 2267 plerumque
1157 2186 1255 2252 rebus
1279 2203 1336 2254 ne·

162 2295 278 2380 glectis
299 2285 413 2362 alienis
433 2307 545 2374 vacat,
569 2313 644 2386 curn
668 2311 783 2380 magna
805 2294 973 2361 hominum
997 2316 1072 2378 pars
1084 2295 1208 2362 victum
1219 2298 1337 2365 habeat

161 2406 195 2472 in
223 2425 323 2489 opera
352 2404 543 2489 quotidiana
562 2407 587 2472 ⁷.
633 2405 712 2473 Ideo
745 2405 867 2472 Seneca
887 2406 1046 2474 'medico
1079 2423 1111 2474 et
1133 2410 1335 2494 praeceptori
1444 2433 1447 2443 ·

161 2538 279 2602 operae
308 2517 451 2602 pretium
483 2515 752 2584 sivemercedem
773 2517 999 2602 occupationis
1021 2519 1067 2586 ait
1087 2520 1220 2604 deberi,
1245 2523 1335 2604 quod

162 2629 354 2696 deserviunt
383 2629 501 2712 nobis,
535 2629 626 2711 quod
648 2649 665 2695 a
688 2629 787 2696 rebus
819 2629 889 2694 suis
917 2631 1045 2697 avocati
1074 2632 1172 2698 nobis
1204 2648 1334 2699 vacant.

160 2741 251 2808 Idem
272 2741 307 2806 in
322 2755 449 2809 oratore
462 2756 493 2807 et
511 2741 636 2826 justum
651 2761 720 2808 esse
732 2755 766 2808 et
777 2740 994 2808 necessarium
1007 2741 1053 2808 ait
1063 2742 1291 2831 Quintilianus
1301 2746 1334 2826 ⁹,

161 2852 240 2937 quia
267 2854 346 2919 haec
378 2853 448 2937 ipsa
467 2873 578 2937 opera
606 2867 804 2937 tempusque
836 2871 930 2919 omne
962 2852 1075 2921 alienis
1105 2853 1247 2939 negotiis
1278 2855 1337 2920 da-

162 2979 232 3031 tum
265 2963 454 3032 facultatem
488 2964 581 3038 aliter
614 2964 805 3049 acquirendi
839 2963 1000 3031 recidunt.
1054 2961 1176 3047 Neque
1210 2985 1333 3032 novum

162 3092 211 3144 est
242 3075 276 3144 in
296 3077 370 3162 jure
396 3076 431 3143 id
461 3077 553 3161 quod
583 3075 623 3142 fit
642 3091 675 3143 et
695 3076 730 3143 id
752 3075 844 3159 quod
866 3076 962 3142 datur
985 3075 1069 3141 inter
1088 3096 1123 3143 se
1144 3078 1334 3161 comparari.

163 3189 275 3276 Quare
297 3209 371 3254 cum
395 3188 519 3255 mutuis
541 3187 741 3255 utilitatibus
764 3187 923 3254 amicitiae
953 3186 1203 3271 contineantur,
1228 3187 1255 3256 is
1276 3188 1335 3272 qui

161 3320 211 3367 res
232 3299 366 3368 alterius
383 3315 538 3384 procurat
558 3300 705 3366 eumdem
728 3299 792 3365 sibi
812 3315 937 3383 praeter
960 3298 1202 3366 indemnitatem
1224 3300 1265 3367 ad
1285 3321 1336 3366 re·

162 3412 398 3478 munerandum
421 3410 611 3478 naturaliter
634 3413 732 3478 habet
748 3409 927 3496 obligatum
947 3408 983 3478 ¹⁰.
1017 3410 1055 3475 Id
1075 3411 1108 3476 in
1131 3431 1230 3478 causa
1250 3411 1335 3495 fuit,

162 3543 223 3590 cur
244 3522 383 3590 Romani
403 3543 454 3588 res
477 3543 516 3590 ex
531 3524 626 3590 hoste
637 3537 745 3607 captas
760 3521 876 3603 sociis,
897 3503 1040 3604 quorum
1052 3521 1197 3602 fuerant,
1218 3543 1336 3610 agnos·

162 3635 312 3701 centibus
334 3633 588 3714 reddiderint¹¹,
613 3651 645 3701 et
666 3634 797 3702 eosdem
818 3635 877 3719 (ut
898 3634 931 3699 in
954 3633 1149 3701 Latinorum
1173 3629 1245 3701 erat‘
1263 3635 1335 3703 foe·

193 3859 202 3892 ¹
228 3862 246 3908 1.
273 3871 295 3908 1.
319 3862 341 3917 1.
363 3860 409 3908 ult.
433 3861 451 3907 l.
476 3859 520 3920 qui
547 3871 667 3908 mutuam.
684 3863 706 3918 1.
724 3873 781 3920 pen.
798 3858 824 3906 11.
842 3872 874 3907 eo
892 3858 932 3908 tit.
951 3859 995 3921 [D.
1016 3871 1055 3916 17.
1076 3856 1112 3923 1.]
1150 3856 1273 3909 'Matala
1294 3875 1332 3910 10.

166 3963 203 3999 ιο.
220 3952 253 3999 V.
277 3950 304 3998 in
329 3964 352 3998 c.
377 3963 400 3999 a.
424 3952 472 4011 leg.
491 3950 515 3999 ό.
540 3953 596 3999 sen.
613 3952 645 4000 de
663 3951 747 3999 benef.
764 3953 782 3999 l.
800 3952 824 3999 6.
842 3965 866 4000 c.
887 3963 926 4007 15.
959 3948 1046 4012 ⁸Dig.
1063 3953 1095 4000 de
1112 3952 1269 4012 proxenetls.
1286 3964 1334 4002 tot.
1401 4002 1407 4023 ‚
1477 4009 1481 4016 ,

161 4041 200 4090 tit.
221 4040 267 4106 [D.
285 4051 325 4098 5ο.
346 4040 396 4106 14.]
416 4044 433 4089 1.
450 4044 542 4090 solent.
559 4041 586 4090 ff.
603 4055 714 4103 praescr.
732 4042 827 4092 verbis.
847 4041 891 4105 [D.
912 4055 950 4106 19.
969 4053 992 4098 5.
1012 4039 1062 4106 15.]
1081 4041 1140 4102 Dig.
1155 4043 1186 4091 de
1207 4045 1334 4094 entraord.

163 4145 236 4193 cogn.
260 4143 309 4181 tot.
332 4133 372 4181 tit.
399 4133 443 4195 [D.
469 4144 508 4189 50.
536 4131 590 4198 15.]
625 4133 686 4182 ⁴de
704 4136 768 4195 legg.
786 4136 803 4182 l.
830 4147 868 4182 11.
887 4133 927 4194 [p.
945 4143 1002 4195 915.
1021 4132 1056 4194 e.]
1076 4131 1153 4181 Arist.
1172 4134 1204 4181 de
1221 4146 1284 4182 mor.
1302 4137 1334 4185 ad

162 4224 261 4273 Nicom.
287 4225 305 4271 l.
329 4237 353 4286 9.
377 4237 401 4271 c.
428 4237 449 4273 1.
478 4223 776 4288 [p.1164.1.vt.2a.]
812 4222 911 4272 ὅ81011.
931 4222 961 4286 [1.
979 4237 1020 4286 44.
1037 4237 1063 4272 n.
1081 4221 1134 4286 41.]
1170 4223 1231 4273 ‘de
1248 4224 1333 4276 benef.

162 4317 178 4365 1.
203 4327 227 4371 5.
251 4328 276 4364 c.
301 4328 341 4363 ar.
375 4307 609 4373 innaturales.
628 4327 651 4363 a.
669 4326 694 4363 et
712 4314 778 4373 511.
796 4328 905 4377 praescr.
923 4314 1017 4364 verbis.
1038 4315 1082 4377 [D.
1102 4326 1140 4376 ¹9·
1160 4325 1183 4370 5.
1202 4315 1237 4376 5.]
1273 4315 1334 4365 ⁸de

164 4406 246 4455 benef.
264 4408 283 4454 1.
301 4405 325 4453 6.
342 4419 366 4453 c.
387 4417 425 4461 15.
460 4404 471 4438 ⁹
489 4404 569 4470 lnstflit.
587 4407 604 4454 l.
625 4419 663 4454 11.
682 4419 704 4455 c.
723 4419 748 4465 7.
782 4405 881 4467 ι1115.
899 4408 915 4454 l.
933 4407 979 4455 sed
996 4417 1021 4453 et
1038 4404 1060 4452 si
1075 4406 1139 4464 lege.
1156 4407 1177 4463 §-
1195 4406 1333 4457 consuluit.

168 4495 210 4560 [D.
229 4509 253 4554 5.
273 4509 297 4556 5.
315 4509 354 4554 15.
372 4500 394 4556 §.
415 4495 467 4561 11.]
504 4495 523 4529 ¹¹
542 4496 598 4547 Liv.
615 4499 633 4546 1.
651 4512 675 4560 4.
696 4497 731 4561 [c.
749 4497 803 4562 ap]
822 4499 853 4550 V.
870 4511 945 4557 supra
962 4511 985 4546 c.
1003 4509 1027 4558 4.
1045 4509 1097 4544 non
1114 4498 1206 4558 procul
1223 4495 1285 4547 line.
