3362 5504
461 599 508 644 DE
531 600 625 666 JURE
652 599 835 646 PRAEDAE.
861 599 942 646 CAl’.
968 599 1049 646 1111.
1269 602 1332 666 297

159 778 238 825 suos
273 756 431 822 auxilium
466 755 556 821 tulit.
615 755 678 820 Est
710 755 742 820 in
778 755 870 821 India
902 773 1037 841 regnum
1057 753 1217 839 Jorense,
1243 757 1335 840 quod
1362 777 1402 822 rx
1423 780 1496 824 coner.

158 869 303 952 supremi
333 866 537 951 principatus
570 868 644 934 loco
666 867 859 951 jamdudum
885 883 1051 932 censetur:
1077 867 1163 933 unde
1187 884 1334 952 apertum
1348 832 1495 952 {iiiiiciiii

160 995 209 1046 est
241 999 347 1065 regem
380 979 457 1045 belli
492 978 623 1063 publice
657 979 789 1063 gerendi
823 978 978 1045 habuisse
1017 978 1252 1046 auctoritatem.
1303 941 1493 1046 lsff‘Mp'

159 1093 344 1158 Hollandos
380 1091 439 1174 qui
479 1112 553 1157 cum
588 1091 729 1156 navibus
763 1106 942 1172 venerant,
985 1089 1019 1155 in
1062 1091 1149 1158 bello
1193 1093 1256 1160 sibi
1299 1108 1336 1159 ut

158 1205 299 1294 auxilio!
317 1217 425 1272 essent
455 1203 643 1286 requisivit.
691 1203 800 1291 Quam
835 1218 968 1270 naturae
992 1217 1026 1269 et
1047 1204 1184 1270 humani
1208 1205 1335 1290 generis
1361 1231 1496 1298 arana.»

159 1314 349 1401 cognationi
393 1314 436 1380 sit
474 1329 729 1380 consentaneum
769 1316 907 1380 alterum
951 1315 1043 1382 alteri
1088 1336 1181 1399 opem
1225 1288 1494 1399 ferre‚ii”⁶¹'⁰'”⁶'

159 1448 232 1493 cum
257 1426 334 1492 alibi
357 1426 614 1492 demonstratum
638 1425 705 1507 sit,
729 1425 807 1493 satis
829 1442 962 1509 apparet
982 1428 1130 1511 potuisse
1149 1429 1333 1495 Hollandos

159 1539 248 1606 illius
283 1537 361 1603 belli
395 1537 505 1604 socios
539 1538 702 1603 accedere.
758 1538 827 1603 Imo
862 1558 936 1604 cum
970 1554 1105 1622 possent
1139 1543 1332 1624 commode,

158 1672 225 1718 non
257 1649 365 1716 facere
397 1650 465 1716 illis
499 1649 555 1715 vix
590 1648 751 1734 integrum
776 1648 864 1732 fuit,
889 1650 960 1716 sive
984 1650 1127 1717 divinam
1150 1654 1300 1738 paginam
1323 1658 1331 1692 ¹

159 1763 371 1847 respicimus,
396 1783 482 1844 quae
503 1761 601 1827 nobis
633 1761 800 1846 injungit,
833 1777 870 1828 ut
901 1763 1091 1829 innocentes
1124 1764 1163 1829 ab
1196 1765 1332 1832 interitu

158 1877 356 1955 liberemus,
389 1874 459 1940 sive
492 1872 588 1939 etiam
620 1873 837 1956 philosophos
863 1873 897 1955 ²,
930 1875 988 1956 qui
1013 1875 1128 1941 dicunt
1151 1876 1332 1962 injustitiae

159 1989 225 2054 duo
259 2005 329 2053 esse
362 2007 499 2071 genera,
533 2006 635 2050 unum
668 2006 780 2052 eorum
812 1986 872 2070 qui
896 1985 1063 2068 inferunt,
1088 1990 1248 2070 alterum,
1272 1991 1331 2072 qui

159 2101 197 2166 ab
222 2100 263 2166 iis
287 2099 410 2181 quibus
442 2097 603 2178 infertur,
638 2098 666 2162 si
685 2098 830 2182 possint,
856 2119 921 2165 non
949 2103 1143 2184 propulsant
1164 2101 1329 2186 injuriant.

160 2212 247 2278 Eum
272 2212 380 2292 enim,
405 2211 464 2293 qui
487 2230 553 2276 non
564 2208 781 2277 defenditnec
791 2211 944 2292 obsistit,
968 2212 996 2278 si
1015 2228 1145 2296 potest,
1170 2213 1329 2298 injuriae,

159 2339 223 2390 tam
257 2343 327 2389 esse
360 2322 394 2389 in
414 2322 519 2404 vitio,
541 2342 638 2405 quam
663 2322 690 2387 si
713 2337 861 2406 parentes
892 2337 949 2390 aut
971 2324 1091 2391 amicos
1115 2341 1172 2391 aut
1194 2326 1329 2409 patriam

159 2435 286 2503 deserat
305 2435 336 2499 ³:
360 2456 432 2500 cum
457 2434 562 2499 dicere
587 2433 710 2500 civium
722 2435 902 2500 habendam
914 2435 1096 2520 rationem,
1121 2453 1329 2506 externorum

158 2568 301 2633 negare,
333 2547 397 2612 hoc
431 2566 509 2612 vero
541 2545 608 2626 sit,
641 2545 707 2611 illis
737 2547 929 2631 judicibus,
953 2548 1103 2614 dirimere
1126 2570 1330 2617 communem

157 2659 293 2726 humani
318 2657 443 2743 generis
466 2658 681 2739 societatem,
705 2679 802 2741 quam
828 2659 885 2740 qui
909 2662 1033 2726 tollunt
1055 2661 1150 2726 etiam
1175 2661 1331 2728 adversus

158 2773 287 2852 Deum,
312 2772 383 2856 ejus
406 2769 572 2836 societatis
595 2784 782 2850 auctorem,
807 2769 898 2854 impii
920 2771 1089 2856 judicandi
1103 2788 1190 2838 sunt.
1215 2773 1330 2840 Nostri

158 2884 254 2949 etiam
275 2881 536 2968 jurisconsulti*
557 2903 630 2949 eum
653 2882 711 2965 qui
734 2883 768 2947 id
784 2883 914 2949 omittat
937 2886 1053 2966 culpae
1075 2884 1199 2949 affinem
1212 2900 1331 2968 putant

159 3011 191 3061 et
224 2994 407 3061 Christiani
435 2995 574 3061 Patres⁵
594 3016 667 3061 eum
688 2995 746 3077 qui
769 3014 836 3060 non
859 2996 1000 3078 depellat
1023 3016 1040 3060 a
1062 2996 1153 3062 socio
1178 2996 1329 3081 injuriam

157 3128 224 3175 non
247 3108 355 3174 minus
378 3108 412 3173 in
435 3106 518 3174 vitio
543 3127 635 3188 esse,
656 3128 754 3189 quarn
779 3128 853 3172 eum
877 3107 934 3189 qui
957 3105 1065 3174 faciat.
1115 3109 1216 3195 Quod
1237 3109 1330 3194 juxta

159 3220 372 3287 Aristotelem
392 3220 404 3256 ⁸
423 3234 504 3284 tunc
530 3218 700 3285 maximam
724 3219 893 3284 rationem«
907 3219 1027 3301 habet,
1052 3239 1126 3285 cum
1150 3219 1247 3286 iidem
1271 3222 1329 3302 qui

159 3351 246 3397 nunc
270 3331 389 3416 injuria
412 3330 618 3411 afficiuntur,
642 3350 703 3397 nos
726 3345 799 3397 ante
823 3330 984 3396 beneficio
1007 3331 1119 3414 aliquo
1139 3331 1328 3400 affecerunt.

159 3443 253 3532 Quid
285 3443 386 3528 igitur
418 3463 490 3508 eum
523 3443 688 3509 dicturum
712 3441 814 3508 fuisse
838 3443 1023 3523 credimus,
1047 3443 1075 3508 si
1099 3444 1174 3526 quis
1198 3445 1241 3511 ob
1265 3447 1329 3511 hoc

158 3556 289 3639 ipsum,
315 3555 406 3638 quod
428 3575 489 3621 nos
512 3554 671 3621 beneficio
695 3554 826 3635 affecit,
851 3558 890 3620 ab
913 3555 984 3620 aliis
1006 3556 1161 3622 alliciatur
1180 3556 1326 3640 injuria?

159 3667 241 3732 Hoe'
266 3667 351 3732 enirn
384 3667 474 3732 Indis
506 3666 668 3752 contigit,
701 3686 808 3748 neque
843 3666 907 3732 alio
942 3666 1074 3732 nomine
1108 3667 1261 3734 Lusitani
1296 3685 1329 3735 et
1355 3701 1384 3747 1,
1404 3702 1486 3748 pm,

158 3799 267 3864 regem
299 3779 467 3865 Jorensem
503 3794 535 3844 et
567 3797 620 3844 eas
654 3798 737 3861 quas
770 3778 848 3844 alibi
892 3779 1143 3845 memoravimus
1176 3780 1327 3848 nationes
1341 3757 1486 3858 2252?pr

157 3891 312 3958 caedibus
335 3905 368 3956 et
389 3891 509 3974 rapinis
532 3905 682 3973 vastant,
706 3891 769 3956 nisi
794 3892 886 3972 quod
908 3892 1094 3958 Hollandos
1117 3893 1327 3961 admiserunt.

192 4201 296 4249 ¹Prov.
319 4215 359 4249 22.
376 4214 414 4249 vs.
434 4215 472 4249 11.
508 4199 629 4250 ¹Cicero
649 4201 697 4250 Off.
723 4216 744 4249 1.
772 4202 807 4263 [c.
826 4215 850 4260 7.
868 4205 890 4260 ς.
912 4202 965 4263 aa]
985 4202 1060 4250 Adde
1078 4201 1287 4250 Ecclesiasticum
1306 4217 1329 4251 c.

158 4308 182 4355 4.
201 4307 240 4342 vs.
258 4307 282 4356 9.
317 4292 403 4341 ³Cic.
421 4293 470 4342 off.
489 4305 513 4350 ³·
541 4291 576 4356 [c.
598 4293 622 4340 ό.
644 4293 665 4354 §.
690 4291 743 4355 aa]
779 4291 877 4342 ⁴Bald.
895 4292 922 4341 in
938 4295 955 4340 l.
976 4307 997 4341 1.
1016 4294 1045 4340 C.
1063 4294 1095 4341 de
1113 4306 1161 4341 ser.
1177 4293 1228 4354 fug.
1243 4292 1292 4356 [C.
1305 4294 1329 4341 6.
1379 4357 1383 4367 Ι

162 4385 195 4447 ι.]
231 4383 348 4432 ⁵Ambr.
373 4384 421 4433 Off.
449 4398 471 4432 1.
495 4385 578 4441 c.36.
612 4384 716 4432 “Rhea
735 4385 767 4432 ad
784 4384 858 4432 Alex.
877 4398 900 4433 c.
917 4397 940 4441 3.
960 4384 998 4444 [p.
1019 4397 1090 4444 1424.
1106 4384 1131 4430 b.
1147 4397 1185 4432 vs.
1205 4396 1244 4442 35.
1262 4397 1287 4433 et
1303 4399 1328 4446 p.

162 4486 233 4536 1425.
252 4489 274 4523 a.
294 4489 332 4523 vs.
351 4474 400 4538 ra]
