3310 5482
307 519 350 579 40
611 523 658 568 nr.
681 521 785 595 pune!
800 509 983 623 ιιιιιιιιιιιιι.
1009 493 1090 573 cnr.
1116 526 1169 574 111.

282 660 495 766 ‘jexerceturz
519 676 581 742 hoc
605 692 678 764 est,
703 677 760 762 ubi
775 657 846 744 non
870 678 1042 764 respicitur
1064 679 1216 748 bonum
1208 679 1312 765 ipsius
1333 678 1389 762 qui
1413 699 1474 762 pu-

306 784 419 866 nitur,
444 803 500 854 aut
520 797 699 882 commune.
731 790 809 856 Duo
816 791 1010 878 ,posteriora
1030 791 1110 858 vitia
1131 813 1197 858 uno
1221 793 1294 858 loco
1316 790 1398 856 idem
1421 789 1475 856 ille

308 896 451 962 Seneca¹
464 875 668 970 indicat:l
618 902 704 970 ‘Plus
718 880 850 988 fraciam
871 923 970 988 quam
993 903 1178 989 oportet.·l
1163 902 1318 968 libentius
1330 902 1474 986 faciam.

275 993 407 1092 ΙΝιιιι
422 1033 496 1078 cum
528 1007 653 1106 poena,
684 1019 724 1080 'ut'
749 1017 828 1080 airte
854 1007 986 1091 nomina
1001 1010 1248 1094 distinximuS,
1280 1012 1410 1096 proprie
1435 1013 1477 1078 sit
1568 1027 1571 1032 ·

245 1185 248 1192 ,
306 1122 478 1218 retributio
516 1125 631 1229 ejus,
639 1108 753 1212 quod
778 1141 813 1190 a·
825 1124 916 1208 par'te
950 1124 1012 1191 toti
1047 1146 1086 1192 ex
1117 1123 1278 1190 maleficio
1316 1124 1476 1204 debetur,

267 1241 276 1266 ’·
307 1249 443 1318 oportet
464 1240 531 1325 eam
563 1237 692 1322 dirigi
683 1237 747 1304 ad
757 1236 920 1340 publicam
951 1236 1142 1303 utilitatem:
1157 1236 1227 1302 cui
1259 1235 1405 1318 accedit,
1440 1250 1478 1300 ut

306 1344 425 1412 ibidem
450 1327 676 1436 ostendimus,
697 1364 734 1415 ut
754 1348 898 1432 ipsorum
921 1367 1015 1432 saepe
1036 1349 1094 1432 qui
1113 1363 1248 1432 peccant
1268 1347 1395 1418 intersit
1410 1367 1479 1412 ma-

306 1458 428 1525 litium
438 1479 503 1532 non
538 1458 662 1552 ferre
650 1460 856 1544 tmpu'nitam.
901 1460 1110 1550 Augustinus
1130 1464 1142 1500 ²
1164 1461 1233 1526 hoc
1249 1458 1379 1541 voluit,
1403 1480 1476 1525 cum

307 1569 389 1636 nihil
422 1570 585 1636 infelicius
616 1571 699 1637 dixit
729 1571 883 1638 felicitate
915 1572 1139 1656 peccantium.
1174 1571 1326 1659 Quodsi
1355 1590 1476 1654 poenas

305 1681 468 1749 remittere
488 1703 554 1749 non
576 1702 699 1767 semper
718 1699 884 1765 tenemur,
903 1687 1007 1750 multo
1027 1703 1103 1750 sane
1123 1683 1232 1750 minus
1243 1682 1295 1763 id,
1316 1683 1476 1766 quodno·

306 1793 357 1859 bis
381 1815 419 1858 ex
435 1793 563 1879 justitia
584 1795 815 1862 commutative
835 1795 981 1862 debetur.
1017 1795 1102 1861 Nam
1123 1815 1207 1878 quae
1225 1809 1394 1878 praecepta
1416 1794 1476 1860 eti-

306 1926 355 1970 am
377 1908 440 1970 hoc
463 1905 616 1972 videntur
639 1906 797 1987 suadere,
821 1927 887 1972 non
910 1908 949 1999 id
967 1907 1058 1990 quod
1078 1921 1225 1974 nostrum
1248 1921 1296 1972 est
1316 1905 1478 1972 remittere

306 2036 367 2082 nos
390 2015 577 2082 indistincte
600 2032 631 2082 et
652 2017 893 2100 quodammodo
915 2018 1074 2104 projicere
1091 2019 1208 2103 jubent
1228 2022 1262 2099 ³,
1290 2017 1476 2101 (nunquam

306 2127 390 2194 enim
425 2127 505 2194 viris
535 2129 655 2195 sanctis
688 2129 802 2215 religio
836 2129 901 2196 fuit
935 2149 1031 2196 suum
1053 2128 1202 2215 judicio,
1237 2145 1294 2196 aut
1328 2129 1355 2194 si
1383 2129 1477 2195 aliter

306 2261 371 2306 non
391 2256 551 2324 possent,
574 2240 608 2307 vi
627 2241 716 2325 justa
737 2241 934 2327 consequi,)
956 2242 1013 2308 sed
1034 2241 1146 2308 cedere
1167 2241 1477 2325 potiusquampec-

306 2368 412 2418 catum
434 2352 543 2420 subire
564 2367 620 2418 aut
642 2351 776 2436 publico
801 2372 869 2418 esse
893 2352 1102 2419 offendiculo.
1145 2353 1256 2435 Atqui
1277 2371 1370 2436 saepe
1394 2352 1477 2417 acci-

305 2463 354 2529 dit
372 2478 410 2529 ut
428 2483 494 2530 non
512 2480 623 2530 nostra
645 2464 818 2546 duntaxat,
839 2465 896 2531 sed
914 2463 1038 2547 publici
1058 2463 1152 2530 etiam
1173 2464 1311 2548 exempli
1331 2463 1476 2544 intersit,

305 2575 422 2640 habete
442 2594 503 2641 nos
526 2575 561 2642 id
583 2577 673 2659 quod
691 2589 839 2642 nostrum
861 2589 918 2641 est.
960 2575 1048 2660 Jus'
1040 2575 1139 2660 igitur
1156 2575 1304 2643 divinum
1325 2575 1378 2642 his
1395 2594 1477 2658 quas

147 2698 229 2798 ιιι
219 2709 292 2799 suffit
285 2687 447 2753 diximus
467 2687 636 2754 sententiis
655 2689 741 2754 bello
763 2687 850 2753 omni
873 2707 939 2752 non
963 2687 1145 2754 intercedit
1190 2688 1276 2753 Cum
1298 2703 1403 2754 autem
1421 2689 1477 2772 jus

306 2819 401 2865 omne
432 2813 517 2866 recte
548 2798 800 2867 distribuatur'
792 2820 825 2865 ιιι
859 2799 1005 2865 divinum
1037 2815 1068 2865 et
1100 2800 1301 2880 humanum,
1331 2814 1363 2865 et
1394 2800 1477 2865 bella

306 2912 463 2995 quaedam
499 2933 537 2976 ex
566 2912 638 2996 jure
670 2911 783 2977 divino
815 2899 990 2994 procedere
1019 2911 1085 2995 jam
1119 2910 1374 2977 demonstratum
1408 2911 1476 2991 sit,

306 3025 414 3090 eadem
440 3023 528 3089 omni
545 3024 617 3108 jure
634 3024 733 3108 justa·
745 3041 815 3088 esse
835 3022 889 3087 illa
913 3021 1044 3106 colliget
1064 3022 1237 3088 auctoritas
1259 3023 1293 3103 l,
1318 3043 1401 3106 quae
1422 3023 1477 3107 jus

306 3146 481 3200 numanum
506 3137 561 3220 jus
584 3153 653 3200 esse
677 3149 795 3218 negat,
818 3133 845 3199 si
866 3133 932 3218 juri
952 3133 1065 3201 divino
1086 3148 1255 3217 repugnet.
1300 3133 1346 3198 Et
1368 3135 1477 3199 hacte-

305 3265 367 3312 nus
390 3246 512 3312 divinis
531 3245 725 3312 testimoniis
744 3245 867 3312 utimur
887 3251 922 3326 ⁵,
947 3245 1032 3312 unde
1054 3247 1157 3310 multo
1179 3245 1274 3310 etiam
1295 3248 1389 3328 plura
1409 3245 1477 3328 peti

303 3372 443 3442 possunt
474 3372 685 3442 argumenta,
711 3355 834 3423 sicum
859 3375 955 3440 supra
982 3355 1099 3440 positis
1130 3371 1161 3421 et
1191 3358 1230 3422 ab
1260 3356 1328 3440 ipsa
1361 3372 1477 3423 natura

303 3467 415 3553 petitis
447 3468 628 3535 rationibus
659 3467 922 3552 permisceantur.
970 3469 1160 3551 Sequuntur
1184 3468 1393 3535 auctoritates
1413 3469 1476 3535 hu·

303 3601 414 3647 manae
449 3580 557 3646 minus
589 3596 692 3646 certae
721 3579 851 3663 quidem
876 3580 976 3661 illae,
998 3580 1171 3646 admodum
1194 3595 1301 3647 tamen
1322 3580 1476 3664 probabi-

145 3704 267 3772 Propasta
304 3695 370 3759 les:
402 3707 480 3758 sunt
501 3707 607 3758 autem
629 3691 794 3776 duplices,
819 3713 837 3757 a
859 3690 951 3758 sactis
983 3691 1157 3773 dictisque.
1204 3692 1290 3758 Nam
1323 3692 1350 3757 si
1369 3693 1476 3776 justae

146 3774 184 3806 MS
199 3759 272 3806 inan·

144 3813 291 3914 xtig'zisl'ff·
303 3805 418 3872 merito
451 3802 675 3871 existimantur
696 3805 858 3888 justorum
885 3803 1030 3870 virorum
1052 3801 1218 3885 actiones,
1243 3803 1293 3885 Si,
1317 3803 1475 3887 inquam,

145 3922 261 3983 exemptas.
304 3917 417 3984 adres
441 3935 552 3982 omnes
574 3915 800 3982 discernendas
822 3914 998 3998 plurimum
1019 3916 1130 3979 valent
1153 3917 1322 3999 exempla,
1346 3930 1475 3999 tempus

306 4083 492 4094 ...ω’-...-

338 4177 345 4209 ¹
365 4179 396 4226 de
418 4177 462 4226 ira.
485 4181 502 4226 l.
524 4190 547 4236 3.
561 4191 584 4227 c.
601 4190 640 4226 ια.
673 4175 684 4208 ²
702 4179 733 4226 de
747 4190 820 4226 serm.
837 4178 910 4225 Dom.
927 4173 953 4224 in
967 4186 1061 4223 monte.
1081 4172 1145 4237 [vol.
1161 4187 1183 4232 3.
1198 4189 1223 4235 p.
1238 4189 1261 4223 2.
1278 4188 1304 4235 p.
1322 4177 1473 4238 ιιι-ιω]

304 4269 315 4305 ³
333 4271 398 4330 Aug.
424 4282 464 4329 ep.
482 4282 506 4338 ι.
523 4271 555 4318 ad
578 4270 694 4318 Marcell.
718 4268 810 4318 citatur
834 4267 861 4317 in
886 4281 909 4315 c.
930 4277 1038 4328 paratus.
1056 4266 1143 4328 [Dect.
1162 4267 1230 4314 Grat.
1247 4280 1273 4327 p.
1292 4280 1315 4315 2.
1333 4279 1373 4325 23.
1395 4280 1416 4314 ι.
1437 4267 1474 4330 2.]

301 4360 374 4411 Adde
389 4375 430 4421 ep.
448 4372 487 4416 50.
502 4363 533 4410 ad
548 4359 633 4408 Bonis.
652 4361 725 4408 Com.
743 4361 773 4410 V.
791 4373 813 4408 c.
830 4358 946 4408 ecclesia.
967 4371 990 4408 c.
1012 4371 1040 4406 ea
1058 4357 1180 4405 vindicta.
1197 4371 1220 4406 c.
1243 4357 1366 4418 quisquis.
1385 4357 1473 4419 [Decr.

304 4455 371 4502 Grat.
388 4467 413 4514 p.
432 4466 455 4501 2.
472 4465 512 4510 23·
529 4467 553 4515 4.
568 4466 590 4502 c.
606 4465 647 4514 42.
663 4463 688 4500 et
705 4463 744 4508 ει.
759 4463 783 4500 et
801 4450 853 4512 sn]
888 4448 899 4480 ⁴
917 4453 975 4498 Act.
991 4461 1014 4504 5·
1029 4461 1069 4510 29.
1103 4447 1113 4479 ⁶
1132 4449 1275 4509 adprobat.
1291 4459 1336 4498 art.
1350 4459 1472 4511 a.s.et4.
