3326 5506
347 611 408 676 172
651 611 699 660 DF.
722 611 815 678 June.
841 611 1026 660 PRAEDAE.
1052 614 1134 661 ΟΑΡ.
1159 617 1210 663 Xl.

344 781 376 833 et
405 765 468 850 ipsi
501 781 697 851 coeperunt:
731 782 824 834 tanto
857 783 965 834 tamen
999 768 1176 835 modestiae
1199 785 1231 836 et
1252 768 1518 852 aequanimitatis

343 893 619 961 temperamentO,
643 893 682 944 ut
699 877 846 964 singulas
864 879 1011 946 actiones
1029 881 1247 950 consideranti
1266 882 1344 948 satis
1355 896 1521 949 constaret

343 992 444 1058 solam
468 989 501 1054 in
525 989 700 1058 consilium
733 989 910 1058 adhibitam
942 989 1046 1058 fuisse
1069 992 1305 1060 necessitatem.
1352 993 1457 1081 Quod
1480 993 1521 1058 ad

342 1101 482 1168 Batavos
515 1101 695 1183 attinebat,
729 1100 824 1168 amici
858 1120 1017 1168 occursus
1050 1118 1134 1170 terra
1166 1104 1335 1188 marique,
1364 1103 1521 1171 Lusitani

342 1213 426 1279 intra
448 1231 548 1280 naves
570 1212 665 1280 etiam
678 1228 710 1279 et
720 1212 761 1278 ad
776 1215 889 1296 epulas
898 1214 1052 1297 admissi,
1075 1214 1158 1280 nihil
1169 1235 1280 1281 eorum
1293 1215 1362 1282 fieri
1372 1215 1519 1299 placuit,

343 1345 427 1407 quae
447 1324 531 1390 inter
549 1326 662 1391 hostes
683 1324 800 1390 licent:
825 1342 891 1391 non
911 1325 1060 1392 coloniae
1081 1340 1307 1410 oppugnatae,
1331 1346 1398 1392 non
1418 1345 1521 1393 naves

343 1435 517 1518 incensae,
549 1454 590 1502 ne
617 1435 777 1520 prohibiti
804 1434 939 1518 quidem
968 1436 1121 1505 Lusitani
1150 1437 1190 1503 ad
1209 1438 1338 1504 eosdem
1356 1453 1522 1504 mercatus

342 1545 466 1613 venire.
511 1547 631 1629 Neque
662 1546 738 1613 illos
764 1561 872 1612 tamen
901 1563 957 1614 aut
985 1567 1081 1615 causa
1113 1549 1287 1634 navigandi
1316 1549 1519 1631 necessita8‚

344 1673 487 1725 nuttam
510 1673 623 1742 pacata
646 1658 835 1743 negotiandi
859 1658 942 1726 ratio
964 1660 1143 1743 quidquam
1163 1660 1337 1746 mitigavit.
1361 1660 1520 1746 Magnum

345 1769 429 1836 enirn
449 1769 572 1837 crimen
590 1785 658 1834 erat
677 1769 873 1836 Batavorum
885 1789 952 1836 non
962 1785 1103 1854 egestate
1115 1771 1228 1854 potius
1238 1772 1397 1855 opprimi,
1420 1792 1520 1854 quam

344 1880 378 1948 in
399 1901 434 1946 ea
455 1881 637 1960 commoda,
662 1900 745 1963 quae
768 1882 898 1948 cunctis
921 1882 1110 1950 hominibus
1122 1898 1237 1948 natura
1247 1881 1421 1966 patefecit,
1444 1903 1521 1949 curn

345 1990 514 2060 Lusitanis
535 2011 738 2060 concurrere.
772 1993 847 2059 Hoc
867 2007 973 2059 tamen
993 1995 1064 2058 solo
1081 1996 1191 2060 colore
1202 1994 1292 2060 dictu
1304 1993 1521 2076 incredibile,

345 2118 467 2185 quanta
495 2103 625 2169 illorum
654 2102 759 2168 rabies
785 2104 864 2187 (nec
895 2105 980 2169 enirn
1002 2103 1066 2171 alio
1087 2105 1216 2172 nomine
1238 2106 1429 2188 appellanda
1452 2107 1520 2190 est)

344 2214 378 2278 in
410 2215 551 2282 Batavos
584 2214 760 2298 exarserit,
794 2215 875 2282 adeo
904 2215 1116 2298 innocentes,
1149 2232 1188 2283 ut
1216 2217 1364 2284 contenti
1382 2219 1520 2284 salutem

345 2343 436 2391 suant
467 2346 672 2410 propugnare
705 2325 762 2392 vix
793 2326 945 2409 plurimis
971 2319 1103 2412 flagitiis
1136 2328 1177 2392 ad
1209 2327 1368 2394 ultionem
1397 2327 1522 2411 impelli

343 2436 530 2520 potuerint:
565 2437 658 2519 quod
689 2437 836 2522 subjecta
863 2459 971 2504 rerum
1001 2439 1142 2504 narratio
1173 2439 1429 2522 demonstrabit,
1455 2460 1520 2506 non

345 2547 401 2614 illa
429 2547 561 2632 quidem
590 2548 673 2614 nihil
701 2549 876 2630 omittens,
910 2551 967 2616 sed
989 2551 1163 2634 praecipua
1181 2564 1306 2616 tantum
1328 2553 1522 2634 complexa,

186 2670 256 2717 Arane
270 2651 325 2730 15'9t
345 2680 362 2725 e
385 2660 508 2743 quibus
528 2675 653 2727 caetera
672 2680 729 2744 par
750 2675 799 2726 est
818 2660 971 2746 intelligi.
1011 2660 1119 2726 Prima
1141 2676 1258 2745 coepta
1281 2677 1330 2727 est
1353 2683 1371 2726 a
1390 2662 1522 2728 Batavis

346 2771 427 2837 adiri
456 2789 531 2855 pars
561 2771 617 2837 illa
643 2770 841 2854 Aethiopiae
865 2772 998 2838 Oceano
1021 2771 1213 2853 imminens,
1238 2793 1334 2855 quarn
1356 2773 1520 2840 Guineam

346 2882 508 2965 dicimus,
541 2883 703 2950 bernardo
727 2883 1003 2950 Medemelacensi
1025 2898 1243 2950 monstrante:
1274 2904 1344 2966 quo
1374 2900 1521 2968 tempore

344 2995 497 3062 Lusitani
516 3015 557 3062 ne
575 3014 634 3062 sua
652 3008 778 3062 tantum
798 2994 945 3062 barbarie
965 3009 1154 3076 uterentur,
1179 2993 1272 3062 Afris
1289 3010 1522 3078 persuaserunt

346 3106 430 3190 (ipsi
461 3127 538 3171 mox
570 3105 647 3172 Afri
680 3105 789 3172 onmia
821 3105 963 3174 confessi
996 3107 1092 3191 sunt)
1124 3105 1253 3174 venisse
1274 3108 1440 3189 latrones,
1466 3106 1522 3190 qui

346 3217 508 3284 mercandi
531 3216 640 3300 specie
663 3217 753 3300 ipsos
773 3217 806 3282 in
829 3217 1048 3300 captivitatem
1069 3217 1285 3284 abducerent:
1309 3238 1369 3284 nec
1392 3233 1519 3285 tanturn

346 3328 455 3394 verbis
474 3327 601 3394 animos
618 3327 820 3408 alienarunt,
845 3330 899 3395 sed
920 3331 1080 3412 pretium,
1105 3349 1172 3412 quo
1192 3329 1271 3396 istae
1292 3331 1388 3396 etiarn
1409 3346 1520 3415 gentes

346 3454 625 3522 corrumpuntur,
649 3439 689 3504 ad
700 3455 832 3506 centum
843 3441 984 3507 florenos
995 3457 1177 3525 posuerunt
1188 3442 1265 3524 his,
1284 3441 1342 3525 qui
1353 3443 1518 3508 hominem

346 3551 503 3617 Batavum
523 3548 721 3618 necuissent.
769 3551 883 3617 Artem
904 3551 999 3618 etiam
1019 3553 1220 3634 docuerunt,
1241 3573 1306 3636 qua
1327 3573 1443 3619 aurum
1468 3554 1520 3638 (id

348 3661 432 3728 enirn
463 3660 535 3727 istis
566 3681 605 3726 ex
637 3662 719 3728 locis
749 3663 892 3747 petitur)
922 3663 1149 3730 adulterarent.
1201 3665 1355 3747 Cumque
1385 3665 1519 3733 Simone

348 3773 434 3857 Tajo
457 3772 542 3837 duce
564 3773 605 3837 ad
622 3774 883 3856 promontorium
904 3775 1070 3857 Coreum,
1095 3776 1186 3858 quod
1205 3776 1313 3842 eadem
1333 3775 1367 3841 in
1387 3776 1521 3862 regione

348 3899 417 3966 est,
441 3883 671 3968 navigaretur,
695 3887 830 3970 vulgato
849 3906 978 3952 rumore
997 3890 1147 3972 regulum
1167 3888 1239 3972 ejus
1258 3889 1371 3971 plagae
1390 3887 1521 3954 venisse

348 4011 385 4061 ut
406 4014 521 4061 navem
545 3995 743 4078 inspiceret,
768 3996 849 4064 alios
870 3999 1148 4080 subornaverant,
1173 3998 1230 4081 qui
1252 3999 1393 4066 Batavos
1403 4001 1521 4083 scapha

345 4120 521 4188 provectos
550 4106 680 4190 longius
713 4107 986 4174 circumvenirent
1017 4109 1320 4192 interficerentque:
1365 4111 1459 4194 quod
1491 4125 1521 4176 et

347 4217 470 4282 facturn
490 4234 550 4284 est.
575 4217 730 4306 Idemque
749 4219 939 4288 horninibus
957 4221 1097 4304 Delphis
1118 4221 1151 4287 in
1173 4241 1241 4287 earn
1254 4241 1343 4288 oram
1356 4222 1520 4305 pervectis

348 4326 486 4408 accidit,
519 4343 606 4395 emto
629 4330 669 4395 ad
690 4330 909 4414 proditionem
943 4332 1145 4416 negotiatore
1168 4331 1273 4416 Afro,
1302 4333 1357 4399 cui
1380 4333 1520 4400 Voticae

348 4459 465 4506 nomen
505 4455 538 4506 et
566 4443 722 4508 nonnulla
753 4443 840 4526 apud
869 4443 1009 4511 Batavos
1039 4443 1214 4514 auctoritas
1235 4443 1399 4527 frequenti
1433 4465 1518 4512 conr-
