3362 5504
703 569 911 611 oocumsurn.
1331 569 1387 630 357

220 759 278 801 non
301 746 330 802 in
353 760 442 802 meam
471 746 569 819 potius
597 761 698 802 navem
728 742 874 814 incidisti,
902 759 962 816 quo
982 742 1070 818 magis
1091 741 1227 814 vidisses,
1248 755 1388 818 quantum

217 847 306 907 distet
326 851 412 908 unius
433 850 514 907 navis
536 847 664 906 defensio
686 859 715 907 et
737 849 863 906 alterius.
885 848 945 905 Res
967 864 1039 921 quae
1062 847 1214 906 Hollandis
1230 849 1387 908 Macaiinte

217 952 340 1023 accidit,
375 970 420 1011 me
448 953 633 1012 vehementer
663 952 836 1022 conturbat,
870 953 1037 1026 praesertim
1066 969 1131 1009 cum
1159 968 1259 1026 parum
1288 969 1387 1011 causae

217 1068 306 1127 esset,
327 1074 416 1131 quare
437 1069 494 1115 tam
515 1056 662 1114 atrocibus
684 1057 785 1130 poenis
807 1058 1013 1130 plecterentur.
1036 1053 1091 1113 Sed
1110 1071 1165 1130 pro
1176 1068 1257 1114 certo
1268 1057 1387 1128 habeas,

216 1172 363 1220 auctorem
394 1161 530 1218 facinoris
557 1161 612 1234 jam
641 1161 775 1218 vinctum
805 1161 834 1217 in
866 1176 980 1217 carcere
1002 1160 1093 1217 teneri
1115 1171 1145 1218 et
1166 1176 1271 1233 poenas
1292 1162 1387 1235 capite

216 1263 361 1322 daturum.
403 1265 479 1338 Erga
509 1262 687 1332 Holland0s‚
719 1265 771 1337 qui
801 1263 858 1321 huc
886 1278 992 1321 venere
1013 1279 1028 1320 e
1050 1279 1139 1337 regno
1171 1264 1282 1321 Sinensi
1303 1267 1387 1322 vela

216 1369 362 1426 Moluccis
382 1369 476 1426 bonus
496 1368 696 1442 benignusque
717 1368 759 1425 fui
780 1379 809 1425 et
831 1384 937 1424 merces
958 1384 1057 1426 eorum
1080 1384 1177 1424 omnes
1198 1370 1264 1425 emi.
1302 1369 1386 1426 Hanc

217 1472 271 1529 tibi
301 1489 401 1529 navem
431 1473 535 1542 mitto,
564 1472 648 1529 simul
679 1488 744 1528 cum
775 1469 947 1540 Hollandis,
975 1489 1047 1545 quos
1069 1472 1235 1529 hominibus
1257 1470 1292 1529 de
1314 1488 1386 1530 nave

215 1563 384 1633 Lusitanica
412 1576 441 1632 in
470 1576 574 1633 itinere
601 1573 637 1631 ad
667 1591 718 1654 nos
746 1573 889 1648 praesidio
917 1573 1039 1645 dedisti,
1065 1587 1095 1633 et
1115 1593 1243 1649 magnam
1266 1578 1385 1650 gratiam

217 1679 270 1736 tibi
301 1678 428 1748 habebo,
458 1680 480 1736 si
501 1679 571 1736 mihi
597 1679 706 1735 miseris
727 1679 945 1752 presbyterum,
966 1679 1083 1736 fratrem
1105 1680 1284 1750 Antonium,
1306 1697 1386 1754 prae-

216 1782 324 1840 fectum
352 1782 433 1840 navis
454 1793 484 1839 et
505 1783 631 1854 reliquos
659 1783 831 1852 Lusitanos,
860 1799 934 1854 quos
963 1781 1056 1841 adhuc
1086 1784 1116 1840 in
1137 1784 1261 1841 vinculis
1283 1784 1386 1854 habes,

216 1898 245 1944 et
277 1903 342 1943 cunr
374 1902 440 1959 rege
472 1903 552 1958 agas,
582 1896 616 1943 ut
648 1902 814 1960 recuperem
846 1885 993 1954 homines,
1025 1903 1097 1959 quos
1129 1887 1324 1944 Malaccenses
1355 1887 1385 1945 in
1442 1875 1444 1880 ¹

215 1990 302 2064 junca
331 1990 442 2047 Sinensi
471 2000 630 2064 ceperunt,
658 1991 749 2063 iisque
774 1989 926 2047 confirmes
948 1991 977 2047 in
999 1990 1103 2047 itinere
1124 1990 1159 2046 ab
1180 1991 1259 2048 omni
1281 1990 1387 2063 injuria

218 2105 297 2151 tutos
319 2093 391 2151 fore.

257 2197 337 2254 Haec
370 2197 453 2254 vobis
488 2195 664 2254 documento
698 2197 757 2254 sint
784 2197 861 2255 facta
888 2208 986 2254 nostra
1013 2213 1078 2254 cum
1106 2195 1192 2254 dictis
1220 2199 1386 2257 convenire.

216 2301 358 2358 Dominus
379 2303 457 2359 Deus
478 2318 531 2359 vos
552 2303 644 2358 salvos
665 2300 749 2358 faxit.
790 2301 956 2370 Maraccae,
977 2299 1006 2358 d.
1026 2317 1055 2373 9.
1071 2301 1190 2371 Martii,
1211 2318 1287 2358 anno
1301 2304 1386 2374 1603.

918 2404 1029 2461 Fernao
1050 2403 1096 2461 dal
1119 2406 1306 2478 Buquerque.

253 2502 429 2582 (Inscriptio
445 2516 522 2564 erat:
544 2506 653 2578 Jacobo
666 2505 891 2576 Hemskerckio,
912 2507 1058 2580 praefecto
1070 2509 1166 2566 classis
1178 2506 1385 2577 Hollandicae‚

216 2610 285 2667 haec
306 2611 427 2684 epistola
447 2611 575 2669 mittitur
596 2627 611 2667 a
632 2609 778 2683 praefecto
800 2607 978 2687 Malaccae).

704 2790 899 2801 ..α-..ἡ

746 2919 852 3019 VH.

459 3161 612 3220 Earssorn
634 3176 757 3219 stanna
778 3177 915 3233 aJusnnm
937 3177 977 3218 nu
1000 3177 1145 3220 sumnam.

623 3267 659 3323 A.
685 3267 769 3338 1603.
790 3263 898 3323 Mans.
922 3267 968 3324 26.

254 3567 379 3624 Litteras
401 3577 463 3625 tuas
486 3583 553 3625 cunr
575 3583 678 3641 magno
699 3566 804 3641 gaudio
825 3567 942 3639 accepi,
963 3583 979 3624 e
1000 3566 1106 3640 quibus
1127 3566 1196 3623 mihi
1218 3569 1310 3640 palam
1332 3565 1383 3636 fit,

213 3685 297 3741 quarn
326 3667 466 3742 benignus
495 3668 583 3728 fueris
611 3686 677 3744 erga
706 3671 835 3727 homines
864 3668 900 3727 de
928 3686 1000 3727 nave
1029 3681 1121 3743 capta.
1163 3670 1229 3728 Hoc
1250 3671 1326 3730 enim
1347 3668 1383 3726 ab

214 3773 387 3847 imperatore
418 3784 447 3831 et
479 3773 625 3847 praefecto
656 3774 761 3831 merito
792 3783 993 3846 exspectatur,
1031 3789 1084 3830 nec
1116 3773 1176 3846 ipse
1207 3773 1265 3830 alio
1295 3771 1383 3830 modo

212 3894 308 3950 agam,
339 3878 361 3934 si
392 3877 508 3950 quando
540 3877 606 3947 fiet,
637 3888 670 3936 ut
703 3876 915 3935 Hollandorum
947 3877 1049 3950 aliquis
1082 3877 1112 3934 in
1144 3877 1201 3934 hoc
1234 3879 1381 3935 castelium

212 3979 376 4040 inducatur.
418 3980 506 4060 Quod
527 3998 598 4039 vero
619 3981 719 4039 scribis
740 3980 775 4039 de
796 3981 962 4039 hominibus
983 3981 1103 4050 vestris,
1124 3982 1175 4053 qui
1197 3979 1273 4055 apud
1294 3979 1382 4038 Indos

212 4085 242 4142 in
264 4086 366 4143 insulis
395 4085 541 4160 Japonicis
571 4084 697 4159 degunt,
728 4087 765 4143 D.
794 4086 927 4144 Vicarius
948 4085 1044 4143 omnia
1065 4085 1151 4153 facit,
1172 4100 1246 4157 quae
1266 4094 1380 4158 potest,

211 4198 244 4246 ut
266 4189 323 4245 illis
344 4188 417 4246 bene
428 4191 483 4261 sit3
504 4188 580 4246 idem
595 4191 749 4263 aegerrime
760 4190 818 4247 fert
828 4191 998 4247 sententiam
1010 4187 1046 4247 de
1059 4187 1211 4246 Hollandis
1223 4189 1381 4246 Macai'mte

211 4294 296 4348 latam
317 4302 347 4349 et
369 4303 586 4366 procuratorem
606 4291 710 4366 judicii
732 4295 864 4351 vinctum
886 4295 915 4350 in
938 4308 1079 4351 carcerem
1100 4291 1205 4350 abduci
1226 4291 1326 4364 jussit,
1347 4303 1380 4350 ut

211 4395 338 4467 graviter
369 4396 399 4453 in
431 4413 496 4454 eum
527 4395 778 4455 animadverteret.
830 4398 877 4455 Tu
909 4397 997 4470 igitur
1032 4397 1093 4454 noli
1125 4396 1208 4454 irasci
1240 4396 1380 4454 universis
