3362 5504
664 608 873 650 uocuuuurs.
1295 606 1350 665 353

175 781 256 842 dedit
286 784 444 851 Bantamo,
472 781 548 840 haud
580 786 665 858 longe
686 801 702 842 a
724 797 812 857 regno
844 782 929 857 Jorae
960 797 1081 840 caracca
1104 781 1219 840 obviarn
1243 781 1295 851 iit,
1316 781 1353 840 de

175 906 231 964 qua
260 909 339 949 nunc
369 887 552 962 disputatur,
570 865 651 946 ¹viris
679 889 870 961 septingentis
896 887 1011 946 armatis
1034 888 1195 956 instructa,
1216 886 1350 945 omnibus

176 995 341 1064 Lusitanis,
373 995 395 1050 si
424 1009 532 1066 paucos
554 990 698 1066 excipias,
729 1003 759 1049 et
780 991 911 1049 hostibus
933 992 1042 1065 patriae
1064 1001 1198 1058 nostrae,
1229 989 1352 1047 maxime

175 1115 246 1156 vero
267 1097 378 1155 infestis
400 1097 611 1170 negotiationi,
634 1113 718 1169 quam
730 1096 779 1155 hic
791 1111 966 1153 exercemus.
988 1092 1077 1174 Quod
1094 1112 1161 1152 curn
1173 1095 1351 1167 intelligeret

177 1202 419 1269 Hemskerckius,
448 1197 497 1278 (et
526 1201 618 1274 probe
648 1199 758 1258 sciebat
789 1197 913 1257 Ordines
936 1197 1098 1256 foederatos
1121 1196 1219 1256 edicto
1241 1199 1350 1256 consti·

175 1305 280 1375 tuisse,
311 1316 345 1362 ut
365 1305 462 1362 omnia
483 1305 558 1361 bona
580 1302 763 1362 subditorum
786 1305 859 1377 regis
883 1303 1059 1376 Hispaniae,
1080 1319 1261 1375 quocunque
1283 1305 1350 1359 loco
1405 1286 1407 1294 ¹

175 1424 221 1466 eas
242 1408 272 1465 in
294 1418 467 1482 potestatem
488 1418 615 1466 nostram
637 1405 846 1480 redegerimus,
868 1404 973 1480 praeda
985 1416 1083 1463 nostra
1095 1403 1171 1484 sint)
1185 1422 1350 1474 caraccam,

175 1523 212 1571 ut
233 1512 440 1581 constituerat,
460 1528 607 1585 aggressus
629 1523 672 1569 est
692 1523 722 1569 et
737 1510 935 1584 expugnavit,
958 1510 1087 1567 homines
1099 1511 1212 1567 illaesos
1223 1508 1350 1577 dimisit,

176 1617 265 1689 ipsam
286 1632 388 1674 navem
410 1616 467 1674 huc
485 1614 625 1685 adduxit,
646 1630 809 1687 mercesque
820 1607 929 1687 exponi
941 1624 971 1672 et
981 1612 1084 1671 ordine
1096 1614 1204 1671 servari
1217 1613 1347 1671 curavit:

176 1720 207 1776 in
228 1719 272 1777 his
293 1718 434 1777 mercibus
456 1730 538 1776 erant
559 1730 652 1777 vestes
673 1729 702 1776 et
724 1734 767 1776 res
789 1716 925 1790 quaedam
938 1728 1108 1788 nautarum,
1130 1732 1204 1790 quos
1217 1716 1349 1774 Lusitani

175 1821 334 1880 Macaisnte
355 1819 509 1896 suspendio
530 1823 748 1880 interfecerant.
770 1819 872 1879 Indica
895 1821 1021 1879 Societas
1042 1820 1113 1878 haec
1134 1821 1230 1878 omnia
1249 1836 1350 1878 secun-

175 1924 246 1983 dum
278 1925 480 1983 Hemslrerclrii
512 1926 706 1984 narrationem
738 1923 949 1984 Admiralitatis
982 1925 1108 1998 collegio
1141 1925 1296 1999 exposuit,
1316 1935 1350 1982 ut

116 2013 117 2016 ¹
176 2046 220 2087 res
251 2026 354 2087 ordine
385 2027 543 2103 procedere
573 2041 687 2102 posset,
719 2041 748 2088 et
779 2045 844 2087 curn
866 2045 950 2086 nemo
970 2027 1098 2096 adesset,
1130 2029 1179 2101 qui
1202 2044 1347 2086 caraccam

175 2136 222 2191 vel
254 2133 330 2190 bona
361 2131 430 2191 inde
461 2144 556 2191 sumta
586 2144 716 2207 repetere
747 2143 921 2200 conaretur,
943 2132 1098 2206 petitores,
1120 2132 1142 2188 si
1166 2132 1349 2204 quiessent,

175 2238 226 2310 qui
247 2235 279 2294 id
298 2236 393 2295 facere
413 2234 614 2306 intenderent,
635 2237 678 2294 his
701 2248 735 2294 ut
753 2237 840 2294 moris
864 2246 906 2294 est
924 2228 955 2292 in
974 2233 1185 2293 Admiralitatis
1205 2235 1348 2308 collegio,

177 2342 271 2414 spatio
292 2339 517 2414 quatuordecem
538 2338 649 2398 dierum
671 2341 863 2414 interposito,
891 2350 936 2397 ter
962 2337 1037 2396 diem
1059 2337 1275 2412 prodixerunt:
1298 2335 1347 2396 sed

176 2460 261 2502 nerno
281 2442 391 2503 adfuit:
413 2445 512 2517 itaque
533 2456 636 2517 rogatu
658 2445 834 2518 petitorum,
856 2460 921 2501 cunr
942 2443 1085 2518 neminem
1096 2441 1192 2500 adesse
1204 2452 1350 2500 constaret

177 2565 231 2606 nec
261 2548 352 2621 prima
383 2564 437 2606 nec
469 2549 555 2606 tertia
586 2545 651 2618 die,
671 2549 736 2604 illos
759 2564 882 2620 quorum
905 2557 966 2604 erat
988 2563 1131 2604 caraccam
1153 2557 1182 2603 et
1203 2545 1279 2603 bona
1300 2543 1350 2602 de-

176 2649 313 2720 fendere,
343 2663 526 2709 contumaces
558 2650 698 2709 declarari
730 2667 784 2708 nec
815 2653 902 2708 ullam
924 2651 958 2706 iis
980 2651 1184 2724 exceptionem
1207 2649 1349 2721 reliquam

175 2754 268 2812 facere
296 2755 416 2828 placuit.
457 2755 559 2827 Itaque
590 2755 664 2812 nihil
696 2764 859 2828 supererat,
882 2770 966 2826 quam
987 2764 1021 2810 ut
1043 2754 1182 2826 petitores
1205 2753 1349 2810 actionem

177 2857 363 2916 intenderent
384 2869 414 2916 et
434 2856 623 2929 documenta,
644 2875 716 2931 quae
737 2856 773 2915 ad
795 2874 853 2916 rem
869 2859 1068 2931 pertinerent,
1087 2857 1184 2914 omnia
1196 2854 1350 2913 afferrent:

177 2978 231 3020 nec
254 2959 283 3018 id
305 2962 400 3019 facere
420 2963 596 3020 omiserunt:
617 2979 676 3035 quo
697 2963 775 3020 facto
797 2961 951 3034 collegium
968 2957 1118 3030 decrevit,
1138 2957 1249 3018 dictum
1269 2976 1350 3032 prae·

177 3066 284 3123 fectum
315 3064 380 3138 iure
410 3082 443 3123 ac
476 3067 580 3124 merito
611 3082 755 3123 caraccam
777 3076 806 3123 et
827 3066 920 3135 bona,
947 3063 983 3122 de
1005 3064 1113 3137 quibus
1135 3078 1213 3122 nunc
1235 3063 1350 3136 agitur,

176 3169 301 3242 cepisse,
338 3169 474 3241 quoniam
506 3169 713 3228 Lusitanorum
745 3169 891 3250 fuissent,
927 3168 978 3240 qui
1010 3164 1119 3225 subditi
1151 3177 1245 3224 essent
1276 3167 1349 3239 regis

178 3273 351 3346 Hispaniae,
383 3272 473 3330 hostis
498 3273 714 3346 provinciarum
735 3270 946 3330 foederatarum
967 3282 997 3330 et
1020 3270 1118 3328 infesti
1141 3269 1351 3343 negotiationi,

176 3393 262 3449 quarn
292 3387 449 3445 exercent,
480 3387 509 3434 et
537 3394 622 3450 quam
652 3393 705 3434 rex
725 3377 859 3434 omnibus
880 3373 972 3433 modis
995 3374 1023 3431 in
1047 3372 1130 3431 lndia
1153 3373 1297 3432 Orientali
1319 3384 1348 3431 et

171 3477 362 3564 'Occidentali
384 3476 524 3553 impedire
545 3478 659 3537 studet:
681 3480 859 3553 praefectum
880 3496 951 3537 vero
962 3477 1082 3538 idtecte
1094 3477 1190 3535 facere
1201 3478 1349 3550 potuisse,

177 3599 236 3640 non
258 3593 370 3641 tantum
392 3583 502 3656 legibus
524 3583 640 3657 scriptis
650 3594 680 3640 et
694 3583 759 3657 jure
770 3584 916 3656 gentium,
938 3581 1082 3640 sedetiam
1095 3578 1349 3639 edictoOrdiuum

82 3736 85 3740 .
177 3684 389 3744 foederatorum
411 3698 440 3744 et
461 3683 603 3743 codicillis
627 3686 786 3760 Principis,
808 3687 882 3744 sicut
903 3686 1038 3745 Lusitani
1060 3697 1089 3743 et
1101 3686 1160 3759 ipse
1172 3685 1348 3758 gubernator

177 3789 324 3848 Malaccae
356 3792 447 3864 palam
478 3800 678 3863 agnoverunt,
710 3806 853 3848 caraccam
885 3790 920 3846 ab
954 3789 1162 3847 Hemskerckio
1194 3789 1257 3862 jure
1278 3788 1348 3845 belli

177 3904 288 3967 captam
319 3910 388 3952 esse.
430 3893 572 3951 Petitores
604 3895 753 3967 quomagis
782 3894 852 3952 haec
875 3894 915 3952 ita
937 3909 965 3950 se
987 3893 1091 3950 habere
1112 3904 1142 3950 et
1162 3892 1259 3949 omnia
1279 3907 1348 3949 vera

177 4013 235 4054 esse
268 4008 435 4071 appareret,
466 3998 545 4055 varia
576 3994 766 4064 documenta,
798 4008 861 4055 acta
892 4007 922 4054 et
954 3996 1063 4054 litteras
1096 3996 1291 4054 exhibuerunt
1319 4007 1348 4054 et

176 4102 380 4174 postularunt,
417 4111 451 4158 ut
483 4098 694 4159 Admiralitatis
737 4101 890 4174 collegium
922 4099 1064 4173 judicaret
1108 4116 1253 4159 caraccam
1285 4099 1349 4173 jure

176 4214 288 4278 captam
319 4201 412 4261 videri
433 4215 462 4262 et
483 4204 628 4277 publicam
659 4203 791 4278 praedam
820 4221 887 4262 esse.
930 4204 1094 4277 Collegium
1118 4202 1345 4274 Admiralitatis,

178 4323 208 4366 re
239 4305 290 4364 diu
321 4309 502 4381 multumque
533 4307 728 4376 considerata,
760 4307 891 4367 decrevit
921 4324 1065 4366 caraccam
1099 4324 1165 4366 cum
1196 4307 1349 4377 omnibus,

176 4428 249 4483 quae
280 4412 410 4480 inerant,
441 4412 544 4480 bonis,
565 4412 709 4485 publicam
732 4412 864 4488 praedam
886 4429 946 4470 esse
968 4424 997 4470 et
1018 4412 1081 4485 jure
1103 4423 1214 4485 captam
1236 4410 1348 4481 videri,

1192 4532 1227 4587 23
