3362 5504
345 604 408 665 322
652 608 698 654 DE
722 609 816 673 JURE
842 608 1027 655 PRAEDAE.
1052 609 1132 655 CAP.
1155 609 1218 654 XV.

344 779 442 842 quam
474 761 559 830 inter
588 762 768 832 Lusitanos
794 763 1001 848 cognationis
1028 762 1247 830 necessitudo.
1293 763 1375 830 Etsi
1390 783 1431 830 ne
1453 765 1517 830 hoc

345 872 478 955 quidem
511 873 648 940 nimium
680 874 862 940 mirandum
895 889 966 953 est,
1000 895 1074 940 eum
1098 875 1217 957 passim
1242 875 1396 942 Lusitani
1420 875 1518 941 etiam

344 984 548 1066 Lusitanos,
581 984 640 1066 qui
672 1005 750 1052 suae
782 1004 849 1051 non
881 999 959 1052 sunt
993 985 1182 1065 societatis,
1208 985 1260 1052 sui
1284 1001 1410 1052 tantum
1433 987 1518 1053 lucri

346 1095 447 1180 gratia
478 1094 669 1177 invidiaque
701 1097 741 1162 ad
772 1116 883 1162 necem
905 1111 1158 1179 persequantur.
1205 1098 1261 1162 Ab
1284 1098 1337 1164 his
1360 1097 1462 1182 igitur
1483 1118 1519 1164 se

344 1207 429 1274 tueri
451 1227 548 1274 nemo
570 1207 635 1276 nisi
658 1206 846 1276 ulciscendo
869 1222 990 1292 potest.
1015 1208 1124 1290 Nam,
1149 1224 1187 1275 ut
1208 1224 1295 1284 recte
1318 1209 1403 1275 dixit
1423 1210 1519 1275 theo·

345 1320 441 1403 logus
454 1319 622 1402 Hispanus
634 1321 668 1400 ¹,
685 1320 828 1401 bellum,
853 1319 948 1386 etiam
969 1319 1171 1386 defensionis
1190 1321 1293 1387 solius
1311 1341 1408 1388 causa
1428 1341 1519 1387 com-

345 1445 515 1514 paratum,
548 1431 615 1515 geri
647 1441 713 1498 nou
743 1445 873 1514 potest,
905 1431 969 1497 nisi
1001 1432 1101 1498 simul
1128 1432 1161 1498 in
1185 1433 1298 1499 hostes
1320 1433 1517 1500 vindicetur.

347 1542 484 1608 Fierent
507 1547 592 1608 enim
616 1544 744 1625 hostes,
767 1542 901 1625 inquit,
924 1543 1120 1609 audaciores
1143 1544 1192 1609 ad
1211 1549 1334 1610 iterum
1358 1543 1519 1612 inuaden-

345 1655 447 1734 dam,
480 1657 548 1719 nisi
578 1656 697 1718 timore
721 1667 846 1738 poenae
868 1653 1123 1720 deterrerentur
1145 1655 1187 1720 ab
1210 1657 1356 1740 injuria.
1404 1655 1519 1741 Quan-

345 1781 416 1832 tum
450 1765 551 1850 igitur
588 1764 722 1848 publice
760 1765 895 1833 interest
933 1781 1147 1833 mercaturam
1185 1766 1328 1833 Indicam
1361 1767 1519 1848 retineri,

345 1877 547 1944 tantumdem
579 1876 781 1958 Lusitanos,
815 1878 1082 1959 quandocunque
1113 1878 1208 1944 datur
1239 1878 1392 1958 occasio,
1423 1877 1519 1944 malis

346 1991 524 2074 omnibus,
556 2010 697 2073 quorum
728 1988 931 2056 levissimum
964 2003 1012 2055 est
1045 2010 1153 2056 rerum
1182 1990 1332 2074 jactura,
1361 1989 1518 2056 coerceri.

344 2103 390 2168 Et
411 2103 472 2168 hae
504 2101 636 2184 quidem
671 2100 918 2168 commoditates
941 2100 1055 2181 intus,
1079 2101 1161 2168 aliae
1182 2119 1262 2167 vero
1285 2121 1351 2167 non
1375 2101 1519 2168 minores

347 2228 436 2280 extra
458 2214 541 2280 sitae
564 2228 661 2294 sunt,
674 2212 707 2278 in
730 2211 895 2279 sociorum
919 2212 1102 2278 commodis
1124 2226 1182 2279 aut
1208 2212 1425 2279 incommodis
1443 2213 1521 2278 hos·

214 2334 334 2432 sijum
347 2326 441 2392 tium.
486 2327 525 2392 ln
555 2324 645 2392 omni
672 2326 736 2390 hoc
764 2325 919 2390 universo
947 2339 1023 2407 post
1050 2323 1158 2390 Deum
1189 2324 1405 2392 immortalem
1435 2325 1521 2390 nihil

347 2437 473 2505 homini
506 2451 556 2503 est
586 2436 701 2502 utilius
729 2437 884 2516 homine,
908 2437 995 2503 unde
1017 2456 1142 2503 summa
1163 2435 1290 2502 utilitas
1313 2436 1417 2502 estin
1441 2456 1522 2502 con-

345 2549 495 2616 ciliandis
507 2549 677 2618 hominum
690 2548 832 2630 studiis,
856 2549 977 2630 dequo
997 2547 1115 2614 Cicero
1127 2547 1240 2614 multis
1251 2548 1318 2632 agit
1327 2548 1520 2614 Panaetium

345 2676 503 2743 secutus,
528 2660 587 2744 qui
610 2680 739 2727 omnem
759 2661 799 2725 de
820 2659 895 2726 utili
914 2658 1170 2741 disputationem
1190 2658 1223 2725 in
1243 2659 1306 2724 isto
1326 2675 1520 2743 argumento

345 2788 578 2841 consumserat.
626 2771 721 2838 Sicut
744 2786 776 2836 et
797 2770 995 2836 Aristoteles
1009 2768 1026 2804 ‘²
1046 2770 1129 2836 inter
1153 2791 1189 2835 ea
1223 2791 1307 2852 quae
1340 2770 1519 2853 plurimum

344 2900 493 2968 prosunt
507 2883 628 2950 amicos
648 2882 742 2966 ponit
772 2897 804 2948 et
832 2881 1011 2964 amicitias,
1036 2901 1119 2964 quas
1139 2896 1172 2947 et
1190 2903 1248 2965 per
1266 2901 1301 2948 se
1322 2883 1521 2965 expetendas

346 2997 449 3079 dicit,
482 3011 515 3062 et
545 3014 615 3062 esse
647 2997 824 3060 multarum
856 3013 964 3059 rerum
997 2993 1200 3073 effectrices,
1225 2994 1311 3060 unde
1333 3000 1520 3080 φιλεταιρίων

344 3119 396 3186 τῆς
418 3111 677 3196 ariomanitae,
701 3109 873 3171 amicitiae
891 3104 1110 3191 cupiditatem
1124 3109 1287 3191 pecuniae
1306 3104 1519 3190 cupiditate,

211 3241 333 3316 aretam
344 3219 611 3302 praestantiorem
631 3218 769 3302 judicat.
817 3217 904 3282 Cum
927 3230 1034 3282 autem
1058 3230 1169 3282 contra
1188 3215 1284 3282 etiarn
1306 3217 1457 3298 accidat,
1481 3231 1523 3282 ut

210 3297 237 3340 ¹'
346 3331 498 3398 homines
528 3329 719 3396 hominibus
750 3328 927 3411 plurimum
958 3327 1091 3408 obsint,
1116 3329 1206 3409 quod
1235 3347 1352 3394 versus
1378 3327 1435 3395 ille
1453 3328 1521 3412 sig-

345 3440 473 3508 nificat:

432 3554 599 3619 Perm'ties
623 3554 748 3618 domiai
771 3572 857 3638 qaae
877 3552 1059 3616 maxima?
1084 3549 1170 3614 salas
1193 3552 1284 3616 hamo
1308 3551 1423 3631 aiter,

346 3685 387 3731 ex
409 3664 645 3732 contrariorum
669 3678 786 3728 natura
803 3661 954 3745 sequitur
971 3661 1005 3726 id
1026 3661 1123 3728 nobis
1140 3661 1301 3744 optimum
1320 3681 1389 3728 esse
1402 3710 1415 3743 ,
1428 3665 1522 3745 quod

346 3774 488 3842 inimicis
507 3775 685 3858 pessimum
710 3788 779 3840 est:
803 3774 891 3840 sicut
912 3793 929 3837 e
950 3772 1080 3838 diverso
1100 3771 1193 3854 quod
1213 3773 1367 3840 hostibus
1387 3776 1520 3858 placet,

346 3885 381 3950 id
401 3885 497 3951 nobis
518 3884 734 3968 pernitiosum
759 3904 828 3950 esse
852 3883 1089 3968 intelligimus,
1111 3883 1199 3950 unde
1223 3900 1295 3965 est,

478 3997 548 4062 Hac
569 3997 706 4062 Ithacus
728 3997 810 4064 uelit
833 4009 865 4061 et
888 4017 1005 4082 magea
1027 4009 1217 4061 mercentur
1238 3995 1399 4064 Atridae.

389 4106 513 4174 Merito
543 4107 645 4192 igitur
668 4107 726 4190 qui
758 4107 798 4173 de
817 4106 956 4173 utilibus
976 4106 1126 4173 scribunt
1145 4121 1178 4172 et
1199 4107 1317 4174 hocin
1337 4108 1519 4192 praecipuo

346 4216 460 4283 ordine
489 4221 663 4285 collocant.
708 4219 761 4283 Ac
792 4217 932 4300 primum
954 4217 1116 4284 amicitiae
1137 4218 1333 4300 quantavis
1355 4219 1400 4284 sit
1421 4239 1520 4286 nemo

346 4369 540 4382 ι----.-...,.,

381 4453 388 4484 ¹
407 4453 474 4502 Vict.
492 4457 523 4503 de
541 4453 596 4510 iure
614 4453 694 4512 belli,
712 4453 738 4500 in
756 4454 837 4513 princ.
872 4451 1007 4502 ⁹Rhetor.
1028 4468 1049 4502 r.
1068 4467 1091 4501 c.
1110 4455 1134 4502 6.
1155 4453 1193 4516 [p.
1215 4455 1286 4512 1362.
1305 4455 1330 4502 b.
1348 4469 1386 4504 vs.
1408 4455 1460 4516 ts.]
