3326 5506
281 654 287 660 ·
337 620 400 683 206
657 635 703 681 nn
727 634 820 702 Junn
846 631 1029 714 tunsone.
1055 631 1135 678 cnn.
1160 631 1225 678 x11.

338 803 422 857 esset
453 787 577 872 uspiam
612 789 699 872 apud
720 807 833 854 omnes
855 787 1032 854 videretur.
1078 785 1194 853 Poetas
1217 785 1328 878 itaque
1358 803 1518 855 canentes

336 900 507 968 audimus:

490 1011 563 1077 Nee
583 1031 660 1079 uero
679 1024 795 1077 terrae
811 1010 912 1096 ferre
934 1029 1039 1074 omnes
1061 1012 1171 1075 omnia
1188 1023 1338 1095 pessunt.

382 1123 463 1188 Item
478 1127 508 1186 ¹:
900 1129 904 1138 '

491 1231 671 1298 Excudent
693 1232 782 1313 alii,

339 1360 370 1411 et
393 1365 475 1428 quae
505 1358 703 1427 sequuntur.
747 1342 822 1409 Hoc
844 1341 946 1428 igitur
969 1343 1028 1426 qui
1048 1345 1196 1423 tollunt,
1220 1342 1307 1410 illam
1326 1343 1521 1413 laudatissi-

338 1477 421 1524 mam
443 1457 566 1522 tollunt
587 1455 722 1521 humani
753 1454 879 1541 generis
906 1454 1118 1535 societatem,
1136 1456 1258 1522 tollunt
1278 1471 1409 1524 mutuas
1429 1458 1521 1524 bene

338 1567 480 1635 faciendi
509 1564 720 1648 occasiones,
748 1579 903 1648 ,naturam
936 1565 1079 1649 denique
1110 1566 1211 1651 ipsam
1242 1567 1380 1635 violant.
1424 1568 1520 1634 Nam

340 1695 373 1746 et
406 1679 484 1760 ille,
517 1697 616 1761 quem
648 1677 741 1743 Deus
770 1676 866 1743 terris
895 1676 1109 1744 circumfudit
1135 1677 1288 1746 Oceanus
1311 1679 1464 1762 undique
1487 1696 1522 1746 et

340 1791 606 1873 undiqueversus
634 1787 853 1874 navigabilis,
887 1803 919 1855 et
947 1804 1120 1857 ventorum
1143 1790 1218 1858 stati
1248 1805 1305 1857 aut
1334 1791 1521 1858 extraordi-

338 1901 422 1968 narii
454 1901 575 1982 flatus,
608 1919 675 1966 non
699 1900 738 1964 ab
762 1899 874 1966 eadem
897 1909 1024 1984 semper
1046 1916 1116 1968 eta
1138 1905 1227 1970 nulla
1246 1921 1314 1970 uon
1336 1903 1520 1986 aliquando

340 2013 474 2098 regione
504 2011 688 2096 spirante8‚
710 2030 820 2078 nonne
843 2011 1028 2096 significant
1047 2014 1127 2080 satis
1149 2033 1340 2081 concessum
1363 2029 1537 2082 enatura·

340 2125 468 2192 cunctis
501 2122 656 2209 gentibus
685 2123 726 2190 ad
745 2137 882 2189 cunctas
900 2123 1053 2190 aditum?
1078 2126 1154 2192 Hoc
1175 2127 1297 2192 Seneca
1319 2129 1330 2164 ¹
1351 2147 1521 2194 summum

340 2237 487 2303 Naturae
517 2234 713 2302 beneficium
744 2248 863 2318 putat,
898 2235 989 2318 quod
1021 2251 1053 2303 et
1083 2252 1184 2304 vento
1208 2253 1319 2323 gentes
1342 2240 1425 2304 locis
1448 2239 1523 2306 dis-

340 2347 460 2432 sipatas
481 2346 637 2428 miscuit,
658 2361 690 2413 et
720 2365 779 2416 sua
810 2347 920 2414 omnia
947 2348 982 2414 in
1010 2349 1160 2442 regiones
1183 2349 1228 2415 ita
1260 2349 1455 2435 descripsit,
1480 2367 1523 2418 ut

339 2458 556 2525 necessarium
588 2458 781 2524 mortalibus
812 2474 900 2526 esset
930 2459 1015 2525 iuter
1043 2459 1134 2543 ipsos
1154 2461 1393 2528 commercium.
1441 2463 1521 2530 Hoc

342 2569 443 2655 igitur
474 2570 529 2654 jus
558 2569 598 2635 ad
629 2584 762 2635 cunctas
784 2585 896 2654 gentes
917 2571 1096 2654 aequaliter
1110 2571 1269 2654 pertinet:
1293 2573 1384 2657 quod
1405 2576 1523 2642 claris-

341 2680 415 2748 simi
436 2679 695 2766 jurisconsulti⁸
717 2701 863 2763 eousque
887 2683 1096 2765 producunt,
1121 2698 1158 2748 ut
1176 2701 1296 2770 negent
1314 2688 1413 2777 ullam
1434 2708 1522 2753 rem-

340 2792 504 2877 publicam
536 2806 594 2858 aut
619 2791 805 2876 Principem
823 2793 998 2877 prohibere
1021 2794 1055 2860 in
1078 2795 1269 2862 universum
1289 2817 1411 2880 posse,
1432 2821 1521 2882 quo-

341 2904 450 2972 minus
470 2904 526 2970 alii
547 2903 588 2970 ad
609 2903 761 2971 subditos
784 2924 863 2971 suos
884 2905 1042 2972 accedant
1062 2921 1094 2976 et
1114 2907 1272 2974 cumillis
1293 2911 1520 2994 negotientur.

342 3016 431 3082 Hinc
449 3016 503 3102 jus
525 3015 693 3084 descendit
714 3015 877 3100 hospitale
898 3017 1162 3100 sanctissimum,
1186 3019 1263 3086 hinc
1283 3023 1458 3103 querelae:

345 3125 441 3211 Quod
463 3147 567 3215 genus
589 3129 648 3193 hoe
664 3129 853 3207 hominum,
875 3147 999 3214 quaeue
1018 3131 1105 3195 hune
1128 3145 1198 3196 tam
1221 3131 1373 3198 barbara
1395 3156 1521 3201 morem

342 3239 521 3306 Permittit
536 3240 689 3325 patria?
713 3240 852 3326 hospitio
868 3241 1087 3328 prohibemur
1106 3263 1231 3308 arenae
1254 3239 1277 3309 ⁴.

387 3350 434 3416 Et
452 3348 553 3416 alibi:

1158 3467 1320 3553 littusque
1339 3488 1499 3556 rogemus

409 3575 615 3656 innocuum,
638 3587 670 3639 et
688 3578 816 3640 eunetis
840 3575 1028 3662 undamque
1047 3598 1235 3664 auramque
1251 3593 1422 3666 patentem
1440 3581 1464 3647 ⁵.

388 3685 435 3752 Et
456 3685 578 3754 scimus
600 3686 686 3752 bella
706 3686 867 3769 quaedam
889 3707 928 3752 ex
947 3688 1008 3754 hac
1022 3703 1127 3756 'causa
1149 3690 1320 3782 coepisse,
1343 3705 1381 3757 ut
1402 3691 1523 3779 Mega·

345 3797 495 3866 rensibus
517 3798 551 3864 in
575 3797 795 3866 Athenienses
815 3797 849 3881 ⁸,
874 3799 1138 3867 Bononiensibus
1159 3802 1193 3869 in
1215 3803 1360 3870 Venetos
1382 3802 1411 3868 ⁷:
1436 3805 1523 3873 cas·

344 3987 540 4000 m

384 4107 390 4139 ¹
410 4106 491 4170 [Virg.
513 4109 579 4156 Aen.
602 4109 619 4155 l.
643 4109 667 4157 6.
688 4121 727 4158 vs.
746 4106 815 4172 848]
852 4107 1279 4178 iQuaest.Natur.[l.s.c.18.]
1316 4113 1405 4163 ilust.
1424 4117 1456 4164 de
1473 4130 1523 4164 rer.

346 4198 398 4247 div.
413 4201 434 4256 5.
460 4211 481 4245 1.
503 4196 534 4262 [1.
553 4211 576 4246 n.
601 4198 634 4260 1.]
653 4211 678 4248 et
694 4201 711 4246 1.
726 4213 801 4248 nemo
821 4199 904 4261 igitur.
917 4202 943 4250 ff.
962 4215 1003 4250 eo.
1016 4202 1055 4251 tit.
1075 4202 1119 4267 [D.
1140 4218 1161 4253 1.
1180 4207 1203 4253 8.
1221 4205 1258 4270 4.]
1277 4207 1309 4253 V.
1327 4208 1400 4254 Gent.
1419 4205 1523 4263 dejure

346 4289 416 4338 belli.
436 4291 454 4336 l.
479 4302 500 4336 1.
524 4303 546 4340 e.
566 4303 603 4352 19.
621 4301 647 4340 et
660 4293 677 4338 l.
691 4302 854 4342 mercatores.
872 4293 900 4340 C.
919 4294 951 4342 de
964 4306 1056 4344 comm.
1076 4294 1118 4358 [C.
1135 4309 1160 4356 4.
1174 4297 1216 4353 63.
1231 4296 1272 4360 p]
1306 4297 1317 4328 ⁴
1334 4297 1403 4357 virg.
1422 4299 1487 4346 Aen.
1505 4301 1521 4346 l.

349 4393 369 4429 1.
394 4379 445 4444 [vs.
462 4392 518 4442 539·
535 4382 584 4444 sq.]
620 4380 630 4413 ⁵
648 4381 717 4442 virg.
731 4384 796 4432 Aen.
811 4385 828 4432 l.
843 4395 867 4440 7.
883 4384 935 4445 [vs.
951 4398 1008 4449 229.
1030 4385 1081 4452 up]
1116 4387 1127 4420 ⁸
1144 4387 1222 4438 Diod.
1241 4389 1271 4450 [l.
1290 4403 1327 4438 12.
1345 4403 1366 4438 e.
1383 4401 1424 4452 ³9·
1444 4388 1523 4452 [Plut.

346 4470 450 4520 Pericle.
472 4471 511 4532 [p.
531 4472 585 4521 16⁸.
602 4472 640 4534 b.]
677 4469 688 4506 ⁷
705 4471 753 4533 sig.
769 4475 816 4522 ult.
832 4477 848 4522 l.
865 4475 895 4523 de
911 4475 964 4524 reb.
979 4478 1033 4526 ital.
