3326 5506
369 622 432 684 230
663 622 710 668 DE
734 623 826 687 June
850 622 1032 668 PRAEDAE.
1057 622 1137 668 CAP.
1161 622 1224 666 xll.

314 763 318 770 ’
368 793 407 838 eo
436 774 611 856 Lusitani,
651 775 773 842 iturum
809 774 910 842 fuisse
953 775 1128 842 neminem.
1187 775 1421 841 Adventabant
1455 775 1537 840 enim

368 897 533 967 tempora,
566 885 688 968 quibus
719 901 757 952 ut
788 901 872 952 artes
905 903 1006 969 paene
1041 904 1177 966 omnes,
1201 886 1247 950 ita
1270 899 1303 951 et
1326 900 1486 950 terrarum
1509 901 1539 951 et

367 996 504 1064 marium
526 998 610 1065 situs
632 997 751 1066 clarius
774 997 807 1062 in
832 997 901 1063 dies
923 998 1153 1063 noscebantur.
1199 997 1411 1063 Excitassent
1429 1013 1539 1063 vetera

368 1127 452 1190 quae
474 1109 572 1176 modo
595 1108 768 1175 retulimus
790 1110 939 1191 exempla
962 1121 1017 1188 et,
1050 1108 1077 1174 si
1102 1128 1169 1174 non
1192 1125 1259 1175 uno
1283 1107 1408 1190 impetu
1431 1108 1540 1173 omnia

367 1218 572 1301 patuissent,
605 1234 638 1285 at
667 1219 823 1302 paulatim
854 1233 1004 1302 promota
1034 1218 1118 1285 velis
1151 1217 1299 1307 fuissent
1331 1219 1442 1284 littora
1478 1219 1539 1284 alio

367 1349 494 1412 semper
516 1329 606 1396 aliud
627 1346 838 1398 monstrante.
884 1331 1020 1396 Factum
1044 1329 1187 1411 denique
1210 1328 1331 1396 fuisset
1354 1329 1445 1411 quod
1472 1330 1540 1394 lieri

367 1440 515 1523 potuisse
549 1441 702 1508 Lusitani
737 1442 945 1522 docuerunt,
977 1461 1051 1507 cum
1084 1441 1181 1506 multi
1205 1455 1313 1507 essent
1334 1440 1451 1523 populi
1475 1459 1540 1506 non

367 1551 476 1617 minus
498 1551 670 1636 flagrantes
691 1567 890 1618 mercaturae
912 1567 946 1618 et
967 1571 1073 1618 rerum
1092 1566 1297 1618 externarum
1315 1550 1447 1616 studio:
1474 1551 1539 1615 Ve-

368 1663 476 1746 netis,
518 1663 577 1746 qui
608 1665 711 1730 multa
738 1664 808 1748 'jam
840 1663 951 1729 Indiae
983 1661 1187 1742 didicerant,
1216 1676 1341 1728 caetera
1373 1662 1540 1745 inquirere
1645 1669 1646 1704 l

368 1789 532 1857 promtum
555 1773 643 1841 fuit:
666 1773 841 1842 Gallorum
864 1773 1051 1840 Brittonum
1075 1772 1241 1840 indefessa
1263 1772 1443 1856 sedulitas,
1471 1775 1539 1840 An·

368 1886 496 1970 glorum
518 1886 652 1953 audacia
674 1899 793 1969 coepto
815 1904 883 1952 non
905 1883 1076 1952 defuisset.
1123 1883 1191 1968 Ipsi
1212 1884 1325 1951 Batavi
1346 1887 1452 1950 multo
1475 1905 1540 1949 ma·

368 1994 417 2080 gis
448 1996 617 2080 desperata
648 1996 791 2082 aggressi
823 2011 912 2063 sunt.
956 1995 1060 2063 Nulla
1092 1995 1194 2080 igitur
1226 1989 1401 2078 aequitatis
1431 1996 1539 2076 ratio,

368 2125 408 2171 ne
431 2107 609 2189 probabilis
633 2107 767 2189 quidem
791 2109 858 2174 ulla
880 2106 1040 2174 sententia
1063 2126 1080 2172 a
1103 2106 1273 2172 Lusitanis
1294 2121 1368 2174 stat.
1393 2106 1539 2172 Omnes¹

369 2216 454 2282 enim
488 2218 546 2301 qui
578 2238 665 2284 mare
696 2219 817 2286 volunt
839 2217 977 2301 imperio
1001 2218 1141 2302 aliquus
1164 2217 1285 2302 subiici
1308 2237 1428 2301 posse,
1453 2217 1540 2285 idei

369 2328 577 2410 attribuunt,
608 2329 668 2412 qui
695 2329 866 2412 proximos
889 2344 1006 2412 portus
1029 2343 1062 2394 et
1084 2328 1349 2412 circumjacentia
1372 2327 1486 2393 littora
1508 2329 1540 2393 in

369 2438 494 2505 ditione
525 2440 636 2506 habet.
683 2441 733 2506 At
764 2439 918 2508 Lusitani
943 2439 977 2505 in
1000 2439 1058 2504 illo
1081 2440 1239 2506 universo
1262 2439 1411 2505 littorum
1435 2453 1539 2505 tractu

368 2550 481 2632 paucis
513 2550 657 2634 exceptis
690 2549 862 2634 praesidiis
893 2548 977 2615 nihil
1010 2551 1155 2631 habent,
1180 2550 1272 2632 quod
1294 2570 1391 2617 suum
1413 2551 1542 2633 possint

368 2660 485 2728 dicere.
530 2661 658 2727 Deinde
691 2681 769 2730 vero
799 2661 895 2726 etianr
918 2661 979 2743 qui
1002 2661 1081 2728 mari
1105 2661 1302 2745 imperaret,
1326 2661 1410 2727 nihil
1433 2677 1540 2728 tamen

368 2786 480 2856 posset
502 2792 542 2837 ex
564 2793 628 2839 usu
659 2771 806 2838 omnium
838 2771 1049 2853 deminuere,
1084 2772 1170 2839 sicut
1202 2775 1346 2855 populus
1369 2772 1542 2838 Romanus

369 2903 476 2950 arcere
508 2883 668 2949 neminem
699 2883 833 2966 potuit,
857 2883 1036 2965 quominus
1058 2883 1092 2948 in
1114 2883 1226 2951 littore
1250 2883 1376 2966 imperii
1399 2882 1541 2949 Romani

368 3011 486 3062 cuncta
517 2994 661 3075 faceret,
695 3014 779 3077 quac
808 2995 882 3077 jure
916 2994 1061 3079 gentium
1084 2994 1358 3077 permittebantur
1376 2992 1399 3060 ².
1447 2997 1492 3060 Et
1514 2995 1541 3060 si

369 3107 549 3189 quidquam
585 3125 696 3171 eorum
730 3105 904 3188 prohibere
938 3119 1072 3186 posset,
1108 3119 1188 3187 puta
1221 3105 1443 3188 piscaturam,
1477 3126 1542 3187 qua

369 3217 434 3284 dici
466 3215 708 3298 quodammodo
741 3229 851 3298 potest
882 3215 987 3297 pisces
1020 3215 1206 3296 exhauriri,
1240 3230 1272 3280 at
1298 3216 1541 3301 navigationem

368 3345 434 3394 non
457 3340 592 3409 posset,
616 3345 674 3408 per
697 3345 794 3406 quarn
817 3326 895 3392 mari
919 3325 1003 3392 nihil
1025 3325 1120 3408 perit.
1154 3327 1221 3392 Cui
1244 3326 1290 3392 rei
1314 3343 1541 3412 argumentum

369 3451 418 3502 est
440 3437 538 3521 longe
569 3434 808 3516 certissimum,
841 3437 933 3517 quod
955 3457 995 3504 ex
1016 3437 1187 3504 doctorum
1212 3437 1372 3504 sententia
1396 3454 1470 3505 ante
1491 3459 1542 3504 re·

368 3547 504 3615 tulimus
523 3545 558 3627 ⁸,
583 3547 679 3612 etiam
703 3546 736 3612 in
761 3560 867 3628 terra,
893 3567 1075 3629 quaecum
1099 3549 1233 3630 populis
1258 3564 1327 3614 tunr
1350 3550 1543 3616 hominibus

319 3643 324 3652 ’
368 3659 507 3744 singulis
529 3658 564 3725 in
586 3657 816 3742 proprietatem
841 3657 996 3724 attributa
1020 3673 1089 3739 est,
1112 3659 1173 3726 iter
1191 3674 1297 3725 tamen
1316 3675 1403 3725 certe
1422 3660 1542 3726 inerme

369 3785 402 3837 et
424 3770 593 3838 innoxium
617 3769 742 3836 nullius
766 3769 873 3852 gentis
895 3768 1087 3836 horninibus
1107 3771 1196 3854 juste
1227 3771 1361 3855 negari,
1396 3772 1482 3837 sicut
1510 3786 1543 3836 et

370 3969 558 3979 m

403 4088 411 4120 ¹
435 4091 469 4150 gl.
491 4089 517 4136 in
541 4101 563 4136 c.
585 4088 628 4136 ubi
652 4087 803 4149 periculum.
820 4093 842 4148 5.
859 4103 948 4150 porro.
967 4103 1043 4150 super
1061 4089 1141 4140 verbo
1161 4089 1299 4138 territorio.
1318 4091 1350 4138 de
1368 4093 1445 4139 elect.
1462 4091 1487 4139 in
1505 4091 1542 4138 60.

370 4178 509 4243 [Decretal.
532 4179 558 4228 in
581 4178 616 4226 6⁰.
643 4192 663 4226 1.
687 4179 712 4226 ό.
732 4191 755 4236 3.
773 4183 794 4237 5.
813 4181 850 4244 a]
870 4192 894 4228 et
912 4179 949 4228 ibi
968 4180 1121 4228 canonistae.
1140 4181 1180 4230 Gl.
1198 4179 1223 4227 in
1242 4182 1259 4228 l.
1277 4180 1347 4228 licet.
1366 4181 1392 4228 ff.
1411 4183 1443 4229 de
1460 4181 1541 4229 feriis.

370 4270 414 4332 [D.
439 4283 461 4317 2.
489 4283 527 4317 ra.
551 4271 618 4318 nulla
640 4271 682 4318 lex
707 4269 766 4316 licet
790 4270 816 4317 in
834 4272 883 4318 hoc
900 4270 939 4318 tit.
957 4270 1109 4331 invenitur].
1144 4267 1423 4331 ²1.nemoigiturff.
1443 4273 1474 4319 de
1490 4285 1540 4318 rer.

335 4403 336 4408 ,
369 4361 421 4409 div.
447 4358 491 4423 [D.
519 4374 540 4406 r.
565 4363 587 4406 8.
611 4359 649 4420 4.]
674 4362 747 4409 Adde
770 4360 856 4408 Alber.
882 4363 956 4409 Gent.
981 4363 1012 4410 de
1036 4360 1092 4418 jure
1117 4362 1187 4409 belli.
1212 4363 1229 4408 l.
1251 4374 1271 4408 1.
1290 4375 1312 4409 c.
1333 4375 1372 4423 19.
1389 4363 1437 4412 sub
1456 4361 1540 4410 finem.

369 4450 446 4502 ³hoc
464 4449 557 4510 capite.
