3362 5504
339 609 401 674 332
652 607 698 655 DE
720 607 813 674 June
839 606 1023 654 undenas.
1049 605 1129 652 CAP.
1154 608 1211 652 XV.

337 761 507 831 hominum
527 761 740 844 commercia,
761 761 836 828 illos
856 780 916 844 pro
937 760 1182 841 dominatione,
1200 781 1234 827 se
1255 781 1314 844 pro
1334 779 1394 827 sua
1409 763 1507 842 atque

338 874 475 941 aliorum
499 873 668 954 libertate,
693 875 767 940 illos
788 873 887 939 insita
909 871 1132 939 malefaciendi
1153 871 1313 953 libidine,
1337 892 1372 938 se
1394 888 1427 937 et
1450 872 1508 938 diu

338 1001 371 1052 et
391 1006 485 1068 saepe
513 986 708 1066 calumniis,
733 986 949 1066 crudelitate,
972 983 1110 1069 perfidia
1130 985 1308 1082 lacessitos.
1354 985 1508 1051 Summus

336 1100 425 1182 apud
457 1098 602 1165 Graecos
622 1113 750 1164 orator:
774 1103 843 1183 ὑπὲρ
865 1102 919 1181 μὲν
941 1097 977 1166 ἀν
998 1101 1035 1167 ἀν
1057 1100 1258 1172 ἐλαττῶνται,
1281 1100 1369 1182 μέχρι
1388 1103 1508 1166 δυνατοῦ

336 1214 445 1287 τάντες
468 1217 652 1293 πολεμοῦσιν·
691 1212 756 1295 περὶ
775 1214 806 1278 δὲ
836 1217 887 1279 τοῦ
917 1220 1112 1286 πλεονεκτεῖν,
1133 1212 1192 1293 οὐχ
1221 1209 1319 1284 οὕτως.
1365 1208 1434 1271 Pro
1458 1209 1508 1272 his

337 1325 374 1386 in
398 1322 516 1407 quibus
539 1322 673 1407 injuria
696 1322 890 1408 afficiuntur
913 1341 1017 1386 omnes
1039 1333 1202 1406 quantum
1225 1322 1354 1384 omnino
1369 1332 1509 1405 possunt

337 1432 553 1540 depugnant,
590 1445 627 1496 ut
655 1405 798 1518 propter
831 1432 936 1497 alieni
964 1431 1183 1519 cupiditatem
1219 1451 1283 1494 non
1314 1434 1406 1496 item.
1466 1430 1510 1495 Et

340 1543 520 1609 Alexandri
544 1542 751 1626 Imperatoris
772 1563 839 1609 vox
855 1557 904 1610 est
924 1541 1148 1627 imperatoria:
1168 1548 1202 1613 tl
1221 1546 1275 1626 μὲν
1290 1544 1391 1628 ἄρχειν
1405 1545 1510 1611 ἀδίκων

335 1657 424 1739 ἔργων
444 1659 497 1724 οὐκ
518 1660 674 1738 ἀγνώμονα
694 1657 758 1740 ἔχει
779 1659 831 1732 τὴν
861 1658 1031 1739 πρόκλησιν,
1058 1659 1091 1723 τὸ
1114 1659 1144 1722 δὲ
1164 1659 1230 1729 τοὺς
1251 1659 1414 1738 ὀχλοῦντας
1435 1658 1511 1722 ἀτο-

336 1769 477 1840 τεΙεσάαι,
502 1767 535 1832 ἔιι
551 1793 585 1834 τε
603 1776 655 1842 τῆς
674 1769 789 1846 ἀγαθῆς
806 1770 986 1844 συνειδήσεως
1003 1767 1066 1851 ἔχει
1087 1770 1121 1834 τὸ
1142 1766 1308 1849 θαοράλεον,
1331 1770 1381 1833 καὶ
1404 1767 1438 1832 εἰι
1459 1770 1511 1832 τοῦ

335 1881 378 1960 μὶν
400 1881 527 1950 ἀδικεῖν,
539 1881 611 1946 ἀλλ’
632 1879 798 1959 ἀμύνασθαι
816 1878 944 1961 ὑτάρχει
964 1881 999 1944 τὸ
1021 1879 1133 1944 εὔελπι.
1168 1875 1255 1968 [ism
1280 1896 1301 1940 a
1322 1896 1385 1960 quo
1405 1877 1511 1960 coepit

338 1989 831 2074 injurtaproaocatiomaetmc
852 1986 1019 2054 insidiosa
1051 1999 1123 2051 est:
1142 1999 1180 2050 at
1199 2007 1273 2050 cum
1296 1984 1512 2072 depelluntur

339 2119 569 2186 aggressores,
593 2103 679 2163 sicut
702 2099 786 2163 bona
810 2101 1010 2162 conscientia
1027 2095 1189 2180 fiduciam
1211 2118 1316 2163 secum
1333 2097 1434 2182 fert,
1458 2100 1511 2160 itu

337 2214 419 2295 quia
432 2209 709 2290 deuindicondo,
722 2231 786 2274 non
807 2209 846 2274 de
867 2208 1045 2294 inferenda
1065 2211 1199 2295 injuria
1220 2208 1422 2289 laboratur,
1441 2223 1511 2293 spes

337 2324 439 2388 etiam
474 2320 598 2386 adsunt
636 2325 787 2407 optimae.
844 2319 983 2386 Brevius
1003 2334 1133 2402 autem,
1156 2340 1240 2402 quae
1274 2321 1436 2386 hactenus
1470 2319 1511 2384 de

338 2432 480 2498 utilitate
502 2431 842 2512 dicimus¹,0rdines
860 2430 1056 2499 Hollandiae
1077 2432 1208 2499 decreto
1231 2451 1292 2498 suo
1304 2431 1338 2497 in
1350 2450 1510 2496 summam

339 2542 501 2628 colligunt
512 2546 685 2626 palamque
701 2542 847 2623 faciunt,
861 2543 938 2609 dum
957 2544 991 2609 in
1001 2543 1182 2610 Lusitanos
1200 2557 1384 2627 pugnatur,
1399 2542 1511 2608 divina

338 2655 440 2741 gratia
471 2653 635 2721 defensam
668 2670 863 2737 auctamque
893 2655 1134 2740 navigationem
1165 2671 1197 2721 et
1227 2655 1510 2740 negotiationem,

338 2768 473 2834 liberata
495 2787 593 2852 regna
614 2782 712 2850 atque
741 2769 839 2834 urbes
863 2767 1005 2847 amicas,
1028 2767 1173 2850 insignes
1195 2766 1349 2833 victorias
1371 2780 1403 2832 et
1422 2786 1510 2831 com·

339 2880 435 2945 moda
464 2899 503 2944 ex
529 2879 686 2946 hostibus
705 2893 891 2962 reportata,
923 2879 1017 2960 queis
1041 2879 1136 2944 etiam
1159 2880 1282 2963 majora
1305 2878 1509 2961 exspectari,

340 3010 443 3073 eaque
473 2991 583 3056 omnia
604 2991 675 3056 sine
698 2992 767 3056 ullo
791 2990 990 3072 reipublicae
1012 2989 1185 3073 dispendio
1207 2990 1248 3055 ad
1270 2990 1417 3057 hostium
1438 3009 1510 3072 per·

337 3102 450 3168 nitiem
483 3123 664 3187 magnaque
695 3102 834 3183 damna,
866 3103 906 3166 ad
937 3102 1113 3179 honorem,
1145 3101 1374 3178 commodum,
1399 3101 1510 3166 existi—

338 3215 513 3281 mationem
535 3213 693 3280 foederati
708 3213 813 3298 Belgii
829 3228 862 3278 et
880 3214 952 3297 ejus
971 3213 1094 3280 civium
1111 3233 1317 3296 summopere
1336 3213 1509 3296 pertinere.

211 3356 273 3402 pt„
290 3354 323 3401 ιι,
339 3327 625 3413 Quemadmodum
656 3346 734 3391 vero
765 3325 946 3392 Lusitanos
966 3325 1062 3410 affligi
1096 3325 1183 3390 bello
1212 3339 1244 3390 et
1273 3324 1429 3407 spoliari,
1463 3324 1509 3389 sic

336 3439 485 3522 praedam
509 3453 724 3504 mercatorum
747 3437 911 3521 propriam
940 3455 1009 3504 esse
1031 3457 1096 3502 non
1118 3437 1264 3519 ipsorum
1284 3435 1387 3520 magis
1411 3457 1508 3518 quam

337 3550 459 3634 patriae
483 3549 630 3616 interest.
661 3549 747 3615 Cum
772 3549 856 3614 enim
879 3548 1036 3614 aerarium
1057 3549 1145 3614 bello
1166 3563 1229 3613 tam
1251 3550 1352 3631 longo
1375 3562 1508 3630 tamque

337 3663 460 3729 difficili
495 3662 735 3746 multiplicibus
769 3661 923 3743 impensis
956 3661 1188 3742 exhauriatur,
1222 3660 1397 3744 praecipue
1429 3680 1508 3726 vero

339 3773 385 3838 rei
421 3774 600 3839 maritimae
636 3773 746 3858 gravia
769 3773 836 3840 sint
859 3793 977 3853 onera,
1010 3772 1092 3838 nihil
1125 3769 1331 3838 commodius
1365 3771 1510 3836 accidere

340 3899 471 3967 potest,
506 3905 602 3967 quant
637 3899 674 3950 ut
697 3885 843 3951 hostium
869 3884 954 3951 vires
978 3882 1197 3968 infringantur
1217 3883 1382 3949 sumtibus
1402 3882 1510 3964 priva-

339 4009 457 4060 torum.
502 3995 638 4060 Sumtus
657 4009 765 4061 autem
786 3997 915 4080 sapiens
936 4016 1001 4062 non
1022 3994 1116 4073 facit,
1138 3995 1200 4061 nisi
1218 3993 1400 4077 periculum
1419 3995 1509 4077 justo

340 4106 514 4171 commodo
540 4121 704 4188 pensetur.
729 4109 925 4174 Rectissime
948 4107 1049 4192 igitur
1081 4107 1223 4172 Ordines
1255 4103 1430 4185 fecerunt,
1453 4106 1508 4187 qui

337 4231 374 4282 ut
408 4217 544 4283 caeteris
562 4217 595 4282 in
619 4220 717 4285 rebus
740 4220 894 4285 omnibus
916 4212 1059 4285 Indicdm
1085 4218 1341 4303 negotiationem
1370 4216 1507 4296 fovent,

336 4381 528 4392 ..υ-

371 4463 377 4494 ¹
397 4465 427 4510 V.
441 4466 499 4524 Joh.
517 4467 579 4512 Met.
598 4465 677 4514 Praei.
695 4469 732 4516 ad.
751 4467 877 4515 Osorium.
