3310 5482
350 615 390 678 68
659 622 706 670 oe
729 621 823 690 June
849 619 1032 670 unaeonn.
1057 619 1137 668 cna.
1162 619 1228 668 v1r.

348 785 483 852 debetur
513 792 661 846 nostrum
685 776 806 844 dicitur
829 777 850 842 ¹.
897 773 962 842 Sed
994 789 1100 840 tamen
1136 773 1272 858 exprimi
1303 774 1405 842 satius
1432 771 1522 856 fuit,

347 915 420 964 cum
442 907 474 960 et
491 889 574 978 juris
595 889 650 956 illa
670 886 793 955 fecialis
814 885 957 952 formula
980 889 993 927 ²
1015 904 1081 952 non
1105 886 1170 952 alio
1190 901 1333 970 spectet:
1358 883 1448 970 Quas
1468 907 1524 952 res

347 1025 403 1074 nee
421 1001 603 1079 dederont,
628 1019 685 1064 nec
708 989 903 1078 solverunt,
924 1017 980 1062 neo
994 1000 1183 1082 fecerunt,
1203 1017 1286 1084 quos
1308 996 1408 1077 dari,
1418 995 1501 1082 fieri
1511 1045 1527 1080 ,

345 1115 427 1186 solui
452 1115 611 1201 oportuit.
658 1109 750 1175 Plato
771 1109 868 1175 etiam
898 1107 932 1172 in
952 1108 1123 1175 Alcibiade
1154 1108 1239 1176 bella
1261 1109 1329 1194 geri
1351 1109 1437 1176 dixit
1454 1128 1524 1176 non

346 1225 443 1296 inodo
473 1223 500 1290 si
534 1223 609 1305 quis
637 1221 672 1288 vi
705 1220 910 1304 opprimatur
939 1234 997 1286 aut
1028 1219 1210 1303 expietur,
1234 1240 1349 1288 verum
1373 1220 1468 1288 etiam
1492 1219 1523 1286 si

345 1339 501 1420 deceptus
531 1331 644 1400 fuerit.
699 1331 746 1398 Et
769 1331 890 1398 Seneca
915 1329 945 1397 't
979 1329 1085 1396 Urbes
1116 1347 1243 1418 quoque
1272 1333 1410 1398 urbibus
1435 1353 1525 1419 quae

341 1449 544 1538 praestitere
574 1444 795 1530 exprobrant.
840 1441 932 1529 Quin
959 1456 992 1508 et
1014 1440 1167 1509 baldus*
1187 1443 1228 1510 de
1248 1442 1437 1527 pecuniario
1464 1443 1524 1510 de·

346 1557 415 1626 bito
436 1555 600 1640 exprimit.
632 1555 761 1641 Qrtarta
783 1568 832 1622 est
852 1555 897 1620 ob
916 1551 1113 1620 maleficium
1135 1552 1355 1638 injuriamque
1375 1571 1521 1630 omnem,¹

345 1687 428 1754 quae
459 1665 576 1750 iniquo
607 1665 714 1732 animo
737 1678 802 1732 tarn
825 1663 912 1732 facto
936 1685 1034 1748 quam
1057 1665 1167 1732 verbis
1191 1663 1361 1734 infertur.
1387 1667 1523 1752 Augus·

345 1781 434 1848 tinus
455 1782 488 1842 ⁸:
510 1780 617 1867 Juxta
647 1789 758 1844 autem
790 1776 877 1842 bello
901 1773 1037 1859 definiri
1056 1777 1182 1860 solent,
1204 1798 1289 1863 quae
1309 1777 1523 1844 ulciscuntur

343 1892 502 1980 injurias.
549 1888 604 1954 Sic
622 1908 702 1975 gens
723 1901 755 1953 et
773 1891 895 1956 civitas
913 1886 1058 1973 petenda
1081 1900 1148 1970 est,
1172 1909 1259 1974 quoe
1274 1889 1330 1958 nel
1344 1888 1522 1958 uindicare

345 2000 554 2090 neglexerit,
578 1996 668 2084 qood
684 2020 706 2063 a
729 2001 797 2065 suis
820 1999 965 2084 improbe
973 1997 1110 2082 factum
1132 2011 1203 2080 est,
1219 1998 1275 2070 uel
1285 1997 1524 2086 redderequod

339 2127 402 2202 per
423 2112 571 2196 injurias
592 2108 810 2176 ablatumest.
833 2108 921 2176 Illud
932 2123 1040 2175 autem
1053 2109 1302 2194 intelligendum
1314 2125 1383 2190 est,
1405 2129 1521 2178 causas

344 2241 424 2308 quas
434 2221 503 2289 dixi
515 2236 658 2304 quatuor
669 2221 766 2303 quasi
777 2219 927 2288 materiae
939 2222 1025 2298 loco,
1038 2220 1165 2286 easdem
1179 2241 1249 2288 esse
1261 2221 1295 2288 in
1308 2222 1397 2288 bello
1409 2236 1442 2288 et
1452 2222 1521 2306 pri-

342 2349 420 2404 vnto
433 2347 466 2401 et
475 2331 622 2416 publico.
668 2332 733 2398 Sed
744 2332 870 2415 publici
888 2347 926 2398 nt
946 2334 1091 2416 exempla
1113 2317 1173 2400 ita¹
1180 2333 1254 2418 jura
1277 2333 1413 2400 certiora
1431 2349 1520 2400 sunt.

343 2445 388 2514 Et
400 2460 506 2512 temen
518 2443 682 2526 privatum
695 2441 856 2512 efficiente
868 2458 900 2511 et
911 2442 1014 2510 sorma
1037 2443 1162 2526 differt,
1174 2444 1310 2512 materia
1320 2463 1388 2512 non
1399 2444 1521 2514 differt.

342 2555 393 2625 Ad
424 2553 643 2622 defensionem
669 2557 871 2638 tutelamque
892 2554 1039 2638 eorporis
1059 2554 1110 2622 sui
1135 2555 1263 2639 privata
1286 2555 1338 2624 vis
1358 2556 1447 2642 justa
1467 2569 1519 2624 est

343 2667 488 2736 omnium
512 2665 723 2732 animantium
745 2669 895 2750 exemplo
916 2670 939 2734 ⁸.
962 2665 1052 2738 Quin
1070 2667 1112 2734 ad
1140 2687 1246 2736 rerum
1272 2668 1367 2735 etiam
1388 2687 1520 2734 suarum

343 2777 565 2846 defensionem
588 2791 645 2844 aut
677 2777 954 2861 recuperationem
977 2779 1000 2846 ⁷.
1045 2778 1165 2862 Neque
1195 2779 1304 2846 minus
1333 2779 1374 2844 ad
1406 2798 1522 2848 conse·

343 2888 511 2976 quendum
542 2889 576 2955 id
607 2888 699 2972 quod
729 2889 826 2957 nobis
855 2890 992 2957 debetur
1010 2896 1033 2957 ⁸.
1081 2891 1191 2958 Etiam
1218 2890 1374 2974 expetitio
1396 2911 1522 2974 poenae

343 3021 382 3071 ex
416 3001 537 3069 delicto
564 3000 717 3084 privatim
747 3001 970 3086 permittitur,
994 3017 1032 3069 ut
1055 3002 1089 3070 in
1112 3003 1296 3070 adulterum
1316 3002 1414 3071 certis
1436 3003 1520 3070 easi-

343 3249 535 3266 μ’

377 3425 591 3476 'incommote
607 3428 640 3477 V.
656 3431 679 3477 s.
700 3424 744 3493 [D.
764 3442 802 3486 50·
821 3429 924 3495 16.91.]
961 3428 1046 3482 'Lim
1063 3435 1081 3482 l.
1099 3447 1120 3482 1.
1140 3432 1175 3495 [c.
1191 3431 1244 3498 sn]
1264 3434 1337 3484 Adde
1356 3434 1377 3496 5.
1395 3433 1518 3487 omnium.

342 3519 399 3570 lntt.
419 3519 450 3566 de
472 3528 521 3565 act.
541 3513 573 3582 [1.
587 3531 611 3580 4.
630 3519 654 3567 6.
673 3523 694 3578 5.
711 3519 744 3584 1.]
784 3520 844 3570 ’de
861 3522 947 3571 benef.
964 3526 982 3572 l.
1001 3537 1024 3582 3.
1042 3541 1064 3573 a.
1082 3525 1106 3574 ό.
1138 3521 1199 3573 ⁴od
1222 3527 1239 3576 Ι.
1260 3537 1281 3576 1.
1302 3524 1376 3574 iiide
1394 3524 1454 3582 just.
1474 3522 1519 3592 [D.

344 3621 365 3662 ι.
385 3621 406 3658 ι.
423 3607 457 3670 1.]
493 3607 504 3640 ⁵
520 3621 577 3669 sup.
591 3611 645 3672 Jos.
660 3612 677 3659 l.
692 3610 716 3660 6.
738 3625 763 3672 q.
786 3625 824 3660 ιο.
843 3612 934 3662 citatur
950 3615 976 3663 in
1002 3629 1026 3664 c.
1048 3615 1182 3664 Dominus.
1201 3615 1290 3677 [Dect.
1310 3617 1380 3664 Grat.
1396 3629 1422 3677 p.
1442 3631 1466 3666 2.
1480 3629 1521 3674 28·

341 3713 365 3754 a.
384 3699 419 3762 a]
455 3698 500 3746 ⁸1.
519 3711 547 3748 ut
563 3699 624 3749 vim.
643 3700 669 3749 ff.
687 3703 719 3750 de
735 3701 796 3759 just.
812 3715 837 3752 et
852 3701 917 3761 jure.
938 3703 981 3768 [D.
1002 3720 1023 3754 1.
1048 3719 1069 3754 r.
1092 3707 1130 3768 3.]
1150 3709 1167 3754 l.
1186 3705 1208 3754 is
1225 3705 1269 3767 qui
1285 3720 1350 3768 agge.
1366 3708 1395 3755 c.
1409 3709 1441 3756 de
1457 3705 1520 3756 sioa-

340 3789 394 3842 riis.
423 3789 466 3852 [C.
487 3803 511 3852 9.
536 3789 574 3840 16.
595 3790 632 3854 m]
651 3793 668 3840 Ι.
689 3805 748 3853 pen.
766 3792 792 3841 ff.
813 3796 845 3844 ed
861 3798 879 3843 l.
896 3796 947 3858 Jul.
966 3798 997 3845 de
1015 3795 1042 3846 vi
1059 3797 1130 3857 publ.
1149 3797 1194 3860 [D.
1208 3799 1251 3860 48.
1267 3797 1291 3846 6.
1307 3795 1357 3861 ιι]
1382 3811 1405 3846 c.
1423 3797 1519 3859 signill-

340 3879 411 3934 ttttl.
440 3877 578 3944 [Decretu.
603 3894 626 3938 s.
651 3895 690 3930 12.
713 3883 762 3947 16.]
793 3887 873 3934 Clem.
889 3885 928 3934 tit.
947 3887 978 3936 de
994 3885 1090 3936 homic.
1108 3890 1208 3937 volunt.
1229 3885 1259 3953 [l.
1281 3899 1305 3944 5.
1321 3899 1340 3936 t.
1355 3886 1393 3949 4.]
1429 3885 1519 3937 ⁷Silv.

339 3971 364 4026 lu
380 3971 545 4022 v.Duellum.
562 3973 584 4029 5.
603 3984 626 4028 3.
643 3973 707 4021 etin
723 3988 749 4022 v.
768 3976 873 4025 Bellum.
893 3990 916 4024 α.
934 3977 1007 4038 5.ιο.
1029 3991 1066 4025 11.
1092 3989 1130 4026 ra.
1146 3980 1163 4026 1.
1187 3989 1208 4026 1.
1226 3981 1248 4037 5.
1265 3975 1319 4027 vim
1342 3978 1421 4027 vili.
1437 3980 1469 4028 de
1490 3979 1519 4028 vi

339 4071 438 4114 armate.
464 4058 507 4124 [D.
532 4073 573 4122 4³·
592 4062 629 4110 16.
650 4075 671 4111 1.
689 4067 711 4122 5.
730 4065 783 4128 η]
804 4079 827 4114 c.
844 4067 914 4116 olim.
937 4067 969 4116 de
992 4067 1140 4117 restituend.
1159 4066 1259 4129 spoliis.
1279 4069 1419 4131 [Decretol.
1436 4081 1461 4119 a.
1481 4082 1520 4128 ιε.

342 4151 391 4220 ln]
411 4154 428 4200 l.
449 4165 470 4200 1.
484 4153 514 4204 C·
530 4153 599 4202 unde
616 4152 652 4201 vi.
672 4153 754 4215 [(1.8.
772 4155 821 4220 sn]
839 4159 856 4205 1.
870 4157 892 4207 si
912 4157 975 4208 alius
993 4159 1014 4220 5
1031 4158 1179 4208 bellissime.
1196 4156 1224 4208 ff.
1248 4160 1316 4220 qnod
1334 4159 1361 4208 vi
1386 4171 1428 4208 ent
1447 4163 1520 4210 elam.

339 4254 363 4298 et
381 4243 458 4294 luit.
473 4244 496 4300 5.
515 4241 537 4290 si
552 4241 707 4301 adjanuam.
725 4258 757 4295 eo
775 4246 816 4295 tit.
835 4247 879 4308 [D.
895 4259 937 4310 43.
953 4262 994 4312 24.
1012 4259 1036 4307 7.
1055 4252 1078 4308 5.
1095 4261 1118 4306 s.
1134 4261 1159 4298 et
1176 4263 1217 4298 aa.
1233 4253 1256 4308 5.
1275 4248 1312 4314 a]
1347 4247 1459 4300 ‘exod
1478 4264 1519 4301 as.

340 4347 362 4388 t·
386 4347 408 4384 c.
425 4331 446 4382 si
463 4332 619 4392 perfodiens.
638 4337 669 4384 de
684 4336 779 4386 bomic.
801 4336 938 4402 [Decretal.
956 4352 980 4396 5.
1000 4339 1093 4405 12·³·]
1113 4342 1130 4388 l.
1151 4339 1186 4388 eit
1202 4351 1313 4400 praetor.
1335 4344 1357 4399 5.
1375 4340 1396 4390 si
1417 4342 1520 4392 debito·

339 4437 400 4480 rem
417 4423 443 4472 il.
458 4437 522 4483 quae
539 4425 565 4473 in
578 4426 657 4476 fraud.
673 4429 741 4478 cred.
760 4425 803 4490 [D.
818 4442 860 4490 42.
875 4431 898 4479 8.
920 4443 957 4480 ιο.
975 4433 997 4488 5.
1019 4430 1070 4492 16.]
1091 4431 1177 4480 innoo.
1195 4431 1221 4479 in
1238 4433 1262 4480 d.
1285 4445 1308 4480 e.
1324 4431 1395 4482 olim.
1412 4434 1445 4483 de
1460 4445 1519 4484 rest.

339 4517 405 4581 und.
423 4529 450 4564 n.
472 4517 496 4562 8.
