3310 5482
1073 499 1077 528 l

449 597 497 646 1)ss
519 597 614 668 JURE
640 597 821 646 PRAEDAE.
847 599 927 647 CAP.
953 598 1018 648 VII.
1082 635 1085 650 .
1268 597 1307 660 71

135 773 297 834 oausam,
318 771 381 838 quo
400 755 506 820 uitam
528 768 659 820 autres
679 753 859 840 definiunt
882 767 943 818 aut
963 766 1195 840 recuperatum
1215 768 1309 833 eunt,

137 863 216 933 idue
247 864 337 950 quod
361 863 503 931 debetur
531 879 591 936 aut
610 880 733 953 poenas
756 862 911 948 maleficii
932 877 1100 950 expetunt.
1136 865 1210 931 Hoc
1233 885 1311 932 con·

138 974 260 1042 stituto
291 974 386 1042 facile
410 977 561 1042 etaltera
582 977 731 1059 quaestio
752 975 976 1059 explicabitur.
1023 976 1115 1042 Solet
1138 975 1222 1041 enim
1245 995 1312 1042 ma-

140 1087 243 1154 teriae
272 1089 347 1154 loco
379 1087 501 1154 censeri
534 1088 630 1154 etiam
665 1088 699 1154 id
730 1087 821 1170 quod
854 1087 974 1152 actioni
997 1085 1117 1169 cuique
1140 1087 1311 1172 subjacet,

139 1197 214 1266 sive
235 1197 270 1264 id
290 1199 381 1280 quod
401 1199 540 1283 patitur:
565 1214 604 1264 ut
626 1198 659 1266 in
683 1199 770 1264 bello
794 1199 821 1264 is
845 1198 878 1263 in
902 1217 998 1280 quern
1021 1198 1142 1264 bellum
1167 1197 1312 1282 geritur,

140 1311 207 1376 hoc
227 1324 276 1377 est
302 1311 431 1392 hostis,
456 1329 652 1393 quamquam
676 1310 710 1375 id
732 1310 929 1376 vocabulum
959 1327 1025 1376 non
1045 1309 1154 1376 minus
1176 1309 1313 1375 actionis

141 1442 242 1506 quarn
270 1420 432 1506 passionis
463 1420 682 1506 significatum
715 1422 825 1488 habet.
872 1420 967 1488 Sicut
997 1435 1104 1488 autem
1124 1421 1314 1487 naturaliter

141 1553 219 1602 cunr
242 1552 340 1618 agens
361 1533 429 1618 agit
447 1532 482 1598 vi
504 1533 643 1616 caloris,
672 1533 823 1616 sequitur
845 1532 886 1627 id,
902 1535 991 1616 quoti
1012 1533 1135 1616 patitur
1157 1531 1314 1618 frigidum

142 1663 215 1712 esse
236 1642 271 1726 ¹,
306 1645 351 1710 ita
379 1663 453 1710 cum
484 1660 635 1728 appareat
664 1665 737 1710 eum
770 1643 827 1727 qui
855 1645 980 1730 justum
1015 1658 1103 1728 gerat
1136 1644 1258 1711 bellum
1279 1643 1315 1711 vi

140 1756 228 1840 iuris
260 1776 371 1841 agere,
404 1775 536 1822 necesse
567 1770 617 1824 est
638 1757 801 1824 contrario
831 1758 928 1823 modo
952 1755 1103 1822 affectum
1126 1775 1195 1822 esse
1218 1775 1315 1842 eum,

143 1868 205 1950 qui
233 1868 354 1934 bellum
385 1867 510 1953 justum
540 1867 692 1951 patiatur.
739 1867 964 1952 Opposuimus
996 1881 1103 1933 autern
1133 1867 1200 1952 J'uri
1230 1866 1317 1952 inju-

89 1987 92 1993 '
142 1979 224 2045 riam
245 1981 270 2046 ¹.
312 1978 407 2064 Juste
435 1978 536 2064 igitur
566 1979 687 2047 bellum
710 1979 738 2044 is
762 1979 891 2046 demum
914 1980 1059 2064 patitur,
1085 1979 1142 2062 qui
1165 1978 1316 2064 injuriam

142 2089 223 2157 facit
243 2089 266 2158 ⁸.
308 2091 515 2176 Augustinus
538 2093 567 2155 ⁴:
593 2092 763 2178 Iniquitas
782 2095 898 2178 partis
929 2091 1088 2160 aduersae
1107 2092 1207 2177 justa
1230 2090 1317 2157 bella

142 2205 285 2290 ingerit.
341 2202 428 2268 Cum
455 2221 522 2285 quo
549 2202 714 2268 consentit
733 2201 816 2268 illud
834 2202 958 2269 Leonis
976 2203 1201 2286 Imperatoris:
1225 2207 1238 2272 i
1258 2207 1318 2288 γὰρ

142 2325 203 2390 τοῖς
232 2317 400 2393 ἀδικήσασιν
429 2316 679 2397 amanuncus.
702 2313 780 2390 οὗτος
803 2319 907 2390 δίκαιος
937 2318 1026 2384 ἐστίν.
1072 2315 1165 2380 Nam
1188 2318 1247 2401 qui
1269 2335 1318 2379 eos

149 2427 211 2509 qui
241 2423 405 2509 injuriam
430 2423 544 2510 fecere
579 2423 756 2490 ulciscitur
775 2426 891 2510 justus
922 2439 979 2492 est.
1026 2424 1192 2511 Theologi
1222 2426 1318 2492 etiarn

145 2554 210 2601 suo
242 2534 398 2616 loquendi
429 2535 528 2600 modo
549 2533 579 2600 ⁵:
604 2535 742 2600 Patiens
763 2535 954 2622 dispositum
979 2536 1027 2603 ad
1052 2537 1171 2603 bellum
1192 2551 1239 2603 est
1264 2558 1320 2602 no·

145 2645 215 2710 lens
250 2645 458 2732 satisfacere.
518 2646 582 2712 Sed
617 2648 696 2713 haec
730 2668 803 2730 pars
831 2663 870 2713 ut
891 2648 1046 2715 subtilius
1069 2649 1248 2732 explicetur
1271 2648 1320 2714 in·

141 2757 249 2841 juriae
286 2757 532 2841 explicationem
569 2758 716 2841 requirit.
762 2758 885 2845 Iniuria
917 2759 1017 2844 igitur
1049 2759 1104 2826 illa
1139 2780 1221 2842 quae
1252 2758 1401 2846 jurium
1415 2783 1453 2830 aa

145 2867 328 2952 opponitur
347 2883 411 2934 tres
435 2869 534 2936 habet
552 2869 830 2955 significationes,
855 2891 937 2954 quas
960 2871 1079 2937 Graeci
1102 2871 1238 2938 totidem
1259 2838 1445 2938 vo.‘¹‘¹'⁶”'⁰·

144 2980 271 3046 cabulis
302 2979 528 3066 distinguunt:
562 2981 655 3064 quod
685 2998 751 3047 non
786 3003 825 3047 ex
852 2981 1058 3066 philosophis
1080 2981 1178 3048 modo
1202 2982 1259 3048 sed
1281 3001 1320 3047 ex

85 3095 89 3104 '
145 3089 293 3175 Ulpiano
326 3090 421 3158 etiam
464 3107 496 3158 et
527 3092 718 3176 Theophilo
750 3093 890 3178 intelligi
923 3107 1032 3177 potest
1050 3091 1075 3160 ⁸.
1131 3091 1321 3174 Eademque

146 3202 317 3271 distinctio
338 3204 422 3268 clare
449 3204 537 3287 apud
566 3203 786 3271 Themistium
812 3204 845 3272 in
869 3205 1014 3271 oratione
1036 3204 1077 3272 ad
1094 3205 1264 3271 Valentem
1288 3219 1321 3271 et

147 3314 236 3398 apud
258 3313 443 3381 Diodorum
465 3314 526 3380 ⁷in
539 3314 680 3400 Gylippi
702 3316 813 3382 verbis
836 3316 1005 3400 reperitur.
1050 3316 1193 3384 Primum
1218 3331 1267 3384 est
1288 3320 1324 3386 ri

147 3427 262 3502 ἄδικον,
286 3426 466 3494 secundum
487 3431 639 3511 ἀδίκημα,
671 3429 766 3513 cujus
789 3443 867 3495 sunt
888 3428 1014 3512 species
1038 3429 1118 3513 ὕβρις
1140 3432 1189 3498 καὶ
1210 3431 1321 3515 ζημία,

148 3536 281 3603 tertium
317 3540 428 3607 ἀδικία.
483 3537 606 3604 Hierax
639 3539 862 3630 Philosophus
895 3539 928 3606 in
963 3540 1047 3605 libro
1082 3540 1121 3606 de
1152 3539 1280 3624 justitia
1308 3533 1321 3572 ⁸

149 3649 321 3716 commode
350 3649 429 3714 haec
463 3649 618 3716 discernit
648 3671 722 3716 curn
753 3650 832 3716 dicit
855 3651 995 3734 primum
1019 3670 1088 3718 esse
1110 3653 1321 3734 ἀποτέλεσμα,

151 3760 329 3827 secundum
349 3763 472 3844 πρᾶξιν,
507 3761 639 3828 tertium
660 3763 736 3845 ἕξιν,
760 3763 823 3828 hoc
844 3777 915 3844 est,
939 3782 1045 3845 opus,
1070 3761 1253 3842 actionem,
1276 3758 1323 3826 af-

149 3869 347 3952 fectionem,
372 3873 538 3954 quomodo
562 3872 717 3939 differunt
740 3873 887 3957 pictura,
914 3873 1017 3957 pictio
1039 3889 1072 3939 et
1093 3893 1145 3941 ars
1157 3872 1323 3958 pingendi.

149 4045 349 4061 m

184 4153 290 4204 ¹llrist.
306 4157 337 4203 de
352 4169 409 4216 gen.
425 4167 450 4205 et
467 4170 532 4206 corr.
547 4161 565 4206 1.
585 4171 606 4206 1.
622 4172 645 4207 c.
663 4171 687 4218 7.
706 4159 744 4222 [p.
763 4172 819 4222 324.
838 4173 859 4208 1.
876 4173 914 4209 vs.
931 4158 968 4224 s.]
999 4157 1052 4208 ’in
1068 4157 1118 4207 fine
1132 4172 1154 4207 c.
1171 4171 1194 4206 2.
1228 4156 1323 4207 'Vico

152 4257 175 4291 n.
197 4257 235 4302 13.
260 4243 307 4308 [de
328 4242 384 4303 iure
398 4244 480 4313 belli]
515 4247 526 4281 ⁴
543 4251 575 4297 de
595 4249 667 4299 civit.
684 4253 703 4298 1.
717 4265 741 4314 4.
775 4250 786 4283 ⁸
804 4248 884 4308 cajet.
899 4252 931 4299 ad
952 4263 1040 4299 summ.
1059 4251 1148 4298 Thom.
1163 4262 1186 4297 a.
1203 4261 1226 4296 a.
1242 4262 1267 4309 q.
1282 4261 1323 4309 40.

152 4344 193 4382 art.
212 4348 233 4383 1.
267 4335 374 4385 ‘irrisu
398 4339 429 4386 de
454 4351 518 4387 mor.
539 4342 570 4388 ad
591 4339 693 4390 Nicom.
719 4343 736 4389 l.
763 4354 785 4398 5.
807 4355 829 4391 c.
848 4322 886 4390 to.
905 4353 929 4390 et
945 4355 983 4390 11.
1001 4341 1038 4405 [p.
1060 4352 1130 4397 1135.
1150 4353 1171 4388 1.
1187 4352 1225 4388 vs.
1242 4338 1278 4400 8.]
1298 4348 1323 4386 et

154 4425 226 4474 Rhet·
247 4429 265 4475 ¹·
292 4440 313 4475 1·
338 4441 361 4476 0·
384 4440 422 4486 18·
441 4429 479 4492 [p.
496 4443 567 4489 1³73·
584 4445 607 4479 2.
625 4445 662 4481 vs.
682 4433 716 4495 1.]
734 4435 751 4480 1.
769 4447 790 4482 1.
806 4433 832 4480 n.
852 4433 882 4482 de
899 4431 998 4491 injuriis
1019 4431 1062 4496 [D.
1079 4444 1120 4495 47.
1138 4429 1189 4494 10.]
1209 4429 1272 4479 Inst.
1287 4429 1323 4478 ibi
1390 4430 1394 4439 '

154 4514 178 4564 in
189 4530 227 4579 pr.
247 4516 279 4582 [1.
297 4532 321 4579 4.
338 4516 374 4583 4.]
403 4517 414 4554 ⁷
430 4519 550 4571 Biblioth.
567 4523 686 4576 histonl.
706 4537 744 4582 13.
756 4524 790 4587 [c.
802 4523 854 4589 αα]
882 4525 893 4557 ⁸
912 4525 965 4587 [ap.
976 4524 1044 4573 Stob.
1055 4523 1080 4572 in
1091 4523 1165 4572 ssoril.
1175 4525 1191 4570 l.
1202 4536 1225 4584 9.
1234 4535 1259 4570 n.
1270 4521 1322 4588 58.]
