3310 5482
440 655 487 704 DE
509 657 603 725 June
629 655 815 706 PRAEDAE.
841 657 923 705 GAP.
948 657 1001 706 lv.
1261 659 1305 723 47

134 809 254 876 ditores
277 809 311 876 in
335 811 496 879 bonorum
520 810 678 878 debitoris
699 811 938 896 possessionem
965 811 1051 880 mitti
1071 811 1245 893 videmus,
1270 827 1307 878 ut

134 920 197 988 illis
228 942 269 987 ex
297 921 413 988 iisdem
442 922 539 989 bonis
566 922 711 989 satisfiat.
757 922 845 989 Nam
877 939 914 990 ut
937 923 1046 990 eadem
1070 923 1155 992 bona
1172 922 1306 1007 publice

133 1031 268 1100 distrahi
290 1035 353 1100 sub
375 1035 466 1102 hasta
486 1035 648 1115 debeant,
668 1053 728 1102 nec
749 1034 812 1100 nisi
833 1034 867 1102 in
888 1035 1070 1102 subsidium
1092 1035 1308 1102 creditoribus

133 1143 344 1227 addicantur,
368 1165 434 1214 non
455 1165 473 1212 a
491 1147 564 1232 jure
590 1145 734 1232 gentium
756 1146 814 1212 sed
836 1145 929 1213 civili
952 1151 961 1186 ¹
985 1147 1099 1229 venit,
1123 1147 1219 1233 cujus
1235 1146 1307 1212 imi·

133 1255 210 1322 tatio
242 1256 341 1323 etiam
374 1256 408 1323 in
438 1256 636 1341 repressaliis
657 1252 669 1290 ¹
690 1273 816 1341 receptu
840 1273 899 1326 est.
944 1258 1018 1342 Ipsa
1052 1272 1158 1325 autem
1191 1272 1306 1325 natura

133 1368 172 1432 ab
194 1387 257 1449 eo,
281 1389 456 1452 perquem
477 1389 511 1436 re
533 1390 603 1435 mea
623 1389 741 1450 careo,
764 1368 973 1436 tandumdem
994 1389 1045 1436 me
1067 1369 1306 1453 quovismodo

133 1479 274 1563 recipere
297 1480 481 1564 permittit,
504 1500 623 1565 resque
649 1501 688 1547 eo
716 1481 815 1549 modo
837 1495 964 1565 recepta
985 1479 1023 1547 fit
1042 1501 1135 1563 mea,
1159 1481 1251 1564 quod
1274 1496 1307 1548 et

134 1591 298 1677 theologis
321 1591 332 1626 ³
355 1594 482 1676 placet:
516 1611 622 1677 neque
650 1612 732 1661 vero
747 1591 943 1661 naturaliter
965 1591 1034 1659 fieri
1056 1605 1165 1677 potest
1188 1607 1225 1659 ut
1247 1593 1307 1658 do·

134 1702 223 1768 minii
247 1723 377 1770 causant
400 1719 566 1788 praestet,
591 1704 649 1788 qui
670 1704 740 1789 ipse
764 1705 916 1773 dominus
940 1725 1006 1770 non
1030 1703 1072 1771 sit
1093 1701 1129 1786 ⁴,
1148 1702 1239 1786 quod
1258 1719 1306 1770 ta·

133 1835 203 1881 men
239 1815 369 1900 legibus
399 1815 621 1884 introductum
654 1832 715 1884 est.
772 1817 874 1905 Quod
906 1816 933 1884 si
961 1815 1056 1883 etiam
1081 1797 1198 1883 delicta
1220 1816 1307 1881 bello

133 1926 328 1993 ulciscamur
350 1935 388 2008 ⁸,
413 1943 539 1996 certum
563 1943 612 1994 est
633 1947 770 2012 poenam
800 1947 867 1995 non
902 1927 936 1994 in
961 1947 1096 2013 corpora
1125 1927 1307 2009 duntaxat,

134 2037 188 2104 sed
221 2038 255 2105 in
287 2038 460 2106 facultates
490 2039 586 2106 etiarn
614 2040 734 2126 dirigi,
759 2061 843 2124 quae
866 2040 900 2106 in
923 2038 1112 2108 forensibus
1136 2039 1231 2106 etiam
1252 2040 1308 2125 ju·

133 2149 226 2216 diciis
259 2149 411 2236 injuriam
442 2169 538 2235 passo
572 2151 677 2219 addici
713 2155 818 2220 solent
840 2149 863 2221 ⁶.
909 2152 1008 2220 Ratio
1037 2167 1086 2219 est
1108 2152 1196 2237 apud
1219 2151 1307 2238 Try·

132 2260 291 2343 phonium
312 2262 345 2328 ⁷:
370 2263 463 2329 Nam
493 2263 579 2330 male
610 2268 749 2330 aceritus
773 2265 927 2352 publice,
951 2277 989 2330 ut
1014 2261 1310 2352 exemplealiisad

133 2372 334 2440 deterrenda
362 2373 527 2459 maleficia
552 2380 620 2458 sit,
643 2380 745 2443 etiam
768 2390 911 2464 egestate
935 2377 1092 2443 laborare
1114 2375 1216 2444 debet.
1262 2374 1307 2441 Et

133 2487 196 2552 huc
218 2485 303 2553 illud
324 2486 466 2570 pertinet
489 2486 596 2555 Tullii
611 2492 647 2569 ⁸,
671 2502 709 2554 ut
733 2509 838 2554 omnes
859 2493 965 2554 animi
987 2492 1160 2555 cruciatus
1182 2501 1213 2554 ct
1234 2508 1307 2552 cor·

128 2601 219 2682 pcris
240 2602 343 2663 etiam
362 2613 487 2686 egestas
505 2621 543 2664 ac
564 2598 759 2667 mendicitas
777 2614 1009 2686 consequatur.
1049 2600 1095 2665 Et
1114 2597 1244 2683 proprie
1261 2597 1306 2664 is·

132 2708 190 2775 tud
220 2709 261 2776 de
290 2709 438 2794 Lepido:
472 2709 584 2797 Atque
614 2711 672 2777 iiie
694 2716 724 2777 si
746 2716 851 2778 armis
866 2715 985 2798 positis
1007 2710 1046 2778 de
1066 2715 1101 2780 si
1128 2709 1307 2777 damnatus

133 2834 234 2902 esset,
257 2841 321 2907 quc
348 2822 528 2909 injudicio
550 2836 640 2889 certe
660 2822 875 2908 defensionem
896 2844 960 2888 non
981 2824 1140 2904 haberet,
1164 2820 1307 2888 eamdem

132 2931 362 2998 calamitatem
391 2934 540 3000 subirent
563 2935 663 3002 liberi
683 2937 773 3002 benis
789 2935 983 3022 publicatis.
1033 2934 1151 3017 Deque
1172 2932 1305 3000 eodem:

135 3043 181 3109 Et
208 3048 239 3110 si
259 3043 391 3130 judicic
419 3043 594 3113 damnatos
617 3046 728 3114 eadem
743 3061 849 3134 poena
869 3049 1022 3134 sequitur
1039 3049 1150 3127 cives,
1172 3048 1232 3130 qui
1245 3059 1307 3132 po-

133 3159 257 3221 tuimus
276 3155 417 3222 leniores
437 3179 501 3224 esse
522 3162 559 3224 in
580 3160 715 3226 hostes?

170 3267 233 3353 Jus
262 3281 371 3335 autem
404 3289 470 3336 rem
501 3269 691 3354 acquirendi
721 3269 874 3337 hostilem
898 3269 968 3337 sive
993 3270 1037 3336 ob
1058 3289 1149 3351 rem,
1173 3267 1242 3336 sive
1262 3267 1306 3334 ob

132 3379 279 3446 debitum
299 3379 436 3465 simplex
458 3397 516 3450 aut
537 3381 632 3450 etiam
655 3381 864 3467 poenarium,
889 3401 956 3450 non
979 3380 1160 3450 necessario
1184 3381 1305 3448 bellum

166 3663 174 3698 ¹
192 3667 222 3714 C.
241 3667 272 3714 de
290 3663 346 3722 jure
363 3667 431 3714 dom.
449 3665 548 3726 impetr.
564 3677 612 3714 tot.
629 3665 669 3714 tit.
688 3664 731 3728 [c.
749 3667 773 3713 8·
791 3663 843 3728 aa]
879 3659 972 3714 ²Burt.
991 3666 1023 3714 de
1040 3677 1148 3726 repsere.
1161 3677 1187 3724 q.
1200 3678 1224 3726 9.
1237 3665 1268 3713 ad
1284 3675 1307 3724 3.

133 3753 144 3785 ³
160 3756 220 3806 silv.
237 3755 265 3805 in
282 3771 309 3805 v.
326 3757 437 3806 Furtum.
459 3769 485 3816 q.
511 3769 549 3820 19.
566 3767 598 3804 ex
617 3755 728 3817 [caetera
747 3755 856 3816 desunt]
891 3751 903 3786 ⁴
920 3755 1013 3820 [Quam
1031 3757 1113 3816 legem
1134 3755 1238 3805 Grotlus
1255 3756 1307 3804 ltoc

134 3848 191 3896 loco
214 3847 348 3910 citaverit,
378 3859 426 3908 pto
451 3857 522 3898 certo
544 3847 665 3896 affirmare
685 3859 739 3895 non
760 3847 851 3896 audeo.
884 3847 978 3894 charta
995 3846 1021 3896 ln
1038 3846 1150 3908 marglne
1169 3848 1253 3896 lucere
1282 3857 1308 3896 et

134 3939 253 3988 versiculi
267 3937 339 4000 prior
354 3951 412 4000 para
429 3940 511 3988 deleta
529 3950 581 3988 est:
598 3949 732 3999 supersunt
744 3949 840 3988 tantum
853 3938 903 3986 duo
916 3937 1010 3996 verba,
1029 3950 1084 3998 aeq.
1098 3939 1181 4000 dom,
1198 3949 1225 3988 ut
1232 3937 1308 3987 noble

135 4031 164 4078 de
190 4030 268 4080 titulo
297 4041 405 4080 constet.
459 4032 635 4092 Allegaverut,
666 4040 744 4091 puto,
767 4031 785 4078 l.
808 4027 920 4079 traditio.
965 4028 1009 4091 [D.
1031 4041 1074 4090 4¹·
1101 4042 1122 4078 1.
1148 4027 1217 4092 ao.],
1244 4041 1308 4090 quae

134 4122 164 4170 ad
187 4119 338 4172 sententiam
363 4120 418 4180 ejus
442 4121 658 4184 comprobandam
678 4121 753 4172 unlce
775 4120 907 4183 pertinet]
943 4119 954 4152 ⁶
977 4132 1009 4169 ex
1027 4122 1044 4169 l.
1070 4132 1093 4178 s.
1114 4120 1181 4170 vict.
1201 4122 1232 4170 de
1252 4117 1309 4178 iure

134 4210 201 4260 belli.
218 4225 244 4260 rr.
264 4223 294 4275 19
313 4221 337 4261 et
357 4212 396 4269 56.
429 4212 440 4248 θ
458 4212 520 4262 Silv.
536 4211 564 4260 ln
582 4225 607 4262 v.
625 4213 717 4261 Poena.
734 4215 748 4272 ς
764 4225 788 4262 a.
805 4211 843 4261 ibi
859 4210 973 4262 Tertium
990 4224 1078 4274 genus.
1095 4211 1155 4262 luet.
1174 4213 1206 4261 de
1214 4211 1309 4261 aetion.

134 4301 187 4361 §ln
205 4305 319 4364 duplum.
339 4303 413 4366 [1..1.
431 4305 455 4353 6.
473 4303 557 4365 fam]
576 4313 601 4352 et
619 4305 652 4354 de
669 4304 740 4365 publ.
757 4302 810 4362 iud.
827 4308 840 4363 ς
855 4303 917 4352 item
935 4305 977 4352 lert
992 4303 1105 4368 Jullade
1123 4301 1309 4366 vl.[1.418.

135 4396 148 4452 ξ
170 4395 204 4458 8.]
230 4396 248 4443 1.
273 4408 294 4444 1.
317 4395 343 4444 ff.
358 4397 390 4444 de
408 4393 469 4444 bon.
486 4395 568 4444 dsnm.
586 4395 629 4457 [D.
643 4397 684 4457 48.
701 4396 755 4459 ao]
790 4392 800 4432 ⁷
819 4397 836 4445 l.
854 4395 921 4445 bona
937 4393 1009 4446 deles.
1025 4394 1050 4444 ff.
1068 4393 1188 4456 deposltl.
1207 4394 1251 4457 [D.
1270 4394 1309 4444 ιό.

136 4497 159 4544 ³·
176 4485 229 4549 an]
264 4485 276 4520 ¹
294 4485 369 4535 Cutil.
385 4499 410 4548 4.
428 4486 464 4549 [c.
483 4498 506 4544 s.
521 4490 534 4546 s
550 4485 602 4549 ro.]
637 4485 649 4520 θ
665 4486 747 4548 Epist.
763 4488 842 4538 11.ad
850 4488 919 4537 Bnu.
930 4485 1092 4550 [Pseudoclc.
1101 4487 1133 4536 ad
1141 4487 1210 4536 Brut.
1223 4497 1244 4534 r.
1256 4484 1307 4548 aa]

136 4575 156 4610 ¹⁰
172 4579 253 4640 npiet.
276 4592 314 4640 14„
330 4578 492 4642 [Pseudocie.
509 4580 541 4629 sd
553 4580 623 4630 Brut.
642 4593 664 4630 r.
686 4580 736 4642 rs]
