3316 5494
354 581 399 642 90
649 578 696 626 nx
719 577 1022 646 joscerannum.
1046 576 1129 624 cao.
1153 575 1239 622 vrn,

354 753 392 800 ut
413 735 524 816 dicat,
554 737 608 798 ito
635 753 668 798 se
693 737 739 798 eis
758 733 903 818 fecisse,
931 730 1202 820 quemadmodum
1223 729 1286 795 sibi
1303 732 1437 816 priores
1459 731 1529 815 ipsi

345 847 515 930 fecissem.
558 843 708 910 Vocatus
730 844 863 928 quidem
885 844 949 910 Dei
972 845 1036 910 boc
1058 843 1107 908 illi
1129 841 1311 926 praestitit,
1334 855 1374 906 ut
1392 839 1531 923 publica

354 969 514 1040 potestate
544 975 630 1038 opus
660 974 727 1022 non
756 955 911 1022 haberet:
943 955 1002 1022 sed
1032 954 1161 1021 interim
1190 969 1277 1020 recte
1305 973 1343 1018 se
1364 952 1530 1018 adversus

354 1083 467 1154 gentes
488 1066 635 1152 gentium
663 1069 738 1153 jure
760 1065 917 1134 defendit.
962 1065 1036 1133 Lex
1057 1065 1159 1150 igitur
1180 1065 1235 1131 illa
1255 1085 1339 1148 quae
1360 1063 1531 1131 maleficos

353 1179 470 1264 punire
489 1179 606 1264 jubet,
638 1197 713 1244 cum
743 1199 786 1246 ex
813 1179 887 1264 jure
906 1191 1041 1244 naturae
1062 1177 1133 1242 sive
1154 1176 1301 1262 gentium
1328 1173 1531 1254 descendat,

354 1289 444 1355 cirili
464 1288 620 1355 societate
639 1303 673 1355 et
694 1290 765 1375 lege
787 1303 837 1354 est
855 1288 1032 1373 antiquior.
1076 1288 1180 1376 Quod
1197 1307 1216 1354 a
1235 1287 1347 1354 divina
1366 1286 1531 1369 scriptura

355 1421 422 1469 non
451 1401 584 1466 videtur
613 1399 776 1482 alienum,
807 1400 841 1466 in
872 1421 937 1484 qua
966 1415 1044 1484 post
1071 1401 1183 1467 orbem
1202 1399 1428 1479 submersum,
1451 1418 1529 1464 cum

355 1514 389 1578 in
411 1532 478 1578 una
499 1510 597 1578 domo
625 1511 784 1595 reliquiae
812 1527 921 1578 essent
945 1511 1071 1597 generis
1091 1511 1249 1594 humani,
1272 1509 1439 1577 civitatem
1459 1531 1530 1575 non

354 1623 476 1705 video,
497 1624 601 1707 legem
626 1620 748 1704 video,
772 1643 858 1706 quae
876 1621 1036 1690 maleficia
1058 1622 1169 1707 puniri
1191 1623 1286 1708 J‘ubet
1306 1623 1336 1686 ¹:
1363 1618 1430 1705 Qui
1448 1643 1530 1687 san·

351 1738 486 1822 guinem
504 1734 645 1798 hominis
665 1731 807 1820 effudit,
820 1748 885 1820 per
904 1735 1064 1799 hominem
1086 1737 1223 1822 sanguis
1245 1734 1314 1817 ejus
1330 1732 1528 1821 effunditor.

355 1845 428 1911 Nec
444 1843 531 1911 forte
552 1843 636 1910 illud
652 1845 971 1928 praetermittendum
993 1861 1056 1925 est,
1079 1845 1171 1929 quod
1192 1847 1246 1912 lex
1267 1845 1330 1912 ista
1350 1845 1443 1911 alteri
1460 1845 1530 1930 legi

355 1956 547 2040 subjicitur,
569 1975 653 2038 quae
679 1955 798 2024 bestias
819 1957 962 2024 humano
983 1956 1060 2024 usui
1083 1956 1227 2040 addicit,
1251 1956 1329 2040 quia
1351 1977 1425 2023 cum
1448 1977 1529 2039 poe·

356 2087 469 2134 narum
490 2064 649 2151 originem
673 2067 851 2150 exquirunt
872 2067 1066 2154 theologi¹‚
1084 2069 1143 2134 hac
1164 2068 1406 2152 comparatione
1426 2082 1530 2134 utun-

356 2195 433 2259 tur,
460 2192 499 2244 ut
524 2177 636 2245 dicant
662 2176 845 2264 indigniora
870 2179 979 2246 omnia
1006 2179 1192 2266 digniorum
1215 2180 1331 2247 usibus
1353 2178 1528 2246 destinari:

356 2290 400 2356 ita
427 2287 548 2355 bestias
568 2308 764 2372 quamquam
782 2311 800 2356 a
820 2290 894 2356 Deo
912 2305 1054 2374 creatas,
1083 2306 1122 2358 ut
1146 2307 1275 2372 essent,
1302 2291 1401 2357 bomo
1420 2306 1529 2356 tamen

355 2415 443 2469 recte
466 2397 642 2482 interficit,
670 2402 723 2467 vel
741 2416 781 2468 ut
807 2402 849 2468 ad
869 2422 965 2469 usum
995 2417 1102 2472 vertat
1123 2417 1287 2486 tamquam
1309 2423 1392 2484 sua,
1414 2404 1468 2469 vel
1491 2417 1531 2469 ut

357 2514 451 2580 tollat
471 2526 636 2595 tamquam
659 2511 778 2595 noxia,
812 2532 952 2596 quorum
980 2529 1158 2596 utrumque
1180 2533 1219 2579 eo
1240 2534 1308 2596 quo
1329 2513 1396 2579 dixi
1419 2513 1531 2596 Scrip

357 2641 448 2692 turae
479 2624 554 2689 loco
590 2621 790 2706 exprimitur.
837 2623 993 2691 Similiter
1021 2626 1141 2692 volunt
1173 2626 1359 2709 deploratae
1387 2624 1529 2691 malitiae

358 2735 504 2804 homines
525 2734 589 2799 hoc
621 2733 694 2816 ipso
727 2734 818 2816 quod
839 2736 920 2802 tales
947 2750 1046 2818 sunt,
1070 2736 1301 2820 quasidivina
1322 2738 1530 2820 humanaque

359 2845 497 2932 imagine
527 2859 647 2928 exuta,
680 2845 723 2913 ad
751 2845 937 2914 inferiorem
966 2847 1113 2914 ordinem
1143 2847 1273 2914 detrudi
1301 2848 1403 2932 inque
1425 2849 1531 2916 bono·

359 2979 428 3028 rum
451 2975 546 3022 usum
568 2954 710 3023 ordinari
732 2972 764 3024 et
781 2958 1023 3040 quodammodo
1039 2979 1080 3025 ex
1095 2959 1245 3043 personis
1263 2979 1314 3024 res
1332 2958 1423 3042 fieri,
1447 2981 1531 3044 quae

361 3087 392 3141 et
412 3068 589 3136 secundum
617 3083 764 3136 naturam
795 3069 964 3138 servitutis
996 3069 1089 3155 origo
1122 3086 1190 3136 est:
1222 3070 1295 3137 tolli
1324 3091 1400 3157 ergo
1433 3091 1531 3155 posse

360 3201 428 3253 tum
459 3199 502 3246 ne
535 3193 699 3261 noceant,
734 3193 803 3246 tum
838 3196 876 3247 ut
908 3181 949 3247 ad
982 3184 1165 3266 exemplum
1198 3181 1275 3249 usui
1307 3182 1392 3250 sint:
1439 3184 1532 3266 quod

362 3293 482 3366 seneca
505 3296 516 3333 ⁸
538 3289 646 3372 dixit,
680 3304 718 3356 ut
748 3291 976 3359 documentum
1009 3296 1152 3360 omnium
1181 3297 1271 3375 sint,
1305 3307 1337 3359 et
1368 3297 1428 3379 qui
1459 3297 1531 3362 riui

362 3407 537 3480 uoluerunt
563 3401 737 3488 prodesse,
770 3417 875 3471 morte
907 3419 996 3472 certe
1028 3425 1140 3472 eorum
1174 3405 1360 3492 respublica
1395 3419 1529 3471 utatur.

362 3516 459 3612 Quod
482 3513 566 3582 enim
586 3513 626 3579 de
648 3513 816 3598 republica
847 3515 949 3598 dicit,
982 3516 1066 3582 idem
1099 3517 1138 3582 de
1170 3516 1382 3584 universitate
1405 3517 1531 3603 generis

364 3626 490 3705 ltumani
525 3624 774 3712 intelligendum
805 3628 871 3712 jam
906 3627 1214 3696 demonstrabimus.
1261 3628 1443 3694 Bestiarum
1475 3648 1531 3694 ex-

365 3743 467 3830 emplo
499 3736 540 3804 ad
570 3739 758 3804 nocentium
789 3758 912 3821 poenas
942 3738 1037 3807 etiam
1070 3740 1281 3806 Democritus
1302 3743 1313 3778 ⁴
1337 3740 1466 3823 uritur,
1489 3741 1530 3807 de

363 3865 431 3954 jure
464 3849 601 3918 naturali
637 3849 817 3934 disputans.
871 3851 920 3916 Ita
954 3851 1038 3916 enim
1069 3850 1132 3917 ait:
1165 3857 1246 3924 meu
1274 3857 1304 3922 al
1340 3855 1414 3940 ζῴων
1443 3855 1530 3940 φόνου

367 3971 412 4050 „l
439 3967 480 4052 pis
512 3960 674 4050 <bisauciis
705 3963 778 4048 ἔχει.
810 3967 851 4032 ‘rie
876 3965 1026 4032 mousom
1051 3964 1102 4032 seui
1134 3965 1253 4032 θέλοντα
1280 3967 1386 4032 ἀδικεῖν
1406 3968 1530 4049 diduri

368 4085 473 4162 usius
493 4073 543 4146 ul
562 4075 629 4157 opis
650 4076 783 4144 eieoroiu
804 4079 888 4145 τοῦτο
909 4075 993 4159 ἔρδειν
1011 4080 1128 4158 μᾶλλον
1146 4076 1163 4154 ἢ
1179 4078 1234 4160 μή.
1277 4072 1332 4140 De
1350 4071 1531 4141 occidendis

443 4283 449 4290 ,
465 4275 543 4286 --ι-ι--κ

427 4403 485 4456 amu.
503 4407 526 4456 p.
551 4392 573 4442 ⁶.
609 4389 726 4442 ’Tbom
749 4407 772 4444 a.
795 4408 862 4457 aq.
884 4365 1224 4457 64.m.1.etibibajet.
1259 4394 1319 4446 ³de
1336 4395 1372 4445 ira
1394 4398 1411 4446 l.
1429 4410 1487 4445 1.c.
1505 4399 1529 4446 6.

409 4513 434 4558 ,a
450 4485 514 4542 stab.
533 4481 571 4548 [in
588 4483 664 4534 lloril.
680 4487 697 4534 l.
712 4498 752 4548 44.
770 4499 794 4536 n.
813 4485 864 4551 td]
