3310 5482
440 637 488 684 DE
510 638 603 704 JuleE
629 637 812 687 PRMDAE.
836 639 915 686 CAP.
939 639 979 688 11.
1259 640 1298 704 19

128 794 249 876 tacita,
273 792 337 859 alia
359 811 509 875 expressa
530 806 589 860 est.
635 790 752 858 Tacita
774 812 814 858 ex
836 793 930 878 signo
953 792 1188 876 qualicunque.
1232 791 1298 858 Ex-

129 921 236 990 pressa
268 924 309 970 ex
338 923 377 969 eo
411 902 530 988 signo,
564 902 656 984 quod
673 901 881 989 singulariter
902 903 1028 971 homini
1050 904 1143 972 Deus
1166 919 1241 970 eurn
1265 903 1299 970 in

129 1035 222 1082 usum
246 1014 360 1097 dedit,
384 1031 534 1100 sermone
555 1013 682 1080 scilicet
704 1016 733 1078 ¹:
757 1015 850 1098 quod
868 1030 1016 1082 sanctum
1038 1015 1119 1082 adeo
1141 1029 1173 1080 et
1193 1013 1299 1083 invio·

129 1127 223 1194 labile
256 1125 396 1192 habetur
427 1124 468 1192 ad
500 1124 768 1206 communicanda
801 1129 887 1192 bona
915 1141 947 1192 et
966 1127 1137 1194 hominum
1160 1126 1245 1194 inter
1264 1147 1299 1194 se

128 1239 314 1304 voluntates
346 1236 621 1318 instrumentum,
656 1249 695 1300 ut
727 1235 873 1305 omnium
897 1255 1060 1306 consensu
1081 1239 1208 1306 nullum
1229 1253 1300 1324 gra-

129 1349 199 1416 vius
218 1349 379 1415 habeatur
398 1345 610 1430 opprobrium
631 1347 801 1414 mendacio
824 1343 846 1414 ².
893 1348 939 1416 Et
950 1349 1013 1416 ista
1021 1363 1193 1434 pactorum
1206 1349 1299 1435 origo

130 1475 196 1544 est,
220 1480 308 1543 quae
330 1457 557 1542 conjungenda
584 1471 655 1540 est,
680 1472 719 1526 ut
736 1458 835 1542 dixi,
864 1479 940 1526 cum
962 1461 1033 1546 lege
1056 1475 1167 1542 sexta,
1202 1479 1300 1544 quarn

116 1572 303 1657 respiciens
326 1567 511 1637 Simonides
528 1569 690 1655 justitiam
713 1569 889 1653 definivit,
924 1591 1039 1641 aarum
1062 1573 1171 1640 dicere
1191 1587 1222 1640 et
1245 1595 1300 1640 ac·

130 1699 253 1770 acptum
278 1678 449 1750 redduci
482 1681 528 1747 Et
545 1671 707 1748 Platonici
729 1702 825 1766 saepe
846 1683 1007 1768 iustitiam
1019 1688 1154 1764 ἀλήθειαν
1164 1699 1300 1764 vocant,

131 1795 344 1862 fidelitatem
367 1793 534 1860 transtulit
552 1794 717 1879 Apuleius
737 1791 760 1862 ⁴.
806 1793 869 1860 His
889 1793 934 1862 ita
952 1794 1142 1862 constitutis
1163 1817 1236 1862 curn
1248 1817 1301 1862 ac-

130 1906 249 1972 cideret
271 1920 311 1972 ut
330 1904 449 1988 multi,
473 1925 556 1987 quae
578 1904 749 1971 hominum
771 1906 989 1988 quorumdam
1013 1926 1053 1972 ex
1072 1922 1227 1992 corrupto
1251 1909 1300 1976 in·

131 2019 223 2103 genio
256 2016 381 2083 malitia
413 2030 483 2099 est,
516 2030 574 2083 aut
604 2016 862 2102 obligationibus
895 2037 961 2085 non
993 2017 1217 2087 satisfacerent
1246 2034 1303 2089 aut

131 2131 223 2195 etiam
242 2127 395 2195 fortunas
418 2128 536 2194 alienas
558 2128 727 2211 ipsamque
745 2128 847 2196 vitam
867 2128 1077 2214 impeterent,
1107 2131 1208 2214 idque
1227 2134 1303 2215 plu-

131 2240 244 2306 rimum
276 2240 410 2323 impune
428 2237 568 2323 ferrent,
592 2240 670 2322 quia
689 2240 792 2324 parati
821 2241 1022 2324 improvidos
1045 2255 1102 2308 aut
1120 2243 1216 2309 multi
1235 2244 1302 2308 sin·

132 2353 223 2437 gulos
246 2352 497 2432 adoriebantur,
519 2371 608 2419 novo
634 2351 777 2419 remedio
799 2372 883 2436 opus
902 2351 985 2434 fuit,
1009 2371 1051 2420 ne
1069 2354 1229 2421 humanae
1250 2374 1302 2421 so-

131 2465 256 2530 cietatis
274 2465 362 2547 leges
382 2463 543 2531 invalidae
565 2450 868 2545 destituerentur⁵,
894 2480 1098 2532 excrescente
1116 2464 1302 2548 praesertim

132 2574 162 2640 in
183 2595 253 2640 eam
278 2574 521 2640 multitudinem
544 2576 714 2642 hominum
725 2595 884 2658 numero,
908 2591 947 2642 ut
959 2577 1157 2663 longissimis
1171 2575 1303 2644 discreti

131 2685 243 2768 spatiis
271 2685 495 2753 benefaciendi
524 2686 608 2751 inter
638 2705 673 2750 se
705 2685 892 2753 occasiones
911 2688 1105 2770 amitterent.
1151 2688 1302 2755 Minores

132 2797 231 2881 igitur
253 2796 427 2874 societates
449 2815 550 2863 unum
574 2797 738 2862 inlocum
759 2798 908 2863 homines
929 2800 1082 2883 colligere
1105 2815 1303 2884 coeperunt,

131 2927 194 2975 non
207 2927 277 2990 quo
289 2907 398 2990 illam,
412 2928 495 2991 quae
507 2909 638 2976 cunctis
657 2907 846 2975 hominibus
859 2908 1048 2990 intercedit,
1059 2913 1228 2991 tollerent,
1248 2912 1307 2978 sed

132 3034 168 3084 ut
188 3039 258 3084 eam
278 3019 410 3085 certiori
431 3019 593 3103 praesidio
617 3019 844 3086 immunirent:
865 3019 963 3086 simul
985 3019 1099 3100 etiam,
1123 3035 1162 3087 ut
1179 3023 1304 3105 multa,

133 3150 215 3212 quae
242 3131 405 3196 humanae
436 3129 523 3198 vitae
546 3151 627 3199 usus
649 3132 812 3214 postulat,
833 3131 985 3199 distincta
1006 3132 1186 3198 multorum
1207 3151 1305 3216 opera

132 3240 336 3307 commodius
357 3239 594 3309 conferrentur.
640 3242 792 3329 Quippe,
814 3257 852 3309 ut
868 3241 1090 3327 significanter
1109 3243 1220 3326 inquit
1237 3243 1305 3310 Pli-

132 3352 205 3420 nius
226 3359 257 3434 i,
280 3352 433 3419 discretis
462 3352 592 3440 quidem
613 3355 703 3419 bonis
725 3357 886 3436 omnium,
909 3374 971 3420 saa
991 3355 1148 3441 cujusque
1170 3355 1218 3422 ad
1238 3359 1291 3420 sin

130 3464 223 3549 gulos
243 3464 351 3541 mala,
378 3469 512 3531 sociatis
531 3478 641 3530 autem
661 3479 761 3550 atqua
774 3468 961 3552 permistis,
987 3465 1194 3552 singulorum
1214 3465 1306 3532 mala

134 3573 180 3640 ad
199 3577 383 3657 neminem,
416 3575 463 3640 ad
480 3595 585 3640 omnes
617 3579 759 3640 omnium
789 3575 872 3641 bona
886 3579 1070 3663 pertinent.
1124 3577 1171 3641 Et
1191 3577 1225 3643 in
1245 3578 1306 3643 hac

134 3705 180 3762 re,
200 3685 292 3750 utin
312 3685 384 3752 aliis
400 3685 564 3765 omnibus,
587 3687 728 3753 humana
750 3686 910 3753 industria
929 3702 1075 3753 naturam
1094 3688 1218 3754 imitata
1239 3703 1305 3772 est,

136 3817 218 3876 quae
238 3796 383 3864 universi
405 3797 686 3865 conservationem
711 3797 845 3864 foedere
866 3799 1007 3881 quodam
1030 3819 1136 3866 rerum
1160 3801 1306 3866 omnium

137 3906 286 3974 firmavit.
309 3908 400 3974 Haec
418 3908 520 3994 igitur
538 3908 644 3975 minor
658 3908 796 3978 societas
816 3929 977 3976 consensu
990 3910 1131 3993 quodam
1143 3926 1307 3979 contracta

170 4177 272 4228 lArist.
296 4180 328 4228 de
350 4193 404 4240 rep.
427 4181 444 4228 i.
470 4193 492 4229 1.
516 4193 538 4228 c.
564 4194 587 4229 a.
613 4179 652 4244 [p.
673 4192 744 4238 1253.
765 4194 786 4230 1.
803 4193 842 4230 vs.
862 4178 913 4245 14.]
933 4183 950 4229 l.
966 4181 1061 4230 Labeo.
1078 4182 1099 4243 5.
1118 4195 1141 4230 o.
1159 4183 1184 4230 h.
1203 4184 1234 4232 de
1252 4195 1306 4245 sup.

137 4271 183 4330 leg.
209 4267 256 4333 [D.
281 4281 320 4328 aa.
345 4282 383 4319 ιο.
400 4268 438 4334 7.]
457 4272 475 4318 1.
492 4283 544 4320 non
561 4269 647 4332 figura
665 4271 691 4320 ff.
709 4273 740 4320 de
759 4271 810 4320 obl.
829 4282 853 4320 er
871 4283 919 4320 act.
938 4268 984 4334 [D.
1000 4285 1042 4334 44.
1059 4284 1083 4330 7.
1102 4270 1154 4336 ab]
1174 4273 1264 4323 Thoan.
1283 4287 1306 4323 ι.

139 4371 160 4406 a.
184 4373 210 4420 q.
239 4373 294 4424 109.
318 4372 364 4409 art.
390 4373 414 4419 3.
448 4358 552 4410 ’Rom
572 4374 593 4410 1.
612 4374 651 4420 31.
685 4360 784 4410 ⁸Plato
803 4364 834 4410 de
851 4375 905 4424 rep.
922 4364 939 4410 l.
960 4375 981 4411 ι.
1001 4363 1040 4425 [p.
1058 4362 1210 4425 sande]
1245 4362 1306 4413 ⁴de

137 4450 197 4499 Plac.
225 4451 292 4512 [vol.
317 4465 340 4498 α.
364 4465 390 4512 p.
418 4450 488 4516 ιαμ]
523 4450 534 4483 ⁶
560 4467 585 4502 v.
612 4454 674 4502 Plat.
698 4453 773 4502 Polit.
799 4451 927 4517 [passim]
954 4464 978 4502 et
997 4455 1028 4504 de
1045 4465 1099 4514 rep.
1116 4455 1133 4504 l.
1152 4467 1175 4504 a.
1192 4451 1232 4517 [p.
1249 4455 1306 4518 ³⁶9·

139 4539 162 4588 b.
180 4540 216 4605 a]
251 4541 262 4576 ⁶
279 4541 443 4604 Panegyrico.
462 4541 499 4607 [c.
517 4555 558 4602 aa.
575 4543 597 4608 S.
614 4543 652 4609 3.]

1048 4633 1087 4698 2*
