3316 5494
435 623 482 671 us
505 618 599 692 June.
624 621 809 674 tunsone.
834 625 915 673 cnr.
940 621 1021 672 unt.
1253 621 1313 686 1⁰³

133 778 251 844 aiendi
273 797 410 844 eausam
431 778 574 857 hubent,
592 779 720 846 modum
741 801 806 846 non
827 781 962 849 habent.
987 779 1044 847 Ad
1059 779 1123 846 hoc
1145 791 1253 844 autem
1273 795 1314 842 ne
1326 769 1445 874 mfff·

134 891 218 957 alius
238 909 299 973 pro
323 889 387 956 alio
411 889 489 956 belli
512 889 604 956 malis
626 891 805 973 afficiatur,
826 893 1006 960 notandum
1019 905 1069 960 est
1079 888 1243 956 interdum
1256 888 1314 954 ali·

135 1021 231 1083 quern
251 1021 292 1066 ex
308 999 398 1069 facto
416 1019 478 1067 suo
496 1002 629 1085 proprio
649 1015 706 1070 aut
726 1004 892 1072 communi
911 1001 1069 1088 obligari,
1090 999 1253 1069 interdum
1273 1019 1313 1066 ex

134 1113 265 1196 alieno,
282 1113 495 1196 praecedente·
514 1126 621 1181 umen
640 1129 697 1181 aut
717 1129 874 1198 sequente
894 1114 985 1182 facto
1006 1131 1082 1182 suo:
1100 1112 1192 1196 quod
1210 1111 1251 1178 ad
1268 1113 1313 1177 le·

134 1235 191 1310 ges
222 1224 321 1309 primi
343 1225 467 1292 ordinis
490 1237 650 1308 quantum
671 1226 813 1310 pertinet
833 1229 942 1295 locunt
959 1226 1079 1294 habere
1099 1243 1165 1290 non
1183 1236 1312 1306 potest:

132 1337 216 1402 istae
237 1334 323 1404 eninr
343 1325 589 1423 factumunum
608 1337 804 1421 respiciunt,
827 1357 935 1421 neque
953 1336 1051 1405 animi
1072 1337 1195 1402 habent
1214 1333 1312 1399 ratio-

131 1467 227 1514 nem:
240 1448 298 1514 se'd
314 1447 347 1514 in
364 1449 587 1516 contractibus
601 1469 696 1533 saepe
716 1449 851 1529 accidit,
865 1449 898 1514 in
920 1447 1047 1516 delictis
1060 1447 1155 1514 etiam
1168 1444 1312 1512 accidere

132 1573 266 1643 potest,
288 1573 450 1642 quatenus
468 1574 574 1644 poena
592 1554 703 1628 delicti
720 1561 907 1646 pecuniaria
926 1576 976 1628 est
993 1559 1063 1629 sive
1082 1559 1123 1626 ad
1141 1557 1314 1624 facultates

132 1669 296 1753 pertinet:
319 1669 407 1736 unde
431 1671 618 1739 vadimonia
637 1683 660 1737 ¹.
705 1672 770 1739 Sed
790 1691 914 1756 poenae
942 1670 1119 1755 corporalis
1151 1667 1312 1734 vicarium

131 1783 206 1867 jura
225 1784 237 1820 ¹
256 1798 324 1850 non
347 1782 522 1866 recipiunt.
559 1783 660 1850 Ratio
678 1798 732 1850 est
755 1785 834 1866 quia
851 1802 947 1851 nemo
964 1795 1074 1868 potest
1094 1781 1130 1847 id
1147 1779 1313 1864 obligare,

135 1893 167 1959 in
191 1894 286 1978 quod
305 1893 486 1970 dominium
509 1915 576 1962 non
597 1896 698 1963 habet
715 1897 738 1964 ³.
771 1897 810 1962 In
831 1915 880 1962 res
901 1894 1083 1962 dominium
1105 1891 1200 1959 nobis
1221 1890 1314 1956 Deus

135 2007 247 2085 dedit,
270 2006 305 2073 in
326 2026 386 2072 nos
410 2007 499 2090 ipsos
522 2007 659 2074 retinuit
688 2007 769 2074 sibi:
794 2025 895 2091 quare
926 2027 1000 2072 cum
1024 2005 1106 2072 libet
1127 2005 1212 2071 bona
1235 2001 1315 2068 alie·

135 2137 210 2186 nare
231 2139 431 2202 possumus,
454 2117 555 2185 vitam
578 2120 741 2203 deponere
764 2140 830 2186 non
853 2137 1032 2204 possumus
1051 2120 1085 2199 ⁴,
1110 2116 1197 2182 sicut
1219 2131 1314 2180 servo

135 2230 303 2312 peculium
326 2230 439 2313 datur,
463 2229 497 2296 in
520 2248 554 2298 se
573 2243 718 2322 potestas
741 2251 808 2298 non
831 2231 941 2300 datur.
972 2229 1117 2295 Primum
1141 2225 1242 2312 igitur
1261 2242 1314 2288 so·

136 2341 207 2408 cius
220 2363 262 2408 ex
281 2341 368 2408 facto
386 2343 468 2410 socii
488 2343 579 2425 quod
594 2342 780 2428 obligatur,
801 2343 835 2409 id
856 2341 947 2408 facto
967 2341 1070 2425 ipsius
1092 2337 1230 2419 accidit,
1250 2335 1314 2401 hoc

137 2469 239 2520 estre
268 2452 361 2537 ipsa,
386 2473 452 2520 non
474 2454 569 2536 quasi
599 2473 638 2520 ex
658 2454 887 2522 conventione.
931 2453 1018 2518 Nam
1050 2451 1079 2518 si
1099 2449 1244 2516 debitum
1267 2447 1314 2514 rei

137 2565 329 2649 respicimus
346 2565 468 2649 optime
485 2580 517 2632 et
534 2585 574 2633 ex
590 2566 752 2650 aequitate
768 2565 907 2632 naturali
922 2585 940 2632 a
956 2562 1120 2649 theologis
1133 2561 1145 2598 ⁵
1157 2559 1314 2627 traditum

139 2692 203 2758 est,
224 2697 355 2742 causam
373 2677 561 2760 aequalitati
575 2693 736 2762 praestare
752 2697 864 2745 omnes
882 2677 1020 2758 debere,
1035 2674 1094 2758 qui
1111 2693 1240 2740 causam
1257 2670 1315 2737 ali·

139 2787 323 2872 quomodo
342 2787 566 2872 inaequalitati
587 2790 827 2874 praestiterunt.
850 2788 1054 2855 Praestitisse
1073 2801 1181 2853 autem
1200 2785 1315 2852 dicun·

139 2915 192 2966 tur
207 2920 275 2967 non
295 2900 330 2966 hi
349 2915 499 2984 tantum,
521 2902 579 2984 qui
597 2901 660 2986 ipsl
681 2901 836 2968 auferunt
858 2915 915 2967 aut
935 2899 1104 2974 detinent,
1128 2897 1186 2963 sed
1205 2911 1237 2962 et
1259 2894 1314 2961 alii

140 3013 195 3094 qui
212 3011 370 3080 ablationi
385 3014 532 3098 jussum,
545 3013 740 3095 consilium,
754 3028 967 3093 consensum,
984 3027 1114 3095 operam
1129 3021 1313 3092 praestant,

139 3138 194 3190 aut
209 3125 270 3208 qui
284 3139 399 3208 postea
413 3125 596 3209 impediunt
610 3124 787 3208 quominus
801 3124 859 3189 liat
871 3123 1048 3191 restitutio,
1069 3121 1192 3188 Omnes
1206 3133 1313 3185 autent

139 3237 220 3302 socii
244 3251 301 3302 aut
323 3238 406 3316 hoc,
430 3252 487 3303 aut
505 3237 588 3303 illud
610 3235 750 3303 faciunt:
775 3256 874 3318 quare
894 3253 1025 3302 necesse
1047 3233 1149 3299 estin
1170 3230 1311 3298 solidum

138 3348 288 3433 singulos
304 3347 481 3433 obligari⁸,
502 3369 644 3432 quorum
663 3348 787 3414 auxilio
806 3367 879 3432 pars
895 3347 1008 3429 iniqua
1025 3344 1198 3426 audacior,
1214 3345 1313 3408 altera

140 3458 286 3525 timidior
317 3459 482 3527 redditur:
515 3461 606 3543 quod
637 3459 671 3526 in¹
698 3461 787 3526 bello
810 3458 990 3526 universim
1013 3457 1219 3525 considerato
1240 3475 1312 3539 pct-

172 3719 180 3752 ²
197 3723 217 3769 l.
235 3719 258 3770 si
278 3719 344 3781 quis.
361 3713 430 3769 fflde
449 3731 513 3770 cust.
531 3733 598 3768 reor.
620 3719 664 3782 [D.
684 3721 725 3780 48.
742 3731 764 3776 3.
779 3718 818 3780 4.]
835 3717 897 3767 silv.
913 3717 940 3766 in
957 3731 983 3766 v.
1002 3714 1157 3774 Fideiussor.
1172 3719 1193 3774 9.
1209 3727 1233 3774 7.
1249 3726 1274 3764 et
1288 3716 1312 3764 8.

141 3805 232 3861 ¹Bart.
250 3811 277 3860 in
294 3812 348 3861 l.sl
366 3809 471 3872 quisff.
487 3813 518 3861 de
534 3810 625 3872 poenis
641 3811 684 3873 [D.
702 3813 744 3872 48.
761 3821 799 3872 19.
815 3807 853 3873 6.]
868 3820 893 3858 et
909 3808 999 3858 Ddin
1015 3810 1033 3856 l.
1050 3807 1170 3856 siareo.
1188 3805 1317 3864 §.lineo

141 3903 177 3951 tit.
197 3899 263 3968 [non
281 3914 318 3951 est
336 3902 362 3951 in
381 3917 412 3952 eo
430 3903 470 3950 tit.
488 3903 533 3952 sed
550 3903 581 3950 D.
598 3902 640 3962 46.
661 3915 682 3951 r.
701 3901 755 3964 70.]
792 3899 802 3932 ³
820 3903 837 3949 l.
855 3900 928 3949 liber.
946 3899 972 3949 ll'.
989 3901 1021 3949 ad
1038 3901 1056 3947 l.
1074 3900 1161 3959 Aquil.
1181 3899 1225 3960 [D.
1243 3911 1267 3959 p.
1287 3911 1310 3946 a.

145 3994 193 4058 tp]
213 4008 236 4044 c.
255 3994 346 4043 sinon
369 3993 439 4042 licet.
465 3991 553 4056 [Dect.
578 3995 646 4041 Grat.
670 4007 696 4053 p.
721 4006 746 4040 a.
765 4004 804 4049 2³·
824 4001 846 4048 ⁵·
864 3990 901 4055 9.]
936 3990 1036 4039 ⁴Facit
1053 3993 1104 4040 lroc
1121 4003 1168 4050 pro
1187 3988 1311 4049 opinione
1356 3977 1365 3992 '

142 4087 259 4135 Rusellae
276 4086 304 4134 in
317 4087 423 4146 Summa,
433 4085 459 4133 in
468 4098 493 4145 q.
502 4086 533 4133 de
547 4083 639 4142 iudice.
649 4074 680 4131 V.
690 4082 788 4134 Siluin
798 4095 823 4132 v.
832 4083 922 4146 Judex.
935 4095 961 4142 p.
976 4095 1000 4130 a.
1015 4085 1037 4140 5.
1052 4093 1075 4138 s.
1089 4081 1139 4130 ibi:
1152 4094 1185 4130 ex
1198 4080 1237 4130 his
1251 4081 1311 4130 dua·

143 4176 195 4227 bus.
229 4177 356 4225 ‘Covarn
374 4175 400 4224 in
418 4187 441 4224 c.
459 4187 602 4237 peccatum.
619 4175 641 4237 s.
661 4187 699 4224 ra.
716 4186 742 4224 n.
761 4187 783 4223 a.
802 4173 862 4224 silv.
881 4174 908 4222 in
924 4187 951 4223 v.
968 4173 1118 4223 Restitutio.
1136 4185 1159 4230 ³·
1176 4171 1197 4234 s.
1215 4171 1239 4219 6.
1257 4170 1311 4220 ibi:

143 4277 265 4328 quartum.
280 4279 304 4317 et
317 4267 343 4317 in
353 4283 379 4316 v.
388 4267 493 4316 Bellum.
514 4281 535 4315 r.
552 4266 574 4329 §a
594 4279 632 4315 11.
651 4268 733 4316 concl.
755 4279 776 4314 r.
793 4277 818 4314 et
836 4277 860 4324 7.
885 4263 896 4298 ⁸
914 4268 931 4314 l.
953 4261 1311 4328 1.·§.·siplure'sdolo.ff.de

145 4369 174 4409 eo
189 4373 236 4421 per
257 4371 332 4420 quern
344 4359 436 4408 lactum
455 4359 512 4410 erit.
531 4357 576 4422 [D.
597 4371 633 4407 11.
655 4371 693 4406 10.
715 4371 737 4406 1.
753 4361 776 4416 5.
792 4355 828 4422 4.]
849 4361 915 4406 Scor.
928 4368 992 4406 sent.
1005 4371 1030 4418 4.
1047 4355 1106 4404 dist.
1126 4367 1164 4411 ιε.
1182 4369 1206 4415 q.
1226 4367 1248 4402 a.
1266 4365 1311 4401 art.

142 4463 164 4511 4.
188 4461 213 4499 et
240 4449 276 4500 ibi
303 4450 404 4500 Gabriel
438 4462 463 4500 et
489 4451 606 4500 Richard.
630 4449 728 4499 ibidem
755 4460 801 4498 art.
829 4461 851 4504 s.
870 4462 896 4509 q.
914 4461 938 4510 4.
957 4460 981 4498 et
1000 4449 1089 4496 Thom.
1107 4457 1155 4496 art.
1174 4457 1196 4501 s.
1214 4455 1311 4506 quaest.

145 4554 167 4599 ³·
184 4556 225 4605 ap.
242 4542 321 4593 Wilh.
338 4543 420 4593 Math.
438 4543 556 4593 debello
573 4540 640 4601 justo
658 4553 684 4591 et
701 4541 782 4591 licito.
801 4541 827 4589 in
848 4554 869 4590 r.
886 4553 940 4601 req.
