<?xml version="1.0" encoding="UTF-8"?>
<!DOCTYPE html PUBLIC "-//W3C//DTD XHTML 1.0 Transitional//EN"
    "http://www.w3.org/TR/xhtml1/DTD/xhtml1-transitional.dtd">
<html xmlns="http://www.w3.org/1999/xhtml" xml:lang="en" lang="en">
 <head>
  <title>
</title>
<meta http-equiv="Content-Type" content="text/html;charset=utf-8" />
  <meta name='ocr-system' content='tesseract 3.04.00' />
  <meta name='ocr-capabilities' content='ocr_page ocr_carea ocr_par ocr_line ocrx_word'/>
</head>
<body>
  <div class='ocr_page' id='page_1' title='image "./ledroitdeprised01hamagoog_0055.png"; bbox 0 0 3310 5482; ppageno 0'>
   <div class='ocr_carea' id='block_1_1' title="bbox 422 640 1314 718">
    <p class='ocr_par' dir='ltr' id='par_1_1' title="bbox 422 640 1314 718">
     <span class='ocr_line' id='line_1_1' title="bbox 422 640 1314 718; baseline 0 -28"><span class='ocrx_word' id='word_1_1' title='bbox 422 642 587 712; x_wconf 73' lang='lat' dir='ltr'><strong>nequae</strong></span> <span class='ocrx_word' id='word_1_2' title='bbox 613 640 798 689; x_wconf 80' lang='lat' dir='ltr'><strong>rxnunnu.</strong></span> <span class='ocrx_word' id='word_1_3' title='bbox 826 642 907 692; x_wconf 80' lang='lat' dir='ltr'><strong>cnr.</strong></span> <span class='ocrx_word' id='word_1_4' title='bbox 932 643 989 692; x_wconf 90' lang='lat'><strong>111.</strong></span> <span class='ocrx_word' id='word_1_5' title='bbox 1099 713 1103 718; x_wconf 20' lang='grc' dir='ltr'>Ι</span> <span class='ocrx_word' id='word_1_6' title='bbox 1180 711 1184 718; x_wconf 93' lang='lat'><strong>.</strong></span> <span class='ocrx_word' id='word_1_7' title='bbox 1274 643 1314 706; x_wconf 81' lang='grc'><strong>33</strong></span> 
     </span>
    </p>
   </div>
   <div class='ocr_carea' id='block_1_2' title="bbox 143 795 1522 4010">
    <p class='ocr_par' dir='ltr' id='par_1_2' title="bbox 143 795 1317 1332">
     <span class='ocr_line' id='line_1_2' title="bbox 144 795 1315 884; baseline -0.005 -18"><span class='ocrx_word' id='word_1_8' title='bbox 144 821 215 867; x_wconf 94' lang='lat' dir='ltr'><strong>cum</strong></span> <span class='ocrx_word' id='word_1_9' title='bbox 229 813 353 884; x_wconf 85' lang='lat' dir='ltr'><strong>partem</strong></span> <span class='ocrx_word' id='word_1_10' title='bbox 370 812 542 880; x_wconf 90' lang='lat' dir='ltr'><strong>utramque</strong></span> <span class='ocrx_word' id='word_1_11' title='bbox 559 796 738 864; x_wconf 89' lang='lat' dir='ltr'><strong>necessario</strong></span> <span class='ocrx_word' id='word_1_12' title='bbox 755 818 887 881; x_wconf 89' lang='lat' dir='ltr'><strong>peceare</strong></span> <span class='ocrx_word' id='word_1_13' title='bbox 903 813 1073 880; x_wconf 87' lang='lat' dir='ltr'><strong>statuunt,</strong></span> <span class='ocrx_word' id='word_1_14' title='bbox 1096 797 1179 864; x_wconf 85' lang='lat' dir='ltr'><strong>nihil</strong></span> <span class='ocrx_word' id='word_1_15' title='bbox 1192 812 1244 864; x_wconf 87' lang='lat' dir='ltr'><strong>est</strong></span> <span class='ocrx_word' id='word_1_16' title='bbox 1260 795 1315 862; x_wconf 94' lang='lat' dir='ltr'><strong>ab·</strong></span> 
     </span>
     <span class='ocr_line' id='line_1_3' title="bbox 143 908 1314 995; baseline -0.005 -15"><span class='ocrx_word' id='word_1_17' title='bbox 143 911 281 980; x_wconf 88' lang='lat' dir='ltr'><strong>surdius.</strong></span> <span class='ocrx_word' id='word_1_18' title='bbox 325 910 387 995; x_wconf 89' lang='lat' dir='ltr'><strong>Jus</strong></span> <span class='ocrx_word' id='word_1_19' title='bbox 414 909 498 976; x_wconf 87' lang='lat' dir='ltr'><strong>enirn</strong></span> <span class='ocrx_word' id='word_1_20' title='bbox 523 925 676 992; x_wconf 89' lang='lat' dir='ltr'><strong>naturae,</strong></span> <span class='ocrx_word' id='word_1_21' title='bbox 707 910 770 975; x_wconf 95' lang='lat' dir='ltr'><strong>hoc</strong></span> <span class='ocrx_word' id='word_1_22' title='bbox 802 925 851 977; x_wconf 89' lang='lat' dir='ltr'><strong>est</strong></span> <span class='ocrx_word' id='word_1_23' title='bbox 878 909 961 976; x_wconf 90' lang='lat' dir='ltr'><strong>illud</strong></span> <span class='ocrx_word' id='word_1_24' title='bbox 985 911 1076 994; x_wconf 93' lang='lat' dir='ltr'><strong>quod</strong></span> <span class='ocrx_word' id='word_1_25' title='bbox 1097 908 1192 976; x_wconf 91' lang='lat' dir='ltr'><strong>initio</strong></span> <span class='ocrx_word' id='word_1_26' title='bbox 1218 909 1314 975; x_wconf 87' lang='lat' dir='ltr'><strong>rebus</strong></span> 
     </span>
     <span class='ocr_line' id='line_1_4' title="bbox 144 1020 1317 1105; baseline -0.002 -15"><span class='ocrx_word' id='word_1_27' title='bbox 144 1024 256 1092; x_wconf 87' lang='lat' dir='ltr'><strong>creatis</strong></span> <span class='ocrx_word' id='word_1_28' title='bbox 275 1024 318 1090; x_wconf 86' lang='lat' dir='ltr'><strong>ad</strong></span> <span class='ocrx_word' id='word_1_29' title='bbox 331 1023 513 1089; x_wconf 90' lang='lat' dir='ltr'><strong>earumdem</strong></span> <span class='ocrx_word' id='word_1_30' title='bbox 532 1020 810 1090; x_wconf 88' lang='lat' dir='ltr'><strong>conservationem</strong></span> <span class='ocrx_word' id='word_1_31' title='bbox 827 1021 920 1088; x_wconf 90' lang='lat' dir='ltr'><strong>Deus</strong></span> <span class='ocrx_word' id='word_1_32' title='bbox 938 1021 1099 1105; x_wconf 89' lang='lat' dir='ltr'><strong>inseruit,</strong></span> <span class='ocrx_word' id='word_1_33' title='bbox 1115 1043 1188 1089; x_wconf 91' lang='lat' dir='ltr'><strong>cum</strong></span> <span class='ocrx_word' id='word_1_34' title='bbox 1205 1020 1317 1089; x_wconf 87' lang='lat' dir='ltr'><strong>divina</strong></span> 
     </span>
     <span class='ocr_line' id='line_1_5' title="bbox 144 1133 1315 1220; baseline -0.004 -17"><span class='ocrx_word' id='word_1_35' title='bbox 144 1139 293 1203; x_wconf 90' lang='lat' dir='ltr'><strong>voluntas</strong></span> <span class='ocrx_word' id='word_1_36' title='bbox 309 1133 521 1202; x_wconf 90' lang='lat' dir='ltr'><strong>immutabilis</strong></span> <span class='ocrx_word' id='word_1_37' title='bbox 544 1149 576 1200; x_wconf 90' lang='lat' dir='ltr'><strong>et</strong></span> <span class='ocrx_word' id='word_1_38' title='bbox 592 1149 719 1201; x_wconf 88' lang='lat' dir='ltr'><strong>aeterna</strong></span> <span class='ocrx_word' id='word_1_39' title='bbox 738 1133 800 1216; x_wconf 91' lang='lat' dir='ltr'><strong>sit,</strong></span> <span class='ocrx_word' id='word_1_40' title='bbox 825 1153 950 1218; x_wconf 88' lang='lat' dir='ltr'>semper</span> <span class='ocrx_word' id='word_1_41' title='bbox 967 1150 999 1200; x_wconf 91' lang='lat' dir='ltr'><strong>et</strong></span> <span class='ocrx_word' id='word_1_42' title='bbox 1015 1134 1139 1218; x_wconf 90' lang='lat' dir='ltr'><strong>ubique</strong></span> <span class='ocrx_word' id='word_1_43' title='bbox 1152 1135 1208 1220; x_wconf 90' lang='lat' dir='ltr'><strong>jus</strong></span> <span class='ocrx_word' id='word_1_44' title='bbox 1225 1133 1315 1214; x_wconf 88' lang='lat' dir='ltr'><strong>est¹,</strong></span> 
     </span>
     <span class='ocr_line' id='line_1_6' title="bbox 144 1245 1316 1332; baseline -0.004 -17"><span class='ocrx_word' id='word_1_45' title='bbox 144 1264 181 1315; x_wconf 94' lang='lat' dir='ltr'><strong>ut</strong></span> <span class='ocrx_word' id='word_1_46' title='bbox 200 1248 350 1314; x_wconf 85' lang='lat' dir='ltr'>Socrates</span> <span class='ocrx_word' id='word_1_47' title='bbox 363 1247 396 1312; x_wconf 92' lang='lat' dir='ltr'><strong>in</strong></span> <span class='ocrx_word' id='word_1_48' title='bbox 409 1245 525 1313; x_wconf 89' lang='lat' dir='ltr'><strong>Minoe</strong></span> <span class='ocrx_word' id='word_1_49' title='bbox 538 1245 704 1312; x_wconf 87' lang='lat' dir='ltr'><strong>concludit</strong></span> <span class='ocrx_word' id='word_1_50' title='bbox 716 1245 748 1310; x_wconf 75' lang='grc' dir='ltr'><strong><em>ἐ</em></strong></span> <span class='ocrx_word' id='word_1_51' title='bbox 772 1265 918 1332; x_wconf 85' lang='lat' dir='ltr'><strong>semper,</strong></span> <span class='ocrx_word' id='word_1_52' title='bbox 932 1261 970 1312; x_wconf 94' lang='lat' dir='ltr'><strong>ut</strong></span> <span class='ocrx_word' id='word_1_53' title='bbox 982 1247 1068 1330; x_wconf 87' lang='lat' dir='ltr'><strong>apud</strong></span> <span class='ocrx_word' id='word_1_54' title='bbox 1080 1246 1275 1330; x_wconf 88' lang='lat' dir='ltr'>Sophoclem</span> <span class='ocrx_word' id='word_1_55' title='bbox 1287 1249 1316 1310; x_wconf 79' lang='lat'><strong>³:</strong></span> 
     </span>
    </p>

    <p class='ocr_par' dir='ltr' id='par_1_3' title="bbox 403 1360 1050 1445">
     <span class='ocr_line' id='line_1_7' title="bbox 403 1360 1050 1445; baseline 0.002 -16"><span class='ocrx_word' id='word_1_56' title='bbox 403 1366 434 1429; x_wconf 81' lang='lat' dir='ltr'><strong>oti</strong></span> <span class='ocrx_word' id='word_1_57' title='bbox 451 1360 512 1443; x_wconf 72' lang='lat' dir='ltr'><strong>peip</strong></span> <span class='ocrx_word' id='word_1_58' title='bbox 525 1386 553 1427; x_wconf 81' lang='lat' dir='ltr'><strong>rr</strong></span> <span class='ocrx_word' id='word_1_59' title='bbox 568 1364 615 1427; x_wconf 83' lang='grc' dir='ltr'><strong>νῦν</strong></span> <span class='ocrx_word' id='word_1_60' title='bbox 630 1387 664 1428; x_wconf 88' lang='grc' dir='ltr'><strong>τε</strong></span> <span class='ocrx_word' id='word_1_61' title='bbox 680 1363 804 1445; x_wconf 63' lang='grc' dir='ltr'><em>κάχθὲς,</em></span> <span class='ocrx_word' id='word_1_62' title='bbox 823 1364 896 1429; x_wconf 72' lang='grc' dir='ltr'><strong>ἀλλ’</strong></span> <span class='ocrx_word' id='word_1_63' title='bbox 911 1364 959 1430; x_wconf 79' lang='lat' dir='ltr'><strong>riri</strong></span> <span class='ocrx_word' id='word_1_64' title='bbox 979 1389 1050 1430; x_wconf 84' lang='grc' dir='ltr'><em>τοτε</em></span> 
     </span>
    </p>

    <p class='ocr_par' dir='ltr' id='par_1_4' title="bbox 401 1474 560 1556">
     <span class='ocr_line' id='line_1_8' title="bbox 401 1474 560 1556; baseline 0 -18"><span class='ocrx_word' id='word_1_65' title='bbox 401 1474 436 1556; x_wconf 65' lang='grc' dir='ltr'><strong>ζῇ</strong></span> <span class='ocrx_word' id='word_1_66' title='bbox 452 1475 560 1538; x_wconf 73' lang='grc' dir='ltr'><strong>ταῦτα.</strong></span> 
     </span>
    </p>

    <p class='ocr_par' dir='ltr' id='par_1_5' title="bbox 401 1578 1209 1669">
     <span class='ocr_line' id='line_1_9' title="bbox 401 1578 1209 1669; baseline 0.001 -24"><span class='ocrx_word' id='word_1_67' title='bbox 401 1582 480 1646; x_wconf 83' lang='lat' dir='ltr'><strong>Non</strong></span> <span class='ocrx_word' id='word_1_68' title='bbox 498 1580 563 1646; x_wconf 81' lang='lat' dir='ltr'><strong>illa</strong></span> <span class='ocrx_word' id='word_1_69' title='bbox 587 1601 673 1646; x_wconf 85' lang='lat' dir='ltr'><strong>nunc</strong></span> <span class='ocrx_word' id='word_1_70' title='bbox 692 1578 791 1669; x_wconf 77' lang='lat' dir='ltr'><strong>tunel,</strong></span> <span class='ocrx_word' id='word_1_71' title='bbox 815 1597 877 1648; x_wconf 80' lang='lat' dir='ltr'><strong>aut</strong></span> <span class='ocrx_word' id='word_1_72' title='bbox 898 1582 939 1648; x_wconf 84' lang='lat' dir='ltr'><strong>ab</strong></span> <span class='ocrx_word' id='word_1_73' title='bbox 960 1583 1110 1649; x_wconf 80' lang='lat' dir='ltr'><strong>hesterno</strong></span> <span class='ocrx_word' id='word_1_74' title='bbox 1133 1580 1187 1648; x_wconf 82' lang='lat' dir='ltr'><strong>die</strong></span> <span class='ocrx_word' id='word_1_75' title='bbox 1196 1601 1209 1645; x_wconf 94' lang='lat'><strong>.·</strong></span> 
     </span>
    </p>

    <p class='ocr_par' dir='ltr' id='par_1_6' title="bbox 402 1692 736 1779">
     <span class='ocr_line' id='line_1_10' title="bbox 402 1692 736 1779; baseline 0.015 -21"><span class='ocrx_word' id='word_1_76' title='bbox 402 1693 570 1779; x_wconf 81' lang='lat' dir='ltr'><strong>Perpetua</strong></span> <span class='ocrx_word' id='word_1_77' title='bbox 594 1692 736 1764; x_wconf 84' lang='lat' dir='ltr'><strong>durant.</strong></span> 
     </span>
    </p>

    <p class='ocr_par' dir='ltr' id='par_1_7' title="bbox 186 1803 1186 2113">
     <span class='ocr_line' id='line_1_11' title="bbox 186 1803 790 1889; baseline 0.003 -18"><span class='ocrx_word' id='word_1_78' title='bbox 186 1804 345 1889; x_wconf 83' lang='lat' dir='ltr'><strong>Ubique,</strong></span> <span class='ocrx_word' id='word_1_79' title='bbox 370 1817 408 1870; x_wconf 94' lang='lat' dir='ltr'><strong>ut</strong></span> <span class='ocrx_word' id='word_1_80' title='bbox 427 1804 516 1887; x_wconf 93' lang='lat' dir='ltr'><strong>apud</strong></span> <span class='ocrx_word' id='word_1_81' title='bbox 536 1803 790 1887; x_wconf 87' lang='lat' dir='ltr'><strong>Empedoclem:</strong></span> 
     </span>
     <span class='ocr_line' id='line_1_12' title="bbox 396 1918 1186 2002; baseline 0.005 -16"><span class='ocrx_word' id='word_1_82' title='bbox 396 1922 480 1987; x_wconf 67' lang='grc' dir='ltr'><strong>ἁλλὰ</strong></span> <span class='ocrx_word' id='word_1_83' title='bbox 495 1921 528 1986; x_wconf 81' lang='grc' dir='ltr'><strong>τὸ</strong></span> <span class='ocrx_word' id='word_1_84' title='bbox 551 1919 604 2000; x_wconf 73' lang='grc' dir='ltr'><strong>μὲν</strong></span> <span class='ocrx_word' id='word_1_85' title='bbox 624 1919 740 1988; x_wconf 70' lang='grc' dir='ltr'><em>πάντων</em></span> <span class='ocrx_word' id='word_1_86' title='bbox 760 1919 876 2002; x_wconf 73' lang='grc' dir='ltr'><strong>νόμιμον</strong></span> <span class='ocrx_word' id='word_1_87' title='bbox 895 1918 942 1987; x_wconf 69' lang='grc' dir='ltr'><strong>διά</strong></span> <span class='ocrx_word' id='word_1_88' title='bbox 962 1919 1186 2002; x_wconf 76' lang='grc' dir='ltr'><strong>τέὒρυμέδοντος</strong></span> 
     </span>
     <span class='ocr_line' id='line_1_13' title="bbox 321 2031 1144 2113; baseline -0.005 -15"><span class='ocrx_word' id='word_1_89' title='bbox 321 2032 330 2042; x_wconf 78' lang='lat'><em>&#39;</em></span> <span class='ocrx_word' id='word_1_90' title='bbox 403 2031 506 2113; x_wconf 66' lang='grc' dir='ltr'><strong>αἰθέρος</strong></span> <span class='ocrx_word' id='word_1_91' title='bbox 524 2031 639 2108; x_wconf 65' lang='lat' dir='ltr'><strong>tiverius</strong></span> <span class='ocrx_word' id='word_1_92' title='bbox 660 2032 801 2104; x_wconf 71' lang='grc' dir='ltr'><em>τέταται,</em></span> <span class='ocrx_word' id='word_1_93' title='bbox 823 2031 871 2098; x_wconf 73' lang='grc' dir='ltr'><strong>διαὶ</strong></span> <span class='ocrx_word' id='word_1_94' title='bbox 892 2031 1049 2098; x_wconf 75' lang='grc' dir='ltr'><em>τ’τὶπλέτου</em></span> <span class='ocrx_word' id='word_1_95' title='bbox 1067 2031 1144 2108; x_wconf 74' lang='lat' dir='ltr'><strong>einr.</strong></span> 
     </span>
    </p>

    <p class='ocr_par' dir='ltr' id='par_1_8' title="bbox 405 2137 1169 2228">
     <span class='ocr_line' id='line_1_14' title="bbox 405 2137 1169 2228; baseline -0.001 -25"><span class='ocrx_word' id='word_1_96' title='bbox 405 2139 472 2228; x_wconf 83' lang='lat' dir='ltr'><strong>Jus</strong></span> <span class='ocrx_word' id='word_1_97' title='bbox 491 2137 582 2204; x_wconf 83' lang='lat' dir='ltr'><strong>illud</strong></span> <span class='ocrx_word' id='word_1_98' title='bbox 596 2159 760 2206; x_wconf 83' lang='lat' dir='ltr'><strong>commune</strong></span> <span class='ocrx_word' id='word_1_99' title='bbox 778 2143 867 2227; x_wconf 78' lang='lat' dir='ltr'><strong>riget</strong></span> <span class='ocrx_word' id='word_1_100' title='bbox 890 2138 1022 2226; x_wconf 83' lang='lat' dir='ltr'><strong>lateque</strong></span> <span class='ocrx_word' id='word_1_101' title='bbox 1033 2140 1169 2225; x_wconf 74' lang='lat' dir='ltr'><strong>patente·</strong></span> 
     </span>
    </p>

    <p class='ocr_par' dir='ltr' id='par_1_9' title="bbox 401 2249 1232 2338">
     <span class='ocr_line' id='line_1_15' title="bbox 401 2249 1232 2338; baseline 0.004 -23"><span class='ocrx_word' id='word_1_102' title='bbox 401 2249 546 2316; x_wconf 75' lang='lat' dir='ltr'><strong>Aethere</strong></span> <span class='ocrx_word' id='word_1_103' title='bbox 562 2264 593 2315; x_wconf 86' lang='lat' dir='ltr'><strong>et</strong></span> <span class='ocrx_word' id='word_1_104' title='bbox 610 2254 766 2317; x_wconf 84' lang='lat' dir='ltr'><strong>immensa</strong></span> <span class='ocrx_word' id='word_1_105' title='bbox 779 2255 924 2338; x_wconf 83' lang='lat' dir='ltr'><strong>positum</strong></span> <span class='ocrx_word' id='word_1_106' title='bbox 944 2250 1066 2316; x_wconf 82' lang='lat' dir='ltr'><strong>tellure</strong></span> <span class='ocrx_word' id='word_1_107' title='bbox 1087 2263 1232 2318; x_wconf 83' lang='lat' dir='ltr'><strong>tenetur.</strong></span> 
     </span>
    </p>

    <p class='ocr_par' dir='ltr' id='par_1_10' title="bbox 144 2361 1522 4010">
     <span class='ocr_line' id='line_1_16' title="bbox 187 2361 1319 2448; baseline -0.001 -20"><span class='ocrx_word' id='word_1_108' title='bbox 187 2363 250 2430; x_wconf 88' lang='lat' dir='ltr'><strong>Est</strong></span> <span class='ocrx_word' id='word_1_109' title='bbox 270 2376 380 2428; x_wconf 91' lang='lat' dir='ltr'><strong>autem</strong></span> <span class='ocrx_word' id='word_1_110' title='bbox 399 2364 455 2448; x_wconf 90' lang='lat' dir='ltr'><strong>jus</strong></span> <span class='ocrx_word' id='word_1_111' title='bbox 475 2362 553 2428; x_wconf 91' lang='lat' dir='ltr'><strong>belli</strong></span> <span class='ocrx_word' id='word_1_112' title='bbox 574 2362 628 2447; x_wconf 86' lang='lat' dir='ltr'><strong>jus</strong></span> <span class='ocrx_word' id='word_1_113' title='bbox 650 2363 815 2446; x_wconf 86' lang='lat' dir='ltr'><strong>quoddam</strong></span> <span class='ocrx_word' id='word_1_114' title='bbox 836 2377 969 2430; x_wconf 86' lang='lat' dir='ltr'><strong>naturae</strong></span> <span class='ocrx_word' id='word_1_115' title='bbox 990 2361 1169 2429; x_wconf 91' lang='lat' dir='ltr'><strong>secundum</strong></span> <span class='ocrx_word' id='word_1_116' title='bbox 1190 2363 1319 2444; x_wconf 85' lang='lat' dir='ltr'><strong>eaquae</strong></span> 
     </span>
     <span class='ocr_line' id='line_1_17' title="bbox 146 2473 1321 2564; baseline 0.003 -22"><span class='ocrx_word' id='word_1_117' title='bbox 146 2475 243 2542; x_wconf 91' lang='lat' dir='ltr'><strong>modo</strong></span> <span class='ocrx_word' id='word_1_118' title='bbox 264 2474 429 2557; x_wconf 84' lang='lat' dir='ltr'><strong>diximus,</strong></span> <span class='ocrx_word' id='word_1_119' title='bbox 453 2474 544 2558; x_wconf 92' lang='lat' dir='ltr'><strong>quod</strong></span> <span class='ocrx_word' id='word_1_120' title='bbox 563 2490 596 2541; x_wconf 90' lang='lat' dir='ltr'><strong>et</strong></span> <span class='ocrx_word' id='word_1_121' title='bbox 611 2474 776 2560; x_wconf 87' lang='lat' dir='ltr'><strong>Josephus</strong></span> <span class='ocrx_word' id='word_1_122' title='bbox 798 2480 810 2517; x_wconf 84' lang='lat'>⁴</span> <span class='ocrx_word' id='word_1_123' title='bbox 829 2491 914 2541; x_wconf 88' lang='lat' dir='ltr'><strong>recte</strong></span> <span class='ocrx_word' id='word_1_124' title='bbox 941 2473 1106 2559; x_wconf 84' lang='lat' dir='ltr'><strong>exprimit:</strong></span> <span class='ocrx_word' id='word_1_125' title='bbox 1129 2480 1243 2564; x_wconf 78' lang='grc' dir='ltr'><em>φύσεως</em></span> <span class='ocrx_word' id='word_1_126' title='bbox 1262 2479 1321 2559; x_wconf 66' lang='grc' dir='ltr'><strong>γὰρ</strong></span> 
     </span>
     <span class='ocr_line' id='line_1_18' title="bbox 145 2587 1323 2675; baseline -0.002 -19"><span class='ocrx_word' id='word_1_127' title='bbox 145 2591 225 2672; x_wconf 71' lang='grc' dir='ltr'><em>νόμος</em></span> <span class='ocrx_word' id='word_1_128' title='bbox 240 2591 356 2673; x_wconf 77' lang='grc' dir='ltr'><strong>ἰσχυρὸς</strong></span> <span class='ocrx_word' id='word_1_129' title='bbox 375 2590 404 2655; x_wconf 82' lang='grc' dir='ltr'><strong>ἐν</strong></span> <span class='ocrx_word' id='word_1_130' title='bbox 419 2587 514 2656; x_wconf 79' lang='lat' dir='ltr'><strong>e‘ireerr</strong></span> <span class='ocrx_word' id='word_1_131' title='bbox 529 2591 563 2656; x_wconf 82' lang='grc' dir='ltr'><strong>τὸ</strong></span> <span class='ocrx_word' id='word_1_132' title='bbox 581 2591 631 2673; x_wconf 76' lang='grc' dir='ltr'><strong>ζῆν</strong></span> <span class='ocrx_word' id='word_1_133' title='bbox 651 2591 765 2657; x_wconf 68' lang='grc' dir='ltr'><strong>ἐθέλειν.</strong></span> <span class='ocrx_word' id='word_1_134' title='bbox 791 2592 837 2657; x_wconf 71' lang='lat' dir='ltr'><strong>nu</strong></span> <span class='ocrx_word' id='word_1_135' title='bbox 850 2597 933 2658; x_wconf 82' lang='grc' dir='ltr'><em>τοῦτο</em></span> <span class='ocrx_word' id='word_1_136' title='bbox 954 2590 1004 2657; x_wconf 79' lang='lat' dir='ltr'><strong>terei</strong></span> <span class='ocrx_word' id='word_1_137' title='bbox 1016 2593 1081 2663; x_wconf 75' lang='grc' dir='ltr'><strong>τοὺς</strong></span> <span class='ocrx_word' id='word_1_138' title='bbox 1092 2591 1323 2675; x_wconf 65' lang='grc' dir='ltr'><strong>Φανερῶςᾶφτιι-</strong></span> 
     </span>
     <span class='ocr_line' id='line_1_19' title="bbox 144 2697 1322 2784; baseline -0.007 -15"><span class='ocrx_word' id='word_1_139' title='bbox 144 2704 287 2784; x_wconf 67' lang='lat' dir='ltr'><strong>propheat</strong></span> <span class='ocrx_word' id='word_1_140' title='bbox 305 2703 385 2781; x_wconf 72' lang='grc' dir='ltr'><strong>ἡμᾶς</strong></span> <span class='ocrx_word' id='word_1_141' title='bbox 403 2701 503 2768; x_wconf 80' lang='grc' dir='ltr'><em>τούτου</em></span> <span class='ocrx_word' id='word_1_142' title='bbox 525 2700 677 2781; x_wconf 74' lang='grc' dir='ltr'><em>πολεμίους</em></span> <span class='ocrx_word' id='word_1_143' title='bbox 699 2702 856 2783; x_wconf 72' lang='grc' dir='ltr'><strong>ἡγούμεθα.</strong></span> <span class='ocrx_word' id='word_1_144' title='bbox 903 2697 968 2764; x_wconf 88' lang='lat' dir='ltr'><strong>Est</strong></span> <span class='ocrx_word' id='word_1_145' title='bbox 987 2702 1072 2764; x_wconf 82' lang='lat' dir='ltr'><strong>enim</strong></span> <span class='ocrx_word' id='word_1_146' title='bbox 1097 2712 1244 2764; x_wconf 81' lang='lat' dir='ltr'><strong>naturae</strong></span> <span class='ocrx_word' id='word_1_147' title='bbox 1268 2697 1322 2761; x_wconf 81' lang='lat' dir='ltr'><strong>lex</strong></span> 
     </span>
     <span class='ocr_line' id='line_1_20' title="bbox 147 2809 1322 2897; baseline -0.003 -22"><span class='ocrx_word' id='word_1_148' title='bbox 147 2811 229 2890; x_wconf 85' lang='lat' dir='ltr'><strong>illa,</strong></span> <span class='ocrx_word' id='word_1_149' title='bbox 259 2813 405 2895; x_wconf 79' lang='lat' dir='ltr'><strong>quaein</strong></span> <span class='ocrx_word' id='word_1_150' title='bbox 434 2809 579 2874; x_wconf 81' lang='lat' dir='ltr'><strong>omnibus</strong></span> <span class='ocrx_word' id='word_1_151' title='bbox 606 2809 718 2892; x_wconf 71' lang='lat' dir='ltr'><strong>valet,</strong></span> <span class='ocrx_word' id='word_1_152' title='bbox 752 2823 789 2874; x_wconf 83' lang='lat' dir='ltr'><strong>ut</strong></span> <span class='ocrx_word' id='word_1_153' title='bbox 820 2809 925 2877; x_wconf 71' lang='lat' dir='ltr'><strong>velint</strong></span> <span class='ocrx_word' id='word_1_154' title='bbox 950 2814 1078 2890; x_wconf 72' lang='lat' dir='ltr'><strong>virere,</strong></span> <span class='ocrx_word' id='word_1_155' title='bbox 1102 2809 1200 2897; x_wconf 82' lang='lat' dir='ltr'><strong>idque</strong></span> <span class='ocrx_word' id='word_1_156' title='bbox 1216 2812 1322 2895; x_wconf 81' lang='lat' dir='ltr'><strong>ipsum</strong></span> 
     </span>
     <span class='ocr_line' id='line_1_21' title="bbox 146 2920 1320 3008; baseline -0.001 -23"><span class='ocrx_word' id='word_1_157' title='bbox 146 2936 190 2987; x_wconf 84' lang='lat' dir='ltr'><strong>est</strong></span> <span class='ocrx_word' id='word_1_158' title='bbox 222 2923 435 3008; x_wconf 66' lang='lat' dir='ltr'><strong>quapropter</strong></span> <span class='ocrx_word' id='word_1_159' title='bbox 462 2924 533 3003; x_wconf 81' lang='lat' dir='ltr'><strong>eos,</strong></span> <span class='ocrx_word' id='word_1_160' title='bbox 566 2923 625 3007; x_wconf 82' lang='lat' dir='ltr'><strong>qui</strong></span> <span class='ocrx_word' id='word_1_161' title='bbox 652 2920 827 3005; x_wconf 78' lang='lat' dir='ltr'><strong>mamfeste</strong></span> <span class='ocrx_word' id='word_1_162' title='bbox 852 2924 926 2989; x_wconf 69' lang='lat' dir='ltr'><strong>vita</strong></span> <span class='ocrx_word' id='word_1_163' title='bbox 943 2943 998 2986; x_wconf 83' lang='lat' dir='ltr'><strong>nos</strong></span> <span class='ocrx_word' id='word_1_164' title='bbox 1016 2921 1132 2989; x_wconf 77' lang='lat' dir='ltr'><strong>volunt</strong></span> <span class='ocrx_word' id='word_1_165' title='bbox 1156 2920 1320 3006; x_wconf 82' lang='lat' dir='ltr'><strong>spoliare,</strong></span> 
     </span>
     <span class='ocr_line' id='line_1_22' title="bbox 146 3031 1321 3100; baseline -0.003 -2"><span class='ocrx_word' id='word_1_166' title='bbox 146 3035 250 3098; x_wconf 83' lang='lat' dir='ltr'><strong>hostes</strong></span> <span class='ocrx_word' id='word_1_167' title='bbox 272 3053 446 3099; x_wconf 75' lang='lat' dir='ltr'><strong>censemus.</strong></span> <span class='ocrx_word' id='word_1_168' title='bbox 492 3032 539 3098; x_wconf 94' lang='lat' dir='ltr'><strong>Et</strong></span> <span class='ocrx_word' id='word_1_169' title='bbox 559 3031 605 3097; x_wconf 91' lang='lat' dir='ltr'><strong>sic</strong></span> <span class='ocrx_word' id='word_1_170' title='bbox 626 3031 775 3099; x_wconf 91' lang='lat' dir='ltr'><strong>videmus</strong></span> <span class='ocrx_word' id='word_1_171' title='bbox 794 3047 918 3098; x_wconf 90' lang='lat' dir='ltr'><strong>caetera</strong></span> <span class='ocrx_word' id='word_1_172' title='bbox 938 3032 1034 3100; x_wconf 89' lang='lat' dir='ltr'><strong>etiam</strong></span> <span class='ocrx_word' id='word_1_173' title='bbox 1056 3032 1230 3098; x_wconf 85' lang='lat' dir='ltr'><strong>animantia</strong></span> <span class='ocrx_word' id='word_1_174' title='bbox 1255 3051 1321 3097; x_wconf 93' lang='lat' dir='ltr'><strong>non</strong></span> 
     </span>
     <span class='ocr_line' id='line_1_23' title="bbox 148 3143 1321 3230; baseline -0.002 -20"><span class='ocrx_word' id='word_1_175' title='bbox 148 3165 205 3227; x_wconf 91' lang='lat' dir='ltr'><strong>pro</strong></span> <span class='ocrx_word' id='word_1_176' title='bbox 234 3146 304 3212; x_wconf 90' lang='lat' dir='ltr'><strong>vita</strong></span> <span class='ocrx_word' id='word_1_177' title='bbox 329 3144 507 3226; x_wconf 86' lang='lat' dir='ltr'><strong>duntaxat,</strong></span> <span class='ocrx_word' id='word_1_178' title='bbox 540 3143 597 3210; x_wconf 92' lang='lat' dir='ltr'><strong>sed</strong></span> <span class='ocrx_word' id='word_1_179' title='bbox 622 3163 682 3228; x_wconf 93' lang='lat' dir='ltr'><strong>pro</strong></span> <span class='ocrx_word' id='word_1_180' title='bbox 712 3143 932 3230; x_wconf 88' lang='lat' dir='ltr'><strong>conjugibus,</strong></span> <span class='ocrx_word' id='word_1_181' title='bbox 956 3158 994 3209; x_wconf 93' lang='lat' dir='ltr'><strong>ut</strong></span> <span class='ocrx_word' id='word_1_182' title='bbox 1021 3145 1066 3211; x_wconf 91' lang='lat' dir='ltr'><strong>ita</strong></span> <span class='ocrx_word' id='word_1_183' title='bbox 1091 3146 1228 3226; x_wconf 91' lang='lat' dir='ltr'><strong>loquar,</strong></span> <span class='ocrx_word' id='word_1_184' title='bbox 1261 3163 1321 3226; x_wconf 92' lang='lat' dir='ltr'><strong>pro</strong></span> 
     </span>
     <span class='ocr_line' id='line_1_24' title="bbox 147 3254 1321 3340; baseline -0.003 -18"><span class='ocrx_word' id='word_1_185' title='bbox 147 3258 281 3339; x_wconf 89' lang='lat' dir='ltr'><strong>sobole,</strong></span> <span class='ocrx_word' id='word_1_186' title='bbox 306 3277 365 3340; x_wconf 88' lang='lat' dir='ltr'><strong>pro</strong></span> <span class='ocrx_word' id='word_1_187' title='bbox 385 3256 519 3324; x_wconf 88' lang='lat' dir='ltr'><strong>sedibus</strong></span> <span class='ocrx_word' id='word_1_188' title='bbox 539 3274 666 3339; x_wconf 85' lang='lat' dir='ltr'><strong>proque</strong></span> <span class='ocrx_word' id='word_1_189' title='bbox 689 3254 850 3322; x_wconf 78' lang='lat' dir='ltr'><strong>alimentIs</strong></span> <span class='ocrx_word' id='word_1_190' title='bbox 863 3270 995 3322; x_wconf 89' lang='lat' dir='ltr'><strong>natutae</strong></span> <span class='ocrx_word' id='word_1_191' title='bbox 1008 3256 1150 3339; x_wconf 88' lang='lat' dir='ltr'><strong>quodam</strong></span> <span class='ocrx_word' id='word_1_192' title='bbox 1164 3255 1321 3324; x_wconf 91' lang='lat' dir='ltr'><strong>instinctu</strong></span> 
     </span>
     <span class='ocr_line' id='line_1_25' title="bbox 147 3366 1522 3458; baseline -0.003 -24"><span class='ocrx_word' id='word_1_193' title='bbox 147 3369 313 3437; x_wconf 88' lang='lat' dir='ltr'><strong>dimicare.</strong></span> <span class='ocrx_word' id='word_1_194' title='bbox 359 3367 395 3434; x_wconf 87' lang='lat' dir='ltr'><strong>Si</strong></span> <span class='ocrx_word' id='word_1_195' title='bbox 424 3387 500 3453; x_wconf 86' lang='lat' dir='ltr'><strong>ergo</strong></span> <span class='ocrx_word' id='word_1_196' title='bbox 526 3370 581 3454; x_wconf 89' lang='lat' dir='ltr'><strong>jus</strong></span> <span class='ocrx_word' id='word_1_197' title='bbox 608 3382 657 3434; x_wconf 88' lang='lat' dir='ltr'><strong>est</strong></span> <span class='ocrx_word' id='word_1_198' title='bbox 686 3388 834 3451; x_wconf 89' lang='lat' dir='ltr'><strong>semper,</strong></span> <span class='ocrx_word' id='word_1_199' title='bbox 868 3367 962 3433; x_wconf 90' lang='lat' dir='ltr'><strong>etiam</strong></span> <span class='ocrx_word' id='word_1_200' title='bbox 985 3383 1060 3451; x_wconf 91' lang='lat' dir='ltr'><strong>post</strong></span> <span class='ocrx_word' id='word_1_201' title='bbox 1084 3368 1272 3436; x_wconf 90' lang='lat' dir='ltr'><strong>Christum:</strong></span> <span class='ocrx_word' id='word_1_202' title='bbox 1295 3366 1323 3432; x_wconf 94' lang='lat' dir='ltr'><strong>si</strong></span> <span class='ocrx_word' id='word_1_203' title='bbox 1518 3450 1522 3458; x_wconf 28' lang='grc'>1</span> 
     </span>
     <span class='ocr_line' id='line_1_26' title="bbox 148 3478 1482 3570; baseline 0.002 -26"><span class='ocrx_word' id='word_1_204' title='bbox 148 3481 292 3563; x_wconf 91' lang='lat' dir='ltr'><strong>ubique,</strong></span> <span class='ocrx_word' id='word_1_205' title='bbox 317 3479 412 3546; x_wconf 90' lang='lat' dir='ltr'><strong>etiam</strong></span> <span class='ocrx_word' id='word_1_206' title='bbox 432 3480 520 3558; x_wconf 89' lang='lat' dir='ltr'><strong>inter</strong></span> <span class='ocrx_word' id='word_1_207' title='bbox 540 3478 746 3546; x_wconf 86' lang='lat' dir='ltr'><strong>Christianos</strong></span> <span class='ocrx_word' id='word_1_208' title='bbox 769 3484 790 3545; x_wconf 78' lang='lat'><strong>⁶.</strong></span> <span class='ocrx_word' id='word_1_209' title='bbox 837 3479 927 3545; x_wconf 89' lang='lat' dir='ltr'><strong>idem</strong></span> <span class='ocrx_word' id='word_1_210' title='bbox 958 3479 1052 3545; x_wconf 89' lang='lat' dir='ltr'><strong>aliter</strong></span> <span class='ocrx_word' id='word_1_211' title='bbox 1074 3480 1169 3546; x_wconf 88' lang='lat' dir='ltr'><strong>etiam</strong></span> <span class='ocrx_word' id='word_1_212' title='bbox 1191 3480 1323 3546; x_wconf 92' lang='lat' dir='ltr'><strong>demon·</strong></span> <span class='ocrx_word' id='word_1_213' title='bbox 1336 3504 1400 3550; x_wconf 64' lang='lat' dir='ltr'><strong>nas.</strong></span> <span class='ocrx_word' id='word_1_214' title='bbox 1413 3502 1482 3570; x_wconf 64' lang='lat' dir='ltr'><strong>mne</strong></span> 
     </span>
     <span class='ocr_line' id='line_1_27' title="bbox 149 3557 1479 3676; baseline -0.001 -19"><span class='ocrx_word' id='word_1_215' title='bbox 149 3591 316 3658; x_wconf 90' lang='lat' dir='ltr'><strong>strabitur.</strong></span> <span class='ocrx_word' id='word_1_216' title='bbox 362 3593 464 3658; x_wconf 76' lang='lat' dir='ltr'><strong>Quod</strong></span> <span class='ocrx_word' id='word_1_217' title='bbox 487 3591 633 3659; x_wconf 90' lang='lat' dir='ltr'><strong>omnium</strong></span> <span class='ocrx_word' id='word_1_218' title='bbox 657 3590 801 3676; x_wconf 86' lang='lat' dir='ltr'><strong>gentium</strong></span> <span class='ocrx_word' id='word_1_219' title='bbox 824 3611 987 3658; x_wconf 89' lang='lat' dir='ltr'><strong>consensu</strong></span> <span class='ocrx_word' id='word_1_220' title='bbox 1009 3578 1186 3659; x_wconf 85' lang='lat' dir='ltr'><strong>universali</strong></span> <span class='ocrx_word' id='word_1_221' title='bbox 1209 3613 1323 3676; x_wconf 89' lang='lat' dir='ltr'><strong>appro-</strong></span> <span class='ocrx_word' id='word_1_222' title='bbox 1337 3557 1373 3659; x_wconf 80' lang='lat' dir='ltr'><strong>ii.</strong></span> <span class='ocrx_word' id='word_1_223' title='bbox 1393 3568 1479 3658; x_wconf 59' lang='lat' dir='ltr'><strong>llil).</strong></span> 
     </span>
     <span class='ocr_line' id='line_1_28' title="bbox 149 3703 1322 3788; baseline 0.003 -19"><span class='ocrx_word' id='word_1_224' title='bbox 149 3703 264 3786; x_wconf 86' lang='lat' dir='ltr'><strong>batur,</strong></span> <span class='ocrx_word' id='word_1_225' title='bbox 297 3703 332 3769; x_wconf 92' lang='lat' dir='ltr'><strong>id</strong></span> <span class='ocrx_word' id='word_1_226' title='bbox 358 3703 512 3771; x_wconf 91' lang='lat' dir='ltr'><strong>omnibus</strong></span> <span class='ocrx_word' id='word_1_227' title='bbox 540 3703 642 3786; x_wconf 81' lang='lat' dir='ltr'><strong>inque</strong></span> <span class='ocrx_word' id='word_1_228' title='bbox 664 3722 777 3769; x_wconf 90' lang='lat' dir='ltr'><strong>omnes</strong></span> <span class='ocrx_word' id='word_1_229' title='bbox 796 3705 851 3788; x_wconf 89' lang='lat' dir='ltr'><strong>jus</strong></span> <span class='ocrx_word' id='word_1_230' title='bbox 873 3718 933 3769; x_wconf 89' lang='lat' dir='ltr'><strong>est.</strong></span> <span class='ocrx_word' id='word_1_231' title='bbox 983 3703 1045 3770; x_wconf 89' lang='lat' dir='ltr'><strong>Est</strong></span> <span class='ocrx_word' id='word_1_232' title='bbox 1069 3719 1176 3771; x_wconf 88' lang='lat' dir='ltr'><strong>autem</strong></span> <span class='ocrx_word' id='word_1_233' title='bbox 1200 3706 1322 3772; x_wconf 90' lang='lat' dir='ltr'><strong>bellum</strong></span> 
     </span>
     <span class='ocr_line' id='line_1_29' title="bbox 148 3815 1322 3903; baseline 0.003 -23"><span class='ocrx_word' id='word_1_234' title='bbox 148 3817 217 3900; x_wconf 80' lang='lat' dir='ltr'><strong>eJ&#39;us</strong></span> <span class='ocrx_word' id='word_1_235' title='bbox 230 3815 381 3902; x_wconf 86' lang='lat' dir='ltr'><strong>generis,</strong></span> <span class='ocrx_word' id='word_1_236' title='bbox 406 3815 484 3899; x_wconf 90' lang='lat' dir='ltr'><strong>quia</strong></span> <span class='ocrx_word' id='word_1_237' title='bbox 515 3815 606 3898; x_wconf 92' lang='lat' dir='ltr'><strong>quod</strong></span> <span class='ocrx_word' id='word_1_238' title='bbox 622 3815 678 3900; x_wconf 88' lang='lat' dir='ltr'><strong>jus</strong></span> <span class='ocrx_word' id='word_1_239' title='bbox 699 3830 749 3881; x_wconf 87' lang='lat' dir='ltr'><strong>est</strong></span> <span class='ocrx_word' id='word_1_240' title='bbox 767 3831 901 3883; x_wconf 89' lang='lat' dir='ltr'><strong>naturae</strong></span> <span class='ocrx_word' id='word_1_241' title='bbox 925 3815 1010 3883; x_wconf 90' lang='lat' dir='ltr'><strong>idem</strong></span> <span class='ocrx_word' id='word_1_242' title='bbox 1033 3831 1082 3884; x_wconf 85' lang='lat' dir='ltr'><strong>est</strong></span> <span class='ocrx_word' id='word_1_243' title='bbox 1098 3817 1154 3901; x_wconf 86' lang='lat' dir='ltr'><strong>jus</strong></span> <span class='ocrx_word' id='word_1_244' title='bbox 1175 3817 1322 3903; x_wconf 84' lang='lat' dir='ltr'><strong>gentium</strong></span> 
     </span>
     <span class='ocr_line' id='line_1_30' title="bbox 146 3925 1324 4010; baseline 0.002 -17"><span class='ocrx_word' id='word_1_245' title='bbox 146 3927 348 4008; x_wconf 80' lang='lat' dir='ltr'><strong>necessariO,</strong></span> <span class='ocrx_word' id='word_1_246' title='bbox 385 3928 557 3995; x_wconf 89' lang='lat' dir='ltr'><strong>accedente</strong></span> <span class='ocrx_word' id='word_1_247' title='bbox 587 3925 713 3994; x_wconf 91' lang='lat' dir='ltr'><strong>scilieet</strong></span> <span class='ocrx_word' id='word_1_248' title='bbox 733 3927 880 3994; x_wconf 88' lang='lat' dir='ltr'><strong>ratione:</strong></span> <span class='ocrx_word' id='word_1_249' title='bbox 904 3931 1114 4010; x_wconf 90' lang='lat' dir='ltr'><strong>quamobrem</strong></span> <span class='ocrx_word' id='word_1_250' title='bbox 1134 3930 1220 3996; x_wconf 90' lang='lat' dir='ltr'><strong>bella</strong></span> <span class='ocrx_word' id='word_1_251' title='bbox 1239 3931 1324 3996; x_wconf 90' lang='lat' dir='ltr'><strong>Her·</strong></span> 
     </span>
    </p>
   </div>
   <div class='ocr_carea' id='block_1_3' title="bbox 149 4198 1328 4632">
    <p class='ocr_par' dir='ltr' id='par_1_11' title="bbox 149 4198 1328 4632">
     <span class='ocr_line' id='line_1_31' title="bbox 181 4198 1323 4268; baseline 0.004 -19"><span class='ocrx_word' id='word_1_252' title='bbox 181 4198 234 4250; x_wconf 89' lang='lat' dir='ltr'><strong>¹v.</strong></span> <span class='ocrx_word' id='word_1_253' title='bbox 253 4200 333 4249; x_wconf 85' lang='lat' dir='ltr'><strong>Arist.</strong></span> <span class='ocrx_word' id='word_1_254' title='bbox 350 4201 426 4249; x_wconf 86' lang='lat' dir='ltr'><strong>Rhet.</strong></span> <span class='ocrx_word' id='word_1_255' title='bbox 443 4202 460 4249; x_wconf 92' lang='grc'><strong>1.</strong></span> <span class='ocrx_word' id='word_1_256' title='bbox 481 4214 501 4249; x_wconf 89' lang='lat'><strong>1.</strong></span> <span class='ocrx_word' id='word_1_257' title='bbox 520 4214 543 4248; x_wconf 91' lang='lat' dir='ltr'><strong>c.</strong></span> <span class='ocrx_word' id='word_1_258' title='bbox 564 4213 601 4258; x_wconf 81' lang='lat'><strong>13·</strong></span> <span class='ocrx_word' id='word_1_259' title='bbox 620 4211 644 4250; x_wconf 90' lang='lat' dir='ltr'><strong>et</strong></span> <span class='ocrx_word' id='word_1_260' title='bbox 665 4215 703 4258; x_wconf 81' lang='lat'><strong>15·</strong></span> <span class='ocrx_word' id='word_1_261' title='bbox 723 4201 761 4264; x_wconf 91' lang='lat' dir='ltr'><strong>[p.</strong></span> <span class='ocrx_word' id='word_1_262' title='bbox 782 4214 853 4261; x_wconf 74' lang='lat'><strong>1373·</strong></span> <span class='ocrx_word' id='word_1_263' title='bbox 873 4216 896 4252; x_wconf 83' lang='lat' dir='ltr'><strong>a.</strong></span> <span class='ocrx_word' id='word_1_264' title='bbox 916 4216 953 4252; x_wconf 88' lang='lat' dir='ltr'><strong>vs.</strong></span> <span class='ocrx_word' id='word_1_265' title='bbox 971 4215 995 4262; x_wconf 84' lang='lat'><strong>7.</strong></span> <span class='ocrx_word' id='word_1_266' title='bbox 1014 4215 1039 4251; x_wconf 91' lang='lat' dir='ltr'><strong>et</strong></span> <span class='ocrx_word' id='word_1_267' title='bbox 1056 4218 1081 4265; x_wconf 89' lang='lat' dir='ltr'><strong>p.</strong></span> <span class='ocrx_word' id='word_1_268' title='bbox 1102 4215 1173 4262; x_wconf 78' lang='lat'><strong>1375.</strong></span> <span class='ocrx_word' id='word_1_269' title='bbox 1196 4218 1215 4252; x_wconf 90' lang='lat' dir='ltr'><strong>r.</strong></span> <span class='ocrx_word' id='word_1_270' title='bbox 1230 4206 1323 4268; x_wconf 70' lang='lat' dir='ltr'><strong>vent]</strong></span> 
     </span>
     <span class='ocr_line' id='line_1_32' title="bbox 150 4291 1324 4357; baseline 0.004 -17"><span class='ocrx_word' id='word_1_271' title='bbox 150 4293 180 4340; x_wconf 90' lang='lat' dir='ltr'><strong>de</strong></span> <span class='ocrx_word' id='word_1_272' title='bbox 197 4305 261 4341; x_wconf 89' lang='lat' dir='ltr'><strong>mor.</strong></span> <span class='ocrx_word' id='word_1_273' title='bbox 279 4293 311 4341; x_wconf 86' lang='lat' dir='ltr'><strong>ad</strong></span> <span class='ocrx_word' id='word_1_274' title='bbox 328 4291 430 4341; x_wconf 90' lang='lat' dir='ltr'><strong>Nicom.</strong></span> <span class='ocrx_word' id='word_1_275' title='bbox 448 4294 465 4339; x_wconf 89' lang='lat' dir='ltr'><strong>l.</strong></span> <span class='ocrx_word' id='word_1_276' title='bbox 484 4304 507 4348; x_wconf 85' lang='lat'><strong>5·</strong></span> <span class='ocrx_word' id='word_1_277' title='bbox 526 4306 549 4340; x_wconf 92' lang='lat' dir='ltr'><strong>c.</strong></span> <span class='ocrx_word' id='word_1_278' title='bbox 569 4305 606 4340; x_wconf 90' lang='lat' dir='ltr'><strong>ro.</strong></span> <span class='ocrx_word' id='word_1_279' title='bbox 627 4291 665 4356; x_wconf 88' lang='lat' dir='ltr'><strong>[p.</strong></span> <span class='ocrx_word' id='word_1_280' title='bbox 688 4305 758 4354; x_wconf 81' lang='lat'>1¹84·</span> <span class='ocrx_word' id='word_1_281' title='bbox 778 4306 801 4341; x_wconf 85' lang='lat' dir='ltr'><strong>a.</strong></span> <span class='ocrx_word' id='word_1_282' title='bbox 819 4307 856 4343; x_wconf 90' lang='lat' dir='ltr'><strong>vs.</strong></span> <span class='ocrx_word' id='word_1_283' title='bbox 878 4294 928 4356; x_wconf 87' lang='lat'><strong>18.]</strong></span> <span class='ocrx_word' id='word_1_284' title='bbox 948 4294 1003 4342; x_wconf 88' lang='lat' dir='ltr'><strong>Cic.</strong></span> <span class='ocrx_word' id='word_1_285' title='bbox 1022 4296 1053 4344; x_wconf 89' lang='lat' dir='ltr'><strong>de</strong></span> <span class='ocrx_word' id='word_1_286' title='bbox 1070 4294 1226 4343; x_wconf 71' lang='lat' dir='ltr'><strong>iuvenale.</strong></span> <span class='ocrx_word' id='word_1_287' title='bbox 1238 4296 1324 4357; x_wconf 71' lang='lat' dir='ltr'><strong>[css.</strong></span> 
     </span>
     <span class='ocr_line' id='line_1_33' title="bbox 149 4380 1325 4453; baseline 0.004 -23"><span class='ocrx_word' id='word_1_288' title='bbox 149 4384 170 4440; x_wconf 69' lang='grc'><strong>5.</strong></span> <span class='ocrx_word' id='word_1_289' title='bbox 189 4383 256 4445; x_wconf 87' lang='lat'><strong>161.]</strong></span> <span class='ocrx_word' id='word_1_290' title='bbox 276 4384 336 4431; x_wconf 87' lang='lat' dir='ltr'><strong>lnst.</strong></span> <span class='ocrx_word' id='word_1_291' title='bbox 355 4385 386 4432; x_wconf 87' lang='lat' dir='ltr'><strong>de</strong></span> <span class='ocrx_word' id='word_1_292' title='bbox 400 4380 455 4440; x_wconf 87' lang='lat' dir='ltr'><strong>jure</strong></span> <span class='ocrx_word' id='word_1_293' title='bbox 468 4393 524 4453; x_wconf 18' lang='lat' dir='ltr'><strong>unat.</strong></span> <span class='ocrx_word' id='word_1_294' title='bbox 542 4386 563 4442; x_wconf 70' lang='lat'><strong>5.</strong></span> <span class='ocrx_word' id='word_1_295' title='bbox 581 4395 639 4443; x_wconf 88' lang='lat' dir='ltr'><strong>pen.</strong></span> <span class='ocrx_word' id='word_1_296' title='bbox 657 4383 684 4431; x_wconf 91' lang='lat' dir='ltr'><strong>in</strong></span> <span class='ocrx_word' id='word_1_297' title='bbox 698 4383 821 4433; x_wconf 73' lang='lat' dir='ltr'><strong>mdivine</strong></span> <span class='ocrx_word' id='word_1_298' title='bbox 835 4387 951 4446; x_wconf 82' lang='lat' dir='ltr'><strong>quadam.</strong></span> <span class='ocrx_word' id='word_1_299' title='bbox 971 4386 1003 4447; x_wconf 92' lang='grc' dir='ltr'><strong>[Ι.</strong></span> <span class='ocrx_word' id='word_1_300' title='bbox 1024 4399 1045 4433; x_wconf 92' lang='lat'><strong>1.</strong></span> <span class='ocrx_word' id='word_1_301' title='bbox 1063 4400 1087 4433; x_wconf 84' lang='lat' dir='ltr'><strong>a.</strong></span> <span class='ocrx_word' id='word_1_302' title='bbox 1105 4389 1126 4444; x_wconf 70' lang='grc' dir='ltr'><strong>ξ.</strong></span> <span class='ocrx_word' id='word_1_303' title='bbox 1139 4386 1189 4448; x_wconf 88' lang='lat'><strong>11.]</strong></span> <span class='ocrx_word' id='word_1_304' title='bbox 1201 4387 1291 4435; x_wconf 88' lang='lat' dir='ltr'><strong>Thom.</strong></span> <span class='ocrx_word' id='word_1_305' title='bbox 1304 4401 1325 4435; x_wconf 88' lang='lat'><strong>1.</strong></span> 
     </span>
     <span class='ocr_line' id='line_1_34' title="bbox 152 4471 1326 4540; baseline 0.005 -19"><span class='ocrx_word' id='word_1_306' title='bbox 152 4486 176 4522; x_wconf 83' lang='lat' dir='ltr'><strong>a.</strong></span> <span class='ocrx_word' id='word_1_307' title='bbox 196 4489 221 4534; x_wconf 93' lang='lat' dir='ltr'><strong>q.</strong></span> <span class='ocrx_word' id='word_1_308' title='bbox 249 4489 290 4538; x_wconf 89' lang='lat'><strong>94.</strong></span> <span class='ocrx_word' id='word_1_309' title='bbox 315 4486 360 4523; x_wconf 88' lang='lat' dir='ltr'><strong>art.</strong></span> <span class='ocrx_word' id='word_1_310' title='bbox 388 4488 410 4531; x_wconf 86' lang='lat'><strong>⁵·</strong></span> <span class='ocrx_word' id='word_1_311' title='bbox 445 4471 543 4524; x_wconf 75' lang='lat' dir='ltr'><strong>²Plato</strong></span> <span class='ocrx_word' id='word_1_312' title='bbox 562 4475 627 4524; x_wconf 88' lang='lat' dir='ltr'><strong>Min.</strong></span> <span class='ocrx_word' id='word_1_313' title='bbox 648 4472 685 4540; x_wconf 89' lang='lat' dir='ltr'><strong>[p.</strong></span> <span class='ocrx_word' id='word_1_314' title='bbox 703 4475 759 4533; x_wconf 78' lang='lat'><strong>316.</strong></span> <span class='ocrx_word' id='word_1_315' title='bbox 777 4476 815 4538; x_wconf 88' lang='lat' dir='ltr'><strong>b.]</strong></span> <span class='ocrx_word' id='word_1_316' title='bbox 857 4473 969 4538; x_wconf 77' lang='lat' dir='ltr'><strong>³Antig.</strong></span> <span class='ocrx_word' id='word_1_317' title='bbox 990 4474 1040 4539; x_wconf 89' lang='lat' dir='ltr'><strong>[vs.</strong></span> <span class='ocrx_word' id='word_1_318' title='bbox 1055 4477 1126 4538; x_wconf 81' lang='lat'><strong>4⁵⁶·]</strong></span> <span class='ocrx_word' id='word_1_319' title='bbox 1162 4474 1207 4524; x_wconf 91' lang='lat'><strong>⁴1.</strong></span> <span class='ocrx_word' id='word_1_320' title='bbox 1225 4489 1248 4534; x_wconf 96' lang='grc'><strong>3.</strong></span> <span class='ocrx_word' id='word_1_321' title='bbox 1265 4491 1288 4526; x_wconf 84' lang='lat' dir='ltr'><strong>c.</strong></span> <span class='ocrx_word' id='word_1_322' title='bbox 1302 4480 1326 4527; x_wconf 87' lang='lat'><strong>8.</strong></span> 
     </span>
     <span class='ocr_line' id='line_1_35' title="bbox 151 4564 1328 4632; baseline 0.005 -19"><span class='ocrx_word' id='word_1_323' title='bbox 151 4564 210 4626; x_wconf 84' lang='lat' dir='ltr'><strong>[Ed.</strong></span> <span class='ocrx_word' id='word_1_324' title='bbox 225 4567 396 4628; x_wconf 78' lang='lat' dir='ltr'><strong>Havercamp.</strong></span> <span class='ocrx_word' id='word_1_325' title='bbox 414 4568 467 4616; x_wconf 91' lang='lat' dir='ltr'><strong>vol.</strong></span> <span class='ocrx_word' id='word_1_326' title='bbox 486 4581 509 4616; x_wconf 83' lang='lat' dir='ltr'><strong>a.</strong></span> <span class='ocrx_word' id='word_1_327' title='bbox 528 4581 555 4628; x_wconf 88' lang='lat' dir='ltr'><strong>p.</strong></span> <span class='ocrx_word' id='word_1_328' title='bbox 575 4566 643 4629; x_wconf 83' lang='lat'><strong>247.]</strong></span> <span class='ocrx_word' id='word_1_329' title='bbox 679 4565 689 4597; x_wconf 78' lang='lat'>⁶</span> <span class='ocrx_word' id='word_1_330' title='bbox 707 4567 797 4616; x_wconf 90' lang='lat' dir='ltr'><strong>Thom.</strong></span> <span class='ocrx_word' id='word_1_331' title='bbox 817 4580 838 4616; x_wconf 91' lang='lat'><strong>1.</strong></span> <span class='ocrx_word' id='word_1_332' title='bbox 855 4581 878 4617; x_wconf 81' lang='lat' dir='ltr'><strong>a.</strong></span> <span class='ocrx_word' id='word_1_333' title='bbox 893 4582 918 4628; x_wconf 91' lang='lat' dir='ltr'><strong>q.</strong></span> <span class='ocrx_word' id='word_1_334' title='bbox 935 4580 975 4630; x_wconf 81' lang='grc'><strong>93.</strong></span> <span class='ocrx_word' id='word_1_335' title='bbox 992 4579 1037 4617; x_wconf 81' lang='lat' dir='ltr'><strong>ert.</strong></span> <span class='ocrx_word' id='word_1_336' title='bbox 1056 4569 1079 4618; x_wconf 88' lang='grc'><strong>6.</strong></span> <span class='ocrx_word' id='word_1_337' title='bbox 1098 4579 1122 4618; x_wconf 92' lang='lat' dir='ltr'><strong>et</strong></span> <span class='ocrx_word' id='word_1_338' title='bbox 1141 4581 1165 4628; x_wconf 88' lang='lat' dir='ltr'><strong>q.</strong></span> <span class='ocrx_word' id='word_1_339' title='bbox 1180 4581 1221 4632; x_wconf 89' lang='lat'><strong>94.</strong></span> <span class='ocrx_word' id='word_1_340' title='bbox 1239 4581 1284 4618; x_wconf 78' lang='lat' dir='ltr'><strong>art.</strong></span> <span class='ocrx_word' id='word_1_341' title='bbox 1302 4583 1328 4628; x_wconf 91' lang='grc'><strong>3.</strong></span> 
     </span>
    </p>
   </div>
   <div class='ocr_carea' id='block_1_4' title="bbox 1175 4680 1193 4744">
    <p class='ocr_par' dir='ltr' id='par_1_12' title="bbox 1175 4680 1193 4744">
     <span class='ocr_line' id='line_1_36' title="bbox 1175 4680 1193 4744; baseline 0 0"><span class='ocrx_word' id='word_1_342' title='bbox 1175 4680 1193 4744; x_wconf 83' lang='grc'><strong>3</strong></span> 
     </span>
    </p>
   </div>
   <div class='ocr_carea' id='block_1_5' title="bbox 0 0 1669 5482">
    <p class='ocr_par' dir='ltr' id='par_1_13' title="bbox 0 0 1669 5482">
     <span class='ocr_line' id='line_1_37' title="bbox 0 0 1669 5482; baseline 0 0"><span class='ocrx_word' id='word_1_343' title='bbox 0 0 1669 5482; x_wconf 95' lang='lat' dir='ltr'><strong> </strong></span> 
     </span>
    </p>
   </div>
  </div>
 </body>
</html>
