3310 5482
716 633 915 677 CONSPECTUS
938 635 1056 678 OPERIS·

652 807 809 873 CAPUT
834 809 1092 877 SEPTIMUM.

540 937 584 994 De
605 935 723 993 materia
744 934 813 992 belii
835 936 913 993 circa
934 953 1019 1009 quarn
1040 948 1070 995 et
1091 937 1120 995 in
1143 956 1209 1011 qua.

746 1082 932 1133 Quaesuto
955 1083 1006 1129 vr.

327 1203 393 1260 Art.
425 1202 449 1258 1.
480 1202 562 1279 Quae
592 1199 629 1258 sit
655 1199 731 1273 justa
751 1202 869 1258 materia
889 1201 959 1259 belli
982 1204 1060 1260 eirca
1080 1219 1166 1275 quam
1188 1202 1383 1264 efficientibus
1406 1224 1458 1264 uo»

479 1281 623 1338 luntariis.

327 1387 393 1444 Art.
416 1385 454 1442 II.
485 1387 567 1463 Quae
578 1383 616 1441 sit
626 1383 701 1456 justa
720 1385 838 1442 materia
857 1384 927 1442 beili
947 1386 976 1442 in
996 1403 1053 1458 qua
1072 1384 1263 1445 efficientibus
1274 1389 1465 1448 voluntariis..

327 1491 394 1548 Art.
414 1489 469 1547 III.
489 1490 572 1567 Quae
592 1489 629 1546 sit
650 1488 728 1561 justa
748 1490 866 1546 materia
887 1489 957 1547 belli
979 1489 1057 1547 circa
1078 1507 1163 1563 quam
1185 1489 1317 1549 subditis.

329 1595 391 1652 Art.
413 1593 466 1651 IV.
488 1595 569 1672 Quae
597 1593 635 1651 sit
662 1591 737 1666 justa
758 1593 876 1651 materia
897 1593 966 1651 beili
989 1594 1018 1650 in
1041 1612 1097 1667 qua
1119 1593 1252 1654 subditis.

636 1698 833 1756 Corollarium
855 1699 1034 1771 quaestionis
1056 1716 1099 1756 vr.

565 1802 612 1859 An
635 1800 721 1859 detur
741 1801 850 1859 bellurn
871 1802 1019 1875 utrimque
1040 1802 1149 1876 justum

565 1907 631 1963 Art.
663 1906 687 1963 Ι.
718 1917 850 1979 respectu
871 1907 1120 1974 voluntariorum,

565 2011 631 2068 Art.
653 2010 692 2067 ΙΙ.
713 2021 847 2084 respectu
869 2008 1062 2068 subditotum.

654 2135 814 2202 CAPUT
839 2135 1090 2203 OCTAVUM.

544 2279 588 2336 De
609 2276 700 2334 ibrma
721 2274 791 2332 belli
813 2274 989 2349 suscipiendi
1011 2274 1198 2350 gerendique.

738 2422 920 2473 QUAESTIO
941 2423 1007 2467 vn.

325 2543 391 2600 Art.
433 2541 455 2598 1.
478 2542 559 2619 Quae
581 2541 618 2599 sit
637 2541 713 2614 iusta
735 2542 827 2599 forma
848 2541 917 2599 belii
939 2541 1047 2615 privati
1069 2539 1257 2614 suscipiendi.

324 2646 391 2704 Art.
417 2645 456 2703 ΙΙ.
478 2647 560 2724 Quae
582 2646 618 2702 sit
639 2645 717 2718 justa
738 2645 830 2702 forma
851 2645 920 2703 beili
940 2645 1052 2719 publici
1070 2644 1257 2719 suscipiendi.

323 2752 389 2809 Art.
401 2751 455 2808 ΙΙΙ.
477 2752 558 2829 Quae
580 2750 617 2807 sit
637 2749 713 2822 justa
731 2750 821 2807 forma
842 2749 910 2807 belli
927 2748 1046 2823 gerendi
1065 2750 1250 2807 voluntariis.

326 2856 393 2914 Art.
407 2856 459 2912 IV.
481 2856 563 2933 Quae
591 2854 629 2911 sit
651 2854 727 2927 iusta
754 2854 845 2911 forma
868 2854 937 2911 belli
975 2852 1095 2927 gerendi
1124 2852 1257 2912 subditis.

325 2961 439 3018 Coroll.
481 2959 503 3016 I.
525 2962 676 3038 Quatenus
698 2959 783 3016 liceat
805 2957 936 3016 subditos
957 2959 1086 3016 hostium
1104 2955 1261 3016 offendere.

326 3065 440 3122 Coroll.
462 3062 501 3120 11.
523 3063 570 3121 An
590 3060 676 3121 detur
696 3059 881 3136 depraedatio
902 3063 1049 3134 utrimque
1069 3060 1144 3134 justa
1166 3073 1298 3136 respectu
1326 3060 1458 3120 subdito-

525 3159 606 3212 rum,
626 3153 656 3200 et
677 3154 830 3215 quatenus.

326 3247 501 3305 Coroliiil.
522 3248 570 3306 An
581 3246 702 3320 praedae
720 3247 874 3320 acquisitio
884 3246 959 3319 justa
970 3246 1118 3318 utrimque
1127 3243 1230 3313 detur,
1257 3256 1286 3303 et
1303 3256 1458 3317 quatenus.

681 3371 843 3473 CAPUT
867 3372 1063 3437 NONUM.

762 3488 806 3546 De
825 3485 882 3545 fine
903 3486 983 3544 belli.

726 3621 912 3673 QUAESTIO
936 3621 1018 3666 VIII.

325 3741 391 3799 Art.
423 3742 447 3800 Ι.
469 3741 543 3820 Quis
570 3740 608 3799 sit
633 3741 728 3814 justus
754 3741 824 3798 belii
852 3739 916 3798 iinis
945 3740 1131 3798 voluntariis.

325 3845 391 3904 Art.
407 3844 446 3903 11.
467 3846 540 3923 Quis
561 3845 599 3903 sit
613 3843 706 3919 justus
727 3845 796 3901 belii
819 3843 883 3901 finis
905 3841 1038 3902 subditis.

654 3971 816 4038 CAPUT
846 3970 1086 4037 DECIMUM.

743 4128 928 4178 Quausaro
952 4126 1001 4172 tx.

683 4247 741 4305 Cui
762 4244 867 4320 praeda
886 4245 1053 4318 acquiratur

325 4376 391 4434 Art.
423 4375 446 4432 i.
466 4375 496 4432 in
517 4375 596 4434 bello
614 4376 747 4451 privam,

274 4567 276 4571 ,
325 4480 390 4537 Art.
423 4480 461 4537 II.
491 4481 521 4537 in
543 4481 621 4539 bello
643 4480 771 4555 publico.
