3362 5504
437 608 484 654 un
508 610 602 676 June
630 609 811 655 runnunrr.
837 609 915 655 cnr.
941 609 1021 655 xrrt.
1253 592 1315 672 289

139 762 330 844 potuerint,
351 763 447 845 jussu
468 783 508 829 an
529 763 658 848 injussu
678 763 809 846 spoliati
829 763 894 830 sint
911 764 1056 847 ipsorum
1068 762 1151 829 nihil
1164 762 1311 828 interest.

140 873 320 940 Distinctio
342 876 420 939 haec
442 896 459 938 a
479 890 595 940 senatu
615 876 877 960 Carthaginiensi
907 896 973 941 non
993 875 1199 940 incommode
1218 895 1313 941 usur-

139 1001 214 1067 pata
238 1001 287 1052 est
317 987 474 1052 adversus
504 988 671 1053 Romanos
700 988 739 1052 dc
764 987 939 1055 Annibalis
967 986 1054 1053 facto
1083 986 1313 1068 inquirentes,

140 1097 262 1178 quibus
285 1117 385 1162 unum
407 1119 423 1161 e
444 1097 650 1180 principibus
672 1099 790 1166 Poenis
812 1099 856 1163 ita
868 1099 1074 1182 respondisse
1088 1098 1271 1180 accepimus
1284 1106 1312 1161 ¹:

139 1209 212 1294 Ego
245 1225 351 1275 autem
380 1229 446 1275 non
469 1209 598 1292 privato
623 1211 799 1293 publicone
821 1210 958 1278 consilio
983 1211 1163 1295 Saguntum
1186 1229 1315 1294 oppug-

140 1336 252 1386 natum
286 1321 351 1400 sit,
375 1322 594 1403 quaerendum
619 1342 759 1403 cense0,
784 1323 979 1389 sedatium
996 1324 1080 1408 jure
1104 1345 1148 1387 an
1171 1323 1313 1407 injuria.

144 1433 277 1497 Nostra
298 1436 382 1496 enim
406 1435 485 1498 hoec
502 1437 650 1519 quaestio
673 1449 773 1527 atque
794 1434 1040 1530 animaduersio
1064 1438 1221 1500 incitem
1244 1454 1315 1497 nos-

143 1558 235 1608 trum
260 1558 330 1624 est,
354 1559 466 1609 nostro
490 1568 535 1610 an
558 1547 751 1629 suofecerit
773 1547 920 1640 arbitrio
934 1569 946 1610 .·
970 1548 1133 1611 vobiscum
1156 1568 1224 1611 ona
1248 1545 1314 1610 dis-

141 1661 293 1742 captatio¹
311 1670 378 1736 est,
402 1656 580 1722 licueritne
596 1672 661 1744 per
678 1657 797 1738 foedus
814 1655 903 1740 fieri.
928 1659 1097 1745 Quantum
1121 1658 1161 1722 ad
1182 1657 1315 1724 Lusita·

140 1787 201 1833 nos
223 1767 346 1852 igitur,
371 1768 466 1834 licuit
489 1769 557 1833 sine
578 1769 680 1835 dubio
704 1769 795 1850 quod
816 1768 936 1834 factum
961 1784 1010 1835 est
1029 1769 1146 1835 facere.
1173 1768 1315 1835 Ordines

141 1895 249 1945 autem
264 1895 327 1945 tam
340 1879 521 1961 foederati,
535 1902 632 1962 quarn
647 1881 864 1960 Hollandiae,
881 1882 921 1946 ad
940 1900 1026 1963 quos
1046 1884 1144 1947 altera
1164 1881 1314 1962 quaestio

141 1992 305 2073 pertinet,
330 1993 476 2076 (tantum
499 1994 591 2059 abest
611 2007 650 2058 ut
670 1992 793 2059 facturn
818 1995 881 2058 hoc
902 1992 1068 2060 societatis
1086 1993 1216 2059 Indicae
1229 1995 1313 2079 ejus-

141 2125 205 2184 que
236 2104 502 2171 administrorum
536 2105 843 2190 condemnaverint)
879 2125 944 2170 non
977 2120 1103 2171 tantum
1138 2105 1314 2188 partitione

140 2215 301 2297 praedae,
334 2237 448 2281 verum
478 2216 630 2299 praemiis
654 2217 751 2282 etiarn
782 2232 814 2281 et
836 2217 1018 2284 honoribus
1041 2219 1313 2300 comprobarunt:

141 2327 186 2392 ita
222 2343 259 2392 ut
293 2327 419 2394 etiamsi
453 2329 638 2394 mandatum
671 2349 737 2394 non
772 2327 954 2411 adfuisset,
990 2330 1017 2395 is
1038 2344 1145 2395 tamen
1169 2329 1314 2395 defectus

142 2453 234 2522 gesto
259 2438 383 2505 utiliter
404 2439 538 2524 negotio
561 2439 696 2523 publico
716 2455 748 2505 et
765 2440 859 2521 quasi
872 2456 958 2506 retro
971 2456 1072 2507 tracta
1084 2441 1314 2508 ratihabitione

141 2553 350 2633 suppleretnr
371 2555 382 2590 ²
428 2552 548 2633 Neque
571 2566 678 2617 tamen
701 2572 815 2618 verum
840 2567 972 2619 estnon
995 2552 1204 2620 antecessisse
1225 2574 1314 2619 man-

143 2662 265 2729 datum.
312 2665 452 2730 Constat
475 2663 559 2730 enim
585 2680 617 2729 et
638 2665 768 2730 decreto
791 2664 952 2730 Ordinum
978 2665 1173 2731 Hollandiac
1196 2668 1313 2748 proba·
1328 2674 1459 2788 Sessatlomz

142 2790 220 2856 tur,
244 2778 348 2841 multo
368 2791 542 2857 antequam
566 2775 828 2858 proficisceretur
851 2776 1108 2842 Hemslrercltius
1132 2777 1314 2842 admonitos

142 2888 182 2952 ab
207 2886 390 2953 Ordinibus
413 2887 542 2953 Indicae
574 2887 738 2952 societatis
771 2887 995 2971 praepositoS,
1025 2908 1109 2971 opus
1142 2907 1212 2954 esse
1235 2888 1314 2971 ipsis

142 3000 184 3066 ad
216 3000 447 3085 negotiationis
479 3020 558 3066 suae
588 3002 723 3065 tutelam
750 2999 793 3065 ita
815 3020 849 3064 se
874 3019 1068 3082 componere
1091 3014 1123 3065 et
1146 3000 1241 3066 armis
1264 3000 1314 3064 in-

143 3127 291 3194 struere,
316 3127 353 3176 ut
374 3133 440 3178 non
464 3126 587 3177 tantum
605 3126 741 3195 possent
761 3110 897 3177 hostiles
917 3111 1152 3177 Lusitanorum
1176 3127 1314 3177 conatus

143 3244 275 3306 arcere,
299 3245 412 3290 verum
435 3223 516 3307 ipsis
537 3225 624 3289 ultro
647 3224 768 3288 bellum
792 3221 923 3288 inferre.
946 3223 996 3288 En
1013 3222 1115 3308 igitur
1127 3224 1313 3289 mandatum

143 3335 285 3419 supremi
308 3336 534 3420 magistratus,
559 3334 650 3416 quod
670 3337 785 3418 procul
809 3334 911 3400 dubio
925 3335 1072 3400 sufficere
1085 3336 1192 3401 debet.
1218 3335 1313 3401 Nihil

142 3462 251 3513 autern
274 3446 402 3514 facilius
429 3447 495 3513 fuit
517 3467 637 3529 quarn,
662 3447 689 3511 si
711 3467 795 3530 opus
824 3447 1011 3527 videretur,
1035 3463 1161 3530 praeter
1183 3448 1312 3514 manda·

142 3575 213 3624 tum
246 3561 333 3642 hoc,
368 3558 539 3624 codicillos
571 3578 645 3623 cunr
686 3558 882 3641 amplissima
917 3559 1012 3624 etiam
1044 3574 1205 3641 potestate
1236 3560 1314 3626 belli

143 3673 278 3754 publice
306 3671 459 3756 gerendi,
485 3670 543 3752 qui
573 3670 694 3736 nemini
718 3669 826 3754 negari
856 3672 984 3749 solent,
1024 3671 1063 3735 ab
1092 3671 1313 3736 illustrissimo

144 3784 296 3866 Principe
320 3782 480 3850 Mauritio
510 3784 690 3865 impetrare.
744 3783 810 3849 Sed
839 3782 916 3848 alibi
947 3803 1080 3864 quoque
1106 3779 1473 3866 'ostendimusnfimra

146 3915 213 3960 eam
236 3910 396 3978 perpetuo
419 3894 522 3961 fuisse
546 3894 741 3960 Batavorum
765 3895 954 3974 lenitatem,
973 3909 1010 3959 ut
1025 3895 1316 3977 seposita,quoad

147 4007 218 4091 ejus
242 4007 313 4073 lieri
342 4022 492 4090 poterat,
516 4007 593 4072 belli
614 4005 739 4089 publici
763 4026 861 4072 causa
882 4021 1008 4071 tantum
1032 4007 1071 4072 ab
1095 4007 1223 4091 injuriis
1246 4008 1314 4073 Lu·

146 4118 327 4186 sitanorum
365 4119 429 4185 tuti
462 4139 531 4186 esse
561 4120 706 4200 vellent,
737 4136 803 4183 non
834 4117 897 4184 nisi
926 4117 1118 4184 necessitate
1141 4119 1255 4184 ultima
1276 4119 1317 4184 ad

209 4381 265 4428 Liv.
293 4381 338 4429 lib.
366 4395 405 4429 21.
433 4379 468 4444 [c.
498 4381 548 4441 18.]
585 4377 636 4428 ²c.
663 4379 877 4429 ratihabitionem.
896 4383 927 4429 de
945 4383 978 4430 R.
996 4383 1015 4430 Ι.
1041 4381 1068 4429 in
1094 4381 1130 4430 6⁰.
1157 4381 1273 4445 [Decret.
1290 4383 1316 4430 in

142 4471 182 4524 6⁰.
202 4488 224 4530 5.
245 4487 284 4522 12.
305 4473 356 4537 10.]

1124 4583 1162 4646 19
