3326 5506
328 627 389 690 190
631 625 678 670 DE
704 625 795 690 JURE
822 623 1008 670 Pannona.
1034 623 1104 672 CAP
1138 623 1190 671 xl.

325 779 514 847 Lusitanice
542 779 732 861 loquentem
764 780 867 846 multa
899 777 1205 862 interrogarentur,
1222 777 1403 862 ignorantia
1428 797 1499 844 ser-

325 893 452 975 monis,
477 889 562 958 forte
582 905 614 956 et
633 910 774 973 pauore,
799 904 838 957 ut
857 889 1005 973 elingues
1022 890 1183 974 jacebant.
1225 888 1368 973 Jubente
1388 891 1498 974 legato

325 1006 365 1071 ad
388 1002 621 1070 Lusitanorum
645 1002 870 1070 accusationes
893 999 1108 1084 responderi,
1141 1000 1199 1083 qui
1223 1000 1359 1068 miseros
1382 1015 1500 1070 nautas

325 1115 478 1200 piraticae
509 1113 650 1181 feritatis
681 1132 754 1180 reos
787 1113 947 1198 agebant,
981 1131 1056 1178 cum
1089 1111 1231 1178 adhaec
1255 1111 1501 1194 quoquenihil

325 1241 460 1312 possent
481 1226 638 1306 reddere,
669 1223 832 1292 instabant
854 1223 1009 1290 Lusitani
1033 1237 1070 1289 ut
1093 1221 1261 1294 silentium
1285 1243 1345 1306 pro
1369 1223 1501 1290 confes-

324 1340 416 1406 sione
448 1338 657 1420 reciperetur.
704 1335 872 1402 Credibile
907 1349 956 1400 est
978 1332 1153 1402 accessisse
1178 1348 1209 1399 et
1232 1335 1437 1416 mercedem,
1462 1351 1502 1402 ut

325 1450 464 1534 captivis
488 1449 520 1515 in
545 1449 676 1516 illorum
696 1461 858 1530 potestate
878 1446 1027 1528 relictis,
1049 1447 1142 1512 velut
1151 1465 1186 1514 re
1197 1444 1316 1512 infecta
1327 1446 1501 1516 rediretur.

326 1561 512 1633 Praefectus
543 1580 620 1626 sane
653 1558 873 1629 Cantonensis
909 1556 1093 1642 indignari,
1118 1559 1246 1626 elusum
1271 1573 1305 1624 se
1329 1557 1427 1642 legati
1451 1558 1501 1642 ig-

326 1673 442 1756 navia,
476 1688 509 1739 et
537 1673 601 1757 jam
633 1671 734 1737 ferme
768 1669 860 1752 quod
891 1689 942 1734 res
975 1683 1043 1736 erat
1075 1669 1263 1752 conjicere,
1288 1683 1325 1734 ut
1349 1687 1429 1754 gens
1451 1685 1502 1735 est
1580 1705 1583 1710 ·

326 1785 560 1866 solertissima,
583 1784 648 1849 boc
671 1783 723 1867 agi
747 1797 786 1848 ut
807 1795 950 1846 caeterae
973 1780 1124 1848 nationes
1148 1780 1279 1848 Sinensi
1302 1781 1501 1847 commercio
1560 1771 1565 1782 ’

327 1911 562 1964 averterentur.
613 1895 699 1961 Cum
733 1913 820 1960 nova
844 1892 1029 1958 immineret
1051 1891 1194 1975 legatio,
1219 1911 1303 1974 quae
1327 1891 1402 1958 dedi
1426 1911 1502 1976 cap-

326 2010 415 2076 tivos
445 2008 515 2075 sine
538 2005 729 2089 exceptione
753 2007 955 2088 postularet,
980 2018 1208 2086 procuratores
1232 2003 1500 2084 Lusitanorum,

327 2120 387 2203 qui
410 2118 553 2186 Cantoni
570 2116 801 2196 morabantur,
826 2117 899 2200 cius
921 2115 968 2182 rei
992 2115 1144 2182 nuntium
1170 2115 1210 2180 ad
1233 2133 1312 2181 suos
1323 2114 1503 2180 Macaunta

327 2230 562 2314 praemittunt,
592 2244 629 2295 ut
650 2243 774 2294 mature
797 2228 894 2294 rebus
917 2226 987 2293 suis
1011 2227 1240 2307 consulerent,
1265 2225 1395 2294 fraudes
1420 2227 1504 2294 alio·

328 2343 409 2425 quin
429 2356 611 2424 erupturas.
634 2339 826 2421 Numquam
852 2338 931 2404 alias
954 2337 1190 2406 Lusitanorum
1216 2352 1306 2404 tanta
1326 2337 1503 2420 trepidatio

328 2453 412 2520 fuit:
436 2452 593 2519 videbant
612 2451 697 2517 enim
717 2470 776 2516 nec
795 2449 996 2518 deditionem
1017 2451 1086 2516 ullo
1107 2449 1205 2515 modo
1224 2449 1367 2516 recusari
1387 2470 1503 2532 posse,

327 2565 412 2632 etsi
437 2564 527 2630 fieret
559 2562 683 2629 deditio
715 2561 870 2646 patebat,
905 2581 986 2644 quas
1020 2561 1053 2628 in
1081 2580 1116 2625 se
1140 2560 1369 2643 suspiciones,
1404 2579 1502 2644 quam

328 2675 491 2743 infamiam
505 2674 711 2742 excitassent.
737 2673 786 2739 Re
800 2671 936 2755 ancipiti
949 2671 1147 2755 praesidium
1160 2689 1176 2738 a
1189 2673 1309 2738 scelere
1322 2687 1354 2738 et
1366 2673 1505 2740 audacia

328 2802 543 2867 mutuantur,
567 2805 726 2852 memores
740 2783 891 2864 scilicet,
914 2786 1052 2852 stultum
1066 2804 1134 2852 esse
1147 2783 1180 2850 in
1192 2783 1357 2867 peccando
1367 2785 1503 2852 modurn

328 2920 467 2966 servare.
514 2897 699 2964 Consilium
729 2909 818 2977 erat,
842 2915 883 2960 ne
908 2895 1054 2961 exhiberi
1077 2910 1237 2978 possent,
1262 2912 1376 2960 omnes
1404 2895 1503 2962 inter-

328 3011 425 3078 ficere
444 3010 538 3093 quasi
557 3008 702 3093 judicio:
731 3008 788 3074 sed
808 3007 931 3074 Paulus
952 3007 1138 3092 praefectus
1160 3006 1321 3090 (dandum
1344 3021 1394 3074 est
1417 3007 1503 3074 enim

330 3123 553 3205 qualicunque
578 3120 782 3222 ipnocentiae
802 3119 1048 3202 testimonium)
1069 3119 1126 3186 diu
1139 3119 1367 3186 cunctabatur.
1401 3119 1505 3206 Quod

330 3235 415 3301 enim
440 3232 525 3300 illud
546 3231 709 3315 judicium
724 3229 801 3296 'fore
825 3230 858 3294 in
882 3231 962 3296 urbe
984 3249 1051 3296 non
1074 3249 1154 3310 sua,
1178 3229 1212 3294 in
1237 3229 1386 3300 homiues
1411 3250 1505 3313 pere·

331 3345 442 3430 grinos
466 3358 498 3409 et
521 3343 623 3410 libera
655 3341 789 3425 capita?
824 3361 890 3407 non
920 3341 1158 3424 Ulyssiponem
1182 3360 1276 3420 reos,
1298 3359 1365 3407 non
1389 3343 1504 3413 saltem

329 3457 371 3522 ad
389 3455 568 3538 praesidem
588 3453 701 3519 mitti?
740 3452 809 3518 Vix
829 3452 975 3535 perpulit
995 3453 1184 3534 quaesitor,
1208 3467 1246 3520 ut
1268 3471 1387 3520 nomen
1408 3471 1503 3520 suurn

330 3565 508 3633 sententiae
541 3563 681 3630 adscribi
712 3578 888 3646 pateretur.
934 3565 984 3628 Ita
1005 3583 1060 3628 sex
1085 3563 1234 3630 homines
1258 3563 1440 3644 Hollandi,
1465 3564 1504 3647 (o

330 3678 456 3760 patria,
481 3696 501 3741 o
522 3677 596 3760 jura
628 3690 661 3742 et
683 3677 793 3759 leges,
827 3689 859 3739 et
882 3673 1004 3742 frustra
1028 3674 1116 3740 domi
1139 3674 1270 3741 defensa
1293 3674 1448 3759 libertas)
1471 3675 1503 3740 in

331 3808 432 3872 regno
456 3787 631 3867 Sinarum,
663 3788 754 3868 quod
778 3786 937 3853 Hollandi
960 3785 1061 3852 tantis
1084 3786 1273 3866 laboribus,
1297 3785 1397 3852 tantis
1420 3786 1505 3869 peri-

330 3899 415 3966 culis
437 3898 622 3980 quaesitum
653 3898 801 3980 iverant,
835 3897 894 3965 ubi
923 3897 986 3980 ipsi
1010 3896 1155 3966 vicissim
1180 3897 1441 3980 expetebantur,
1466 3898 1504 3964 ab

331 4009 502 4094 inquilinis
523 4009 693 4076 Lusitanis
716 4009 942 4078 crudelissimo
963 4005 1198 4091 teterrimoque
1216 4007 1383 4092 supplicio
1405 4010 1505 4082 latro·

331 4142 410 4190 num
434 4135 467 4186 et
489 4120 663 4204 piratarum
696 4121 892 4188 afficiuntur.
939 4120 1137 4202 Spectabant
1169 4121 1248 4188 haec
1283 4120 1505 4186 miserabundi

333 4233 485 4300 Sinenses
508 4246 541 4298 et
568 4251 645 4300 mox
674 4251 787 4298 averso
814 4234 911 4298 vultu
931 4232 1089 4313 orabant,
1114 4247 1387 4314 utquaecunque
1409 4251 1504 4316 gens,

333 4361 550 4426 quaecunque
573 4358 730 4412 terrarum
755 4364 810 4410 ora
835 4343 868 4410 in
891 4363 986 4410 suum
1008 4363 1165 4412 oceanum
1183 4345 1329 4428 hospites
1340 4363 1505 4426 suumque

333 4456 426 4522 littus
445 4454 608 4535 misisset,
631 4454 658 4520 si
670 4456 761 4536 quod
772 4455 839 4520 illis
849 4474 993 4534 numen,
1017 4455 1044 4522 si
1058 4476 1122 4537 qua
1134 4456 1260 4539 patria,
1284 4475 1325 4522 ne
1338 4470 1504 4522 manerent
