3316 5494
423 650 470 697 un
496 651 590 718 June
616 651 802 699 anatona.
829 625 973 700 eamn.
1232 653 1291 717 147

114 801 255 869 ritorum
276 801 371 870 etiarn
390 819 484 886 saepe
503 805 613 872 habita
631 806 733 886 ratio,
758 806 845 874 sicut
864 805 1031 886 Marcius,
1057 805 1148 888 quod
1166 805 1295 874 fortiter

113 911 271 996 fecisset,
295 935 334 980 ex
353 915 472 998 praeda
491 915 667 984 Coriolana
686 917 825 984 donatus
846 933 895 986 est
912 937 929 985 a
947 916 1130 984 Postumio.
1153 916 1294 986 Utrovis

112 1025 214 1092 modo
234 1025 355 1092 divisio
376 1025 487 1105 fieret,
510 1026 629 1093 licebat
641 1028 998 1112 imperatoridialparaa
1019 1029 1084 1094 lroc
1103 1043 1171 1108 est,
1190 1043 1294 1116 prae·

112 1140 250 1223 cipuum
283 1136 348 1204 sibi
380 1136 525 1221 accipere
560 1153 718 1222 quantum
738 1143 862 1219 vellet,
888 1155 925 1206 ut
946 1137 1107 1208 Ocrisiam
1130 1139 1293 1207 Comicu-

113 1249 221 1314 lanam
252 1249 326 1316 Rex
356 1249 492 1317 Tullius
515 1252 537 1316 ¹.
589 1251 759 1318 Fabricius
792 1251 879 1336 apud
909 1251 1192 1320 Halicarnasseum
1220 1252 1232 1290 ¹
1258 1250 1293 1318 in

113 1359 265 1426 oratione
292 1360 334 1426 ad
363 1360 543 1445 Pyrrhum:
576 1365 687 1431 ἐκείνων
711 1367 884 1447 depectitur
913 1367 975 1446 ἕξέν
1002 1390 1050 1446 μοι
1072 1368 1178 1446 λαβεῖν
1199 1363 1294 1433 balaa

111 1474 290 1554 βουλοίμην,
310 1492 351 1536 ert
363 1473 421 1536 *his
441 1492 526 1557 qaae
545 1470 627 1538 bello
646 1486 747 1558 capta
766 1485 865 1538 erant
885 1472 1006 1540 licebat
1026 1474 1291 1558 mihiqaantuar

113 1578 231 1648 uellem
248 1585 406 1668 accipere.
453 1582 528 1649 Hoc
546 1582 858 1667 Isidorus⁸respicit
875 1601 973 1668 agens
992 1583 1031 1648 de
1049 1583 1123 1667 J‘ure
1143 1583 1291 1651 militari:

115 1692 200 1758 Item
228 1692 381 1778 praedae
410 1693 529 1760 decisio
561 1707 592 1760 et
610 1709 674 1780 pra
692 1710 914 1781 personarum
938 1693 1165 1780 qualitatibus
1186 1708 1217 1759 et
1241 1694 1256 1759 l
1277 1729 1292 1743 ·

113 1802 249 1868 boribus
257 1805 358 1889 justa
369 1803 488 1872 divitia
506 1817 546 1870 aa
558 1804 730 1890 Principis
736 1809 862 1890 portio.
888 1803 1092 1887 Tarquinius
1105 1805 1291 1888 Superbus,

114 1926 154 1978 ut
185 1915 275 1996 apud
307 1914 441 1982 Livium
464 1915 565 1997 *est,
599 1931 631 1982 et
663 1916 732 1999 ipse
762 1915 862 1982 'ditari
896 1918 1052 1998 volebat,
1090 1931 1123 1982 et
1155 1915 1291 1984 delinire

114 2025 234 2107 praeda
266 2027 473 2110 popularium
508 2026 644 2094 animos.
690 2027 849 2094 Servilius
875 2035 887 2071 ⁸
913 2027 947 2092 in
981 2026 1127 2096 oratione
1156 2045 1215 2110 pro
1246 2027 1290 2094 L.

114 2135 221 2203 Paulo
240 2135 323 2202 dicit
341 2157 415 2202 eum
435 2137 551 2220 praeda
569 2137 738 2221 partienda
754 2157 789 2204 se
808 2139 1003 2222 locupletem
1018 2137 1124 2206 facere
1133 2138 1291 2222 potuisse.

115 2248 203 2314 Sunt
228 2262 337 2314 autern
365 2247 424 2330 qui
442 2246 455 2282 ⁸
474 2249 556 2314 hanc
586 2249 700 2332 potius
730 2249 933 2333 imperatoris
960 2248 1143 2332 portionem
1179 2267 1292 2316 manu-

114 2359 244 2426 biarum
265 2359 397 2426 nornine
418 2358 596 2444 significari
619 2361 734 2428 velint.
781 2361 930 2428 Laudata
948 2380 1026 2428 vero
1050 2359 1208 2443 imprimis
1231 2359 1292 2425 du-

115 2489 191 2536 cum
216 2470 434 2551 abstinentia,
466 2472 524 2553 qui
552 2475 608 2558 jus
637 2491 734 2540 suum
762 2471 962 2540 remittentes
987 2471 1137 2555 praedam
1158 2471 1292 2540 omnino

113 2597 181 2646 non
205 2580 406 2666 attigerunt,
430 2597 469 2650 ut
491 2582 567 2664 ille,
592 2601 689 2665 quem
700 2583 800 2664 dico,
822 2582 1015 2664 Fabricius,
1040 2596 1072 2650 et
1084 2581 1195 2666 Scipio
1205 2582 1293 2648 victa

115 2692 318 2778 Carthagine
336 2695 359 2760 ⁷.
405 2693 478 2760 Aut
508 2692 567 2778 qui
599 2694 727 2762 modice
749 2693 955 2776 delibarunt,
979 2708 1018 2761 ut
1040 2693 1215 2778 Pompeius
1238 2713 1292 2760 or-

114 2817 215 2870 natur
246 2801 384 2872 Catonis
415 2806 525 2888 elogio
557 2805 645 2888 apud
677 2803 871 2888 Lucanum,
907 2805 1000 2888 quod
1031 2807 1124 2888 plura
1157 2793 1291 2872 retentis

115 2914 294 2980 intulisset.
339 2915 376 2980 In
409 2915 571 2985 divisione
601 2917 712 2984 habita
734 2917 896 2984 interdum
920 2916 1002 2984 ratio
1026 2916 1229 2996 absentium,
1254 2929 1292 2982 ut

113 3025 270 3108 incapte
301 3026 438 3094 Anxure
469 3027 589 3094 Fabius
614 3028 799 3096 Ambustus
822 3027 997 3096 constituit
1015 3031 1048 3110 ⁸,
1073 3040 1292 3111 congruenter

115 3136 344 3204 Hebraeorum
369 3138 537 3206 moribus:
561 3139 724 3206 interdum
744 3138 963 3223 praesentium
985 3137 1200 3220 quorumdam
1224 3155 1291 3202 uon

114 3246 252 3329 habita,
276 3263 315 3314 ut
337 3249 524 3316 Minuciani
548 3249 712 3318 exercitus
730 3249 891 3317 dictatore
912 3248 1112 3317 Cincinnato
1121 3256 1145 3314 ⁹.
1190 3248 1293 3335 Quod

114 3373 227 3426 autem
257 3359 311 3443 jus
344 3359 378 3426 in
408 3359 586 3427 dividenda
618 3362 734 3444 praeda
765 3361 868 3428 veteri
895 3360 1062 3444 republica
1082 3359 1292 3441 imperatores

115 3470 263 3536 habuere
286 3469 320 3536 id
341 3486 453 3554 postet
475 3473 516 3538 ad
538 3472 709 3556 magistros
732 3472 871 3538 militurn
895 3473 1084 3542 translatum
1106 3489 1146 3536 ex
1166 3468 1293 3536 Codice

112 3580 323 3665 Justinianeo
334 3581 358 3620 ¹⁰
368 3596 516 3665 apparet,
540 3581 598 3650 ubi
617 3603 636 3648 a
656 3593 831 3668 gestorum*
843 3582 1293 3650 insinuationeabsolvuntur

115 3691 313 3760 detrationes
335 3713 441 3760 rerum
465 3693 637 3762 mobilium
659 3696 713 3762 vel
734 3713 769 3762 se
788 3694 1011 3773 moventium,
1036 3712 1118 3778 quas
1147 3691 1293 3776 magistri

116 3801 262 3870 militum
290 3803 450 3871 militibus
479 3819 643 3888 praestant
669 3825 709 3872 ex
736 3804 852 3888 spoliis
877 3805 1046 3886 hostium,
1072 3802 1143 3871 sive
1167 3802 1201 3870 in
1224 3801 1294 3885 ipsa

153 4097 260 4148 ¹Dion.
283 4100 368 4149 llalic.
391 4100 479 4161 Antiq.
503 4103 521 4150 l.
545 4114 570 4163 4.
591 4099 628 4164 [p.
648 4101 705 4160 206.
722 4115 761 4149 vs.
778 4099 831 4164 46.]
868 4097 923 4148 ²in
941 4100 1029 4160 fragm.
1049 4097 1086 4163 [p.
1104 4109 1162 4159 747.
1180 4109 1220 4146 vs.
1237 4093 1291 4158 4¹·]

116 4188 212 4250 ⁸orlg.
231 4191 249 4238 l.
267 4201 291 4245 5.
307 4204 331 4238 c.
356 4201 380 4249 7.
405 4190 497 4239 citatur
516 4191 542 4239 in
560 4204 584 4240 c.
601 4189 641 4249 ius
659 4190 776 4239 militare.
796 4190 885 4253 [Dect.
904 4191 972 4238 Grat.
990 4204 1016 4250 p.
1037 4202 1058 4237 ι.
1079 4202 1100 4236 1.
1121 4185 1173 4252 ra]
1207 4184 1219 4217 ⁴
1235 4186 1294 4235 Liv.

116 4281 136 4326 l.
158 4292 180 4327 r.
200 4279 236 4344 [c.
255 4279 309 4345 sb]
344 4279 430 4330 ⁸le.
447 4284 465 4330 l.
481 4294 524 4343 4⁵·
543 4282 579 4346 le·
598 4279 649 4346 ab]
685 4281 696 4313 ⁸
713 4283 773 4332 Asc.
789 4280 817 4332 iu
831 4282 904 4330 Verr.
920 4293 943 4337 s.
959 4281 1022 4343 [ap.
1037 4280 1116 4330 orell.
1130 4288 1168 4326 est
1182 4278 1294 4337 pseudo·

118 4370 250 4420 Asconius
268 4371 295 4420 ln
312 4383 360 4420 aar.
379 4385 403 4420 a.
419 4373 447 4422 in
464 4373 569 4422 Verrem
585 4375 617 4422 ad
637 4377 658 4432 ς.
678 4372 747 4435 154]
782 4369 876 4422 illut.
894 4373 925 4420 de
942 4371 1003 4420 fort.
1023 4368 1063 4434 [p.
1079 4381 1121 4433 97.
1138 4367 1176 4433 c.]
1210 4365 1295 4416 ⁸L1v.

118 4464 138 4510 l.
156 4475 181 4522 4.
200 4461 238 4525 [c.
256 4462 310 4526 sp]
345 4461 452 4512 'idem
469 4465 487 4512 l.
505 4476 528 4522 ³·
548 4462 584 4530 [c.
603 4462 656 4526 tp]
693 4461 714 4498 ¹⁰
731 4466 748 4512 l.
765 4462 788 4514 sl
805 4463 861 4523 quis
879 4475 927 4524 pro
945 4463 1050 4512 redama.
1068 4463 1090 4518 ς.
1102 4458 1295 4510 1.timilietlaar

121 4554 211 4602 modo.
230 4555 259 4602 C.
277 4555 309 4602 de
327 4555 412 4603 donat.
433 4553 474 4619 [C.
494 4557 516 4602 8.
536 4567 575 4616 ⁵4·
594 4555 634 4612 ³6.
652 4557 675 4612 ς.
696 4552 729 4617 r.]

1106 4643 1164 4705 ιο*
