3362 5504
334 616 396 677 324
635 612 680 657 nn
703 611 798 677 Junn
825 610 1008 658 nnnsnnn.
1032 611 1112 658 cnr.
1136 613 1196 658 κν.

332 767 423 832 aliud
451 781 567 847 orant,
602 785 700 847 quam
729 780 768 830 ut
796 765 947 832 Lusitani
966 766 1090 851 junctis
1121 767 1248 833 viribus
1278 765 1501 832 invadantur?

332 879 402 944 Imo
427 877 523 943 etiam
547 892 662 962 rogant
684 876 825 944 Batavos
848 883 943 943 arces
957 891 995 942 ut
1017 892 1146 943 struant
1164 896 1225 943 suo
1244 878 1279 941 in
1301 879 1393 943 solo:
1413 892 1503 942 tanta

334 990 410 1055 fidei
443 987 562 1055 fiducia
586 1003 645 1054 est.
691 987 838 1054 Suadent
856 986 941 1054 freta
963 987 1067 1054 teneri
1091 988 1300 1054 Malaccense
1322 1003 1355 1052 et
1376 988 1504 1053 Sunda-

332 1121 421 1168 num.
469 1099 539 1166 Alii
571 1114 771 1166 commeatus
804 1098 948 1164 offerunt
982 1099 1023 1164 ad
1052 1099 1262 1165 obsidendam
1296 1098 1503 1178 Malacam,

332 1213 440 1280 sedem
473 1211 576 1294 ipsam
608 1210 802 1290 servitutis,
835 1211 974 1295 ejusque
1004 1210 1051 1275 rei
1084 1209 1154 1278 vias
1178 1224 1356 1276 ostentant.
1402 1209 1504 1296 Quod

333 1324 472 1407 amplius
496 1338 545 1390 est
567 1323 765 1389 Batavorum
790 1321 931 1387 amicitia
952 1321 1040 1404 ipsos
1062 1321 1147 1388 inter
1167 1341 1201 1388 se
1224 1320 1390 1387 conciliat.
1431 1319 1503 1404 Jam

333 1435 417 1500 inter
453 1433 672 1517 Taprobanen
704 1448 737 1498 et
773 1433 931 1499 Celonem
964 1432 1103 1500 insulam
1134 1431 1265 1498 foedera
1298 1446 1504 1511 commeant,

334 1544 480 1612 Candiae
504 1560 536 1610 et
557 1543 681 1610 Achini
702 1544 834 1628 regibus
853 1544 887 1609 in
908 1543 1088 1609 Lusitanos
1108 1543 1370 1628 conjurantibus.
1416 1543 1504 1607 Idem

333 1677 389 1724 rex
422 1657 625 1722 Achinensis
647 1672 758 1723 vetera
781 1656 815 1720 in
834 1656 1003 1740 Jorensem
1028 1655 1103 1722 odia
1131 1655 1372 1752 Hollandorum
1405 1654 1505 1738 gratia

333 1769 493 1848 remittit,
518 1787 688 1849 unumque
718 1759 879 1834 intereos
902 1783 1064 1834 certamen
1088 1783 1160 1848 est,
1184 1783 1257 1833 uter
1279 1770 1354 1850 plus
1375 1766 1506 1832 Batavis

333 1894 488 1962 praestet.
543 1879 648 1944 Multi
679 1878 734 1944 alii
757 1899 848 1962 reges
878 1894 987 1961 aperte
1009 1879 1258 1964 jamdudumin
1291 1897 1420 1944 causam
1450 1879 1507 1944 de-

335 1990 626 2072 scenderent,nisi
650 1989 841 2056 viderentur
863 1990 976 2057 batavi
998 1990 1038 2056 ad
1058 1990 1182 2056 bellum
1204 1989 1433 2056 Lusitanicum
1456 2010 1507 2055 re-

334 2102 511 2169 missiores.
557 2101 650 2187 Quid
680 2101 808 2185 igitur?
842 2101 975 2167 Haecne
1007 2102 1188 2167 animorum
1213 2101 1382 2168 inclinatio
1405 2102 1508 2187 proji-

334 2213 448 2279 cienda
478 2212 551 2279 est?
585 2213 665 2279 Non
697 2212 800 2278 dicam
831 2211 866 2278 id
897 2227 1009 2277 contra
1032 2213 1206 2279 utilitatem
1231 2233 1301 2280 esse
1322 2213 1508 2296 publicam:

334 2344 375 2391 ne
408 2325 572 2408 integrum
606 2323 739 2406 quidem
773 2339 845 2405 est,
876 2345 916 2390 ex
948 2345 1016 2406 quo
1048 2325 1180 2392 illorum
1207 2327 1307 2392 urbes
1329 2328 1508 2407 obsessae,

336 2437 403 2521 agri
433 2435 575 2517 vastati,
599 2435 674 2520 pagi
698 2435 886 2501 inflammati
910 2452 988 2503 sunt
1011 2458 1029 2501 a
1051 2437 1222 2504 Lusitanis
1244 2438 1443 2504 batavorum
1465 2439 1509 2502 ob

336 2547 520 2615 amicitiam.
577 2546 710 2634 Quodsi
743 2547 876 2613 omnino
919 2549 1092 2615 societates
1123 2549 1204 2614 istae
1238 2569 1305 2618 non
1346 2548 1509 2616 fovendae

335 2660 459 2740 modo,
484 2659 541 2724 sed
572 2658 760 2724 excitandae
784 2658 879 2724 ctiam
903 2660 1135 2744 augendaeque
1164 2675 1241 2727 sunt
1273 2661 1327 2744 (et
1360 2660 1509 2743 alioquin

336 2791 412 2837 sane
437 2770 533 2836 etiam
558 2770 627 2853 ipsa
645 2785 825 2836 mercatura
848 2771 1053 2855 amittitur),
1077 2772 1169 2854 quod
1189 2772 1340 2856 gentibus
1366 2773 1510 2838 externis

334 2882 479 2966 pignus,
504 2883 595 2964 quod
622 2881 698 2947 fidei
722 2881 893 2947 vinculum
917 2882 1005 2949 erit?
1030 2883 1068 2949 Id
1088 2883 1265 2963 nimirum,
1290 2884 1382 2965 quod
1406 2903 1508 2950 unum

336 3008 517 3076 appetunt,
551 3007 589 3057 ut
621 2993 826 3072 Lusitanos,
856 3013 998 3075 quorum
1022 3015 1056 3060 se
1079 2995 1190 3061 hostes
1214 2995 1328 3061 Batavi
1350 2994 1509 3077 profiten-

335 3120 412 3185 tur,
437 3104 596 3187 intrepide
618 3105 846 3190 aggrediantur
869 3119 1031 3188 agantque
1054 3126 1129 3171 cum
1140 3105 1207 3172 illis
1218 3106 1396 3172 hostiliter.
1421 3106 1506 3172 Nam

335 3217 423 3282 sicut
452 3236 511 3299 pro
543 3215 667 3284 meritis
695 3216 728 3281 in
751 3216 825 3282 illos
846 3216 1014 3282 vindicare
1035 3219 1161 3302 justum
1185 3232 1217 3282 et
1239 3218 1441 3297 honestum,
1465 3217 1510 3282 ita

336 3328 456 3394 eisdem
495 3347 626 3410 parcere
664 3328 748 3394 inter
787 3328 969 3411 suspiciosa
1005 3329 1143 3394 maxime
1183 3329 1340 3395 Indorum
1379 3327 1510 3412 ingenia

336 3439 557 3523 periculosum
591 3454 649 3506 est.
704 3441 788 3524 Ejus
817 3439 864 3506 rei
896 3459 1008 3506 recens
1039 3455 1266 3524 argumentum
1290 3441 1396 3506 debe..
1422 3423 1510 3505 'Rex

338 3552 485 3618 Candiae
506 3551 539 3616 in
562 3551 687 3617 Celone
709 3552 839 3632 insula,
862 3572 935 3618 cum
958 3573 996 3617 eo
1019 3552 1164 3618 venisset
1185 3573 1224 3616 ex
1246 3552 1402 3618 Zelandia
1422 3552 1512 3635 Spil·

338 3664 479 3747 bergm,
492 3679 618 3730 tantum
632 3664 666 3728 in
684 3683 736 3730 res
758 3664 895 3732 Batavas
916 3663 1062 3728 studium
1086 3664 1341 3744 demonstravit,
1365 3678 1405 3730 ut
1423 3679 1513 3730 totos

338 3775 408 3840 dies
440 3775 523 3841 nihil
558 3776 670 3857 aliud,
695 3775 759 3841 nisi
784 3776 823 3841 de
847 3775 984 3840 historia
1006 3776 1084 3841 belli
1108 3776 1204 3842 istius
1234 3776 1432 3842 nobilissimi
1463 3777 1513 3842 in·
1561 3853 1566 3860 ,

339 3885 506 3966 quireret‚

395 3997 515 4063 Malta
537 4013 635 4085 super
658 3999 797 4064 Priamo
823 4003 998 4086 rogitans,
1021 4015 1121 4085 super
1141 4001 1283 4064 Hectore
1305 4000 1415 4065 multa
1437 4006 1457 4066 ¹.

383 4110 505 4191 Neque
526 4110 733 4177 invictissimi
751 4109 912 4193 Principis
934 4110 1085 4176 Mauritii
1108 4111 1268 4194 effigiem,
1292 4129 1400 4194 neque
1420 4112 1514 4178 Neo-

339 4221 467 4302 portani
489 4221 602 4304 praelii
624 4222 783 4304 picturam
807 4222 1012 4305 inspiciendo
1035 4242 1189 4306 umquam
1212 4221 1399 4292 satiabatur.
1441 4222 1512 4307 Jam

340 4387 525 4395 ———---·.

374 4455 380 4485 ¹
402 4455 482 4516 [Virg.
502 4462 565 4502 Aen.
589 4470 607 4502 t.
627 4471 663 4504 vs.
680 4457 749 4516 750.]
