3316 5494
437 618 485 664 ora
508 618 602 686 June
627 619 813 666 antenna.
841 619 923 668 cnr.
948 621 999 668 xr.
1245 605 1305 684 165

131 791 246 838 verum
280 774 368 838 ultro
401 787 432 838 ct
463 774 526 838 hos
563 774 756 842 honoribus
780 789 999 841 remuneraret
1039 789 1071 841 et
1111 774 1186 840 illos
1217 775 1305 842 omni

133 904 234 968 opum
253 883 289 950 vi
309 884 484 970 affligeret,
508 885 553 950 ita
572 899 610 951 ut
625 885 762 956 dubium
783 901 868 952 esset
887 886 1009 954 nemini
1028 870 1068 953 'ac
1085 907 1126 953 ne
1146 886 1217 971 ipse
1231 887 1305 970 qui·

133 996 205 1062 dem
238 996 481 1078 dissimularet,
506 998 627 1063 bellum
656 997 689 1062 in
713 998 852 1064 Batavos
875 1016 937 1064 suo
958 1000 1078 1084 jussu,
1102 999 1172 1064 suis
1196 999 1305 1083 auspi-

133 1107 194 1173 ciis
225 1108 362 1190 suisque
393 1107 558 1174 sumtibus
588 1109 675 1194 geri,
709 1110 796 1176 unde
827 1109 996 1193 imperium
1030 1110 1178 1194 legitimo
1202 1111 1306 1194 nraJus

133 1240 190 1302 per
213 1239 301 1284 arma
323 1219 471 1286 affectare
499 1220 695 1301 videbatur,
720 1223 821 1288 telum
843 1221 926 1287 illud
950 1221 1102 1287 ultimum
1132 1240 1305 1305 oppressae

134 1331 317 1412 libertatis,
341 1331 433 1414 quod
456 1331 603 1417 Belgicae
625 1334 714 1418 leges
732 1332 852 1398 diserte
872 1333 1080 1414 concedunt,
1094 1348 1130 1399 ut
1150 1332 1305 1399 domesti-

134 1462 189 1509 cae
209 1442 347 1510 insidiae
369 1443 552 1509 vitarentur
574 1443 756 1512 necessario
780 1458 974 1527 usurpatum
997 1459 1058 1510 est.
1104 1445 1152 1510 Ita
1174 1445 1304 1512 decreto
1317 1437 1386 1484 ΑΜ
1402 1439 1463 1495 ¹⁵⁸¹·

136 1554 302 1620 Ordinum
331 1554 470 1638 potioris
491 1554 595 1640 belgii
619 1555 745 1638 partis,
770 1555 955 1642 etquidem
981 1577 1088 1622 earum
1111 1556 1304 1638 nationum,

135 1665 355 1748 quibusdum
378 1665 495 1748 licuit,
519 1667 583 1732 hoc
607 1682 714 1733 autem
737 1681 785 1734 est
806 1682 857 1734 tot
877 1668 942 1752 jam
955 1667 1115 1746 saeculis,
1140 1670 1230 1734 nulla
1241 1667 1306 1748 fuit

136 1776 291 1860 obsequii
314 1798 389 1862 erga
417 1778 586 1863 Principes
606 1779 821 1861 retinentior‚
844 1779 1018 1863 Philippus
1040 1779 1071 1844 ΙΙ
1093 1779 1196 1865 Belgii
1216 1779 1306 1863 prin-

135 1889 247 1973 cipatu
269 1904 388 1956 exutus
411 1905 480 1971 est,
504 1889 537 1955 in
562 1890 725 1957 Ordinum
746 1890 917 1974 imperium
942 1893 1097 1958 adversus
1115 1891 1305 1975 Philippum

133 2000 237 2086 jurari
269 2000 395 2084 coepit:
427 2021 569 2084 cumque
592 2002 646 2068 ille
672 2023 737 2067 non
762 2005 859 2068 modo
882 2003 969 2068 bello
991 2005 1096 2069 multo
1118 2023 1214 2084 quam
1233 2017 1306 2068 ante

136 2112 243 2178 acrius
275 2127 372 2196 atque
402 2113 552 2179 acerbius
584 2113 741 2196 instaret,
774 2134 887 2180 verum
918 2129 949 2180 et
972 2134 1179 2197 percussores
1202 2129 1306 2180 emtos

136 2224 221 2291 inter
252 2225 387 2306 publica
416 2244 501 2290 arma
534 2225 566 2290 in
598 2228 706 2310 legum
737 2225 884 2291 vindices
915 2225 1122 2304 immitteret,
1156 2240 1307 2308 suscepta

137 2351 251 2402 contra
284 2335 432 2402 defensio
457 2338 499 2402 ob
527 2338 653 2420 justum
678 2335 797 2402 infidae
817 2336 906 2419 pacis
923 2351 1044 2402 metum
1066 2336 1098 2400 in
1122 2336 1203 2402 haec
1226 2352 1306 2402 tem·

137 2468 217 2530 pora
249 2447 382 2514 ducitur
412 2449 568 2514 adversus
598 2448 788 2531 Philippum
817 2449 865 2513 III
895 2442 1125 2531 Hispaniarum
1159 2449 1307 2532 Regem,

138 2559 275 2626 secundi
296 2559 401 2625 lilium
423 2574 456 2625 et
477 2579 715 2639 successorem,
736 2561 874 2644 ejusque
895 2578 1037 2625 sororem
1050 2559 1220 2624 Isabellam
1233 2578 1306 2625 cum

139 2671 282 2736 Alberto
314 2671 491 2736 Austriaeo
512 2673 583 2756 ejus
606 2672 767 2756 conjuge,
794 2670 915 2753 quibus
936 2670 992 2754 jus
1012 2670 1116 2755 Belgii
1144 2685 1308 2736 eontracta

138 2798 175 2848 ut
201 2781 335 2848 videtur
366 2781 486 2848 fiducia
516 2782 763 2866 transscriptum
797 2798 865 2862 est,
898 2801 1076 2864 omnesque
1100 2802 1155 2847 eos
1185 2781 1243 2864 qui
1273 2781 1306 2846 in

138 2893 228 2960 illius
249 2907 306 2960 aut
328 2895 444 2959 borum
468 2909 545 2958 sunt
562 2893 720 2977 partibus.
936 2903 938 2906 ’

181 3005 220 3069 In
243 3025 282 3070 eo
312 3005 399 3070 bello
424 3005 620 3071 Batavorum
642 3005 728 3071 sicut
748 3005 865 3071 eximia
885 3003 1071 3085 fortitudo,
1096 3003 1141 3070 ita
1161 3003 1400 3088 singula-Artic-
1414 3005 1451 3053 Π·

140 3116 185 3182 ris
216 3117 403 3196 humanitas
432 3135 557 3200 semper
589 3117 734 3183 emicuit.
781 3114 990 3200 Longissima
1017 3114 1102 3182 enim
1125 3115 1306 3198 patientia,

140 3227 287 3294 contenti
313 3228 380 3294 vim
410 3227 530 3294 illatam
561 3248 578 3293 a
606 3228 675 3296 suis
704 3227 870 3311 capitibus
906 3228 1096 3311 propulsare
1127 3227 1307 3311 proximas·

141 3359 205 3422 que
228 3339 327 3404 urbes
345 3338 379 3404 in
403 3338 547 3404 eamdem
571 3359 710 3406 asserere
719 3340 923 3420 libertatem,
947 3338 1029 3404 nihil
1041 3337 1172 3422 gravius
1185 3337 1308 3404 inhos-

142 3465 205 3516 tem
234 3449 341 3516 moliti
370 3465 465 3516 sunt:
489 3465 558 3516 tum
591 3472 671 3518 vero
704 3470 920 3533 quaeeunque
940 3452 1029 3516 salva
1050 3449 1217 3533 republica
1238 3469 1309 3516 esse

141 3578 283 3646 possunt
317 3562 418 3643 belli,
451 3578 490 3628 ut
520 3562 565 3628 ita
596 3562 723 3643 dicam,
755 3561 973 3643 commercia,
997 3582 1033 3627 ea
1063 3560 1309 3647 religiosissime

142 3675 359 3741 observarunt
382 3688 434 3756 et,
457 3673 485 3738 si
506 3674 638 3755 quando
660 3673 855 3757 implacabili
877 3673 1022 3739 hostium
1042 3672 1177 3739 saevitia
1197 3687 1310 3740 contra

142 3785 308 3872 ingenium
329 3784 509 3852 severiores
532 3800 563 3851 et
584 3784 646 3868 ipsi
667 3805 736 3851 esse
759 3800 976 3871 cogerentur,
994 3799 1124 3867 paratos
1147 3804 1182 3850 se
1200 3799 1310 3850 osten-

142 3899 262 3965 derunt
289 3897 489 3964 tantumdem
512 3912 669 3980 quantum
692 3899 826 3978 hostes,
850 3897 1021 3963 autetiam
1041 3895 1181 3980 amplius
1202 3897 1311 3962 remit-

143 4026 228 4077 tere:
261 4029 453 4092 semperque
483 4010 523 4074 ab
544 4009 610 4080 illis
628 4007 784 4093 perfidiae
806 4024 838 4074 et
861 4008 1087 4102 crudelitatis,
1111 4010 1151 4074 ab
1172 4007 1225 4074 his
1246 4011 1309 4074 cle·

143 4122 282 4190 mentiae
317 4137 349 4188 et
372 4121 449 4188 fidei
479 4123 661 4206 exemplum
684 4120 759 4187 fuit.
805 4121 893 4186 Inter
913 4119 975 4185 alia
995 4141 1091 4187 nemo
1113 4119 1217 4187 nescit
1237 4139 1309 4185 eum

144 4255 216 4300 esse
245 4253 320 4300 orae
351 4233 473 4316 situm,
499 4255 566 4300 eam
598 4233 802 4300 sedulitatem
833 4233 1052 4313 batavorum,
1077 4246 1114 4296 ut
1143 4231 1269 4296 cunctis
1293 4252 1310 4297 e

144 4345 224 4412 locis
244 4345 277 4412 in
299 4345 434 4428 quaevis
465 4346 527 4410 alia
554 4367 676 4413 merces
698 4344 772 4410 hinc
800 4342 1060 4410 commodissime
1089 4356 1310 4425 transporten-

144 4470 220 4539 tur,
245 4455 333 4523 facto
355 4457 597 4541 quodammodo
617 4458 726 4526 adres
749 4455 925 4524 maritimas
945 4453 1059 4539 populi
1081 4453 1236 4538 ingeni0,
1255 4455 1309 4521 eui
