3362 5504
468 612 517 658 De
537 611 630 677 Juua
657 611 839 668 Pannona.
865 612 943 658 CAi‘.
969 613 1029 657 XV.
1272 612 1334 675 317

333 766 533 834 IV.Ur1Ln
559 786 767 833 aunacreua
795 787 979 833 anouassa
1007 784 1130 832 soc11s.

335 905 377 969 V.
409 904 534 969 Urina
557 923 765 970 arrnactaua
792 923 941 970 nocane
967 922 1156 968 nosrtnos.

335 1040 396 1106 VI.
410 1041 536 1105 Urrtr
562 1059 658 1109 ouon
685 1058 833 1105 raetia.

160 1178 257 1244 Pnns
274 1177 317 1242 Π.
333 1177 491 1250 Urinam
513 1196 595 1243 assa
622 1195 796 1242 annonas
823 1196 937 1262 nujus
959 1197 1235 1243 rossassronam.

650 1313 849 1378 Earroous.

204 1621 275 1706 Jam
298 1622 337 1687 de
357 1619 430 1685 utili
451 1621 621 1687 videamus
644 1624 719 1687 loco
741 1631 920 1706 postremo.
965 1624 1043 1686 Non
1066 1621 1182 1687 dubito
1206 1636 1335 1704 autem,

165 1733 247 1815 quin
267 1733 417 1798 futurum
441 1732 483 1798 sit
503 1748 539 1798 ut
559 1733 672 1800 multis
689 1735 768 1799 haec
786 1733 935 1799 tractatio
955 1753 1155 1816 supervacua
1167 1732 1336 1814 videatur,

165 1846 223 1928 qui
245 1867 318 1912 cum
341 1845 516 1912 utilitatem
536 1845 636 1910 lucris
659 1845 857 1925 metiantur,
876 1845 1037 1910 neminem
1059 1845 1223 1927 putabunt
1244 1843 1337 1928 igno-

165 1979 257 2040 rare,
283 1979 379 2039 quam
410 1957 454 2024 sit
485 1957 574 2023 utilis
602 1956 739 2040 praedae
762 1957 985 2041 comparati0,
1011 1957 1097 2022 unde
1118 1957 1163 2022 rei
1185 1955 1337 2021 familiari

164 2086 291 2136 tantum
324 2069 468 2136 accedat.
513 2069 637 2134 Verum
671 2089 755 2154 ego,
789 2069 847 2151 qui
880 2069 924 2134 ita
947 2069 1080 2151 accepi,
1116 2088 1184 2133 eam
1208 2067 1337 2132 demum
1351 2077 1412 2122 Pars
1426 2076 1447 2121 1·

165 2202 274 2248 veram
308 2201 377 2247 esse
405 2181 610 2270 utilitatem,
636 2201 719 2262 quae
750 2182 790 2246 ab
821 2183 960 2248 honesto
989 2196 1021 2246 et
1046 2181 1137 2264 justo
1159 2200 1337 2261 numquam

164 2294 370 2379 sejungitur,
396 2292 553 2358 sicutista
565 2291 592 2359 si
606 2294 779 2373 abessent,
803 2293 944 2358 hominis
958 2292 1172 2372 existimarem
1185 2291 1338 2376 profliga-

165 2405 282 2470 tissimi
306 2405 480 2470 utilitatem
501 2419 689 2485 ostentare,
715 2404 759 2469 ita
784 2425 869 2470 nune
889 2425 962 2470 cum
987 2404 1117 2485 adsint,
1143 2407 1226 2469 hanc
1242 2404 1338 2470 etiam

165 2537 231 2585 non
267 2517 419 2598 aliunde,
452 2538 548 2599 quam
582 2537 620 2581 ex
650 2517 715 2582 illis
749 2517 964 2583 derivaverim
984 2521 1006 2583 ¹.
1053 2517 1139 2582 Nam
1170 2531 1203 2582 et
1228 2516 1339 2581 alibi²

166 2628 371 2696 ostendimus
401 2629 565 2694 hominem
595 2629 721 2713 justum
745 2630 796 2694 vel
823 2628 996 2711 praecipue
1017 2628 1080 2694 sibi
1107 2628 1221 2693 utilem
1246 2647 1338 2708 esse,
1353 2644 1497 2690 arnamar.

166 2742 252 2807 unde
283 2755 314 2806 et
344 2741 436 2807 Plato
460 2741 493 2805 in
514 2740 661 2825 justitiae
684 2739 837 2806 laudibus
859 2746 870 2780 ³
893 2759 959 2807 non
988 2740 1086 2806 modo
1110 2739 1245 2824 gloriam
1270 2739 1339 2805 sive

164 2857 311 2935 εὐδοξίαν,
344 2853 455 2918 sedet
477 2854 679 2936 voluptatem
705 2851 776 2918 sive
805 2852 978 2917 utilitatem
1001 2851 1208 2936 spectandam
1230 2866 1337 2935 putat.

167 2964 325 3030 Similiter
346 2965 387 3030 ad
406 2965 580 3032 honestum
598 2965 688 3047 quod
707 2963 845 3044 attinet,
865 2964 935 3030 sive
955 2965 1018 3030 hoc
1038 2964 1144 3046 ipsum
1165 2983 1240 3029 cum
1266 2963 1338 3028 utili
1352 2989 1474 3036 patrm,

166 3075 348 3143 necessario
370 3079 584 3161 conjunctum
607 3096 757 3158 perversa
783 3077 939 3157 quaedam
962 3091 994 3142 et
1015 3096 1092 3141 vere
1118 3076 1261 3141 humano
1286 3095 1339 3160 ge·
1354 3047 1384 3090 Π·

167 3189 238 3254 neri
260 3189 392 3255 funesta
414 3190 498 3255 ratio
522 3188 683 3268 divulsit,
708 3188 777 3254 sive
799 3188 832 3253 in
855 3190 982 3254 cunetis
1002 3208 1084 3271 quae
1108 3187 1202 3253 utilia
1225 3187 1337 3252 dicun·

167 3317 245 3383 tur,
270 3302 304 3367 id
327 3301 419 3385 quod
440 3302 615 3367 honestum
638 3316 687 3366 est
708 3300 838 3366 excellit
860 3300 998 3366 maxime
1028 3316 1059 3366 et
1082 3301 1339 3383 praeponderat,

167 3415 251 3480 illud
282 3433 357 3479 sane
381 3414 466 3480 inter
494 3433 629 3493 omnes,
664 3414 723 3496 qui
755 3415 917 3480 bonosae
946 3413 1056 3480 haberi
1079 3415 1220 3492 volunt,
1243 3410 1340 3477 facile

168 3525 355 3605 constabit,
379 3546 438 3591 nec
471 3525 651 3608 quidquam
682 3526 772 3608 quod
795 3540 890 3608 turpe
914 3540 985 3605 est,
1009 3545 1120 3590 revera
1144 3524 1224 3589 utile
1248 3541 1338 3603 esse,

167 3658 226 3705 nec
260 3638 440 3720 quidquam
474 3638 565 3719 quod
596 3639 770 3703 honestum
800 3652 871 3717 est,
900 3657 966 3702 non
998 3638 1059 3701 hoc
1084 3636 1156 3718 ipso
1178 3634 1352 3717 expedire.'
1380 3695 1383 3700 .

168 3750 275 3836 Quam
307 3749 340 3814 in
371 3766 493 3833 partem
524 3749 665 3834 plurima
688 3771 705 3814 a
730 3749 846 3814 Tullio
875 3748 1066 3814 Officiorum
1098 3745 1222 3813 libris*
1252 3747 1339 3813 dicta

167 3878 268 3944 sunt,
304 3863 391 3946 apud
414 3883 510 3944 quem
536 3877 568 3928 et
590 3863 670 3929 haec
694 3862 862 3929 invenitur
885 3859 1140 3946 argumentatio:
1176 3858 1343 3944 quidquid

157 3976 291 4060 justam
325 3991 371 4040 est
404 3975 442 4040 id
472 3975 577 4040 atila:
612 3974 701 4060 quad
726 3990 837 4039 autem
861 3976 1028 4038 honestum
1052 3972 1135 4038 idem
1161 3985 1191 4036 et
1205 3973 1338 4057 justum

167 4103 236 4153 est:
262 4109 302 4152 ex
326 4109 388 4173 qao
413 4089 552 4175 efficitur
576 4102 613 4152 ut
637 4086 805 4172 quidquid
825 4089 993 4151 honestum
1008 4098 1073 4164 est,
1093 4083 1178 4149 idem
1190 4087 1234 4147 sit
1245 4083 1338 4148 atil.

168 4284 361 4292 ———

204 4387 263 4436 ¹ex
290 4399 347 4446 cap.
374 4399 413 4434 12.
437 4398 476 4442 13.
494 4397 519 4434 et
538 4399 575 4448 14.
610 4383 712 4445 ²supra
729 4384 754 4432 in
773 4398 828 4444 cap.
849 4398 870 4432 1.
887 4396 911 4432 et
930 4383 1013 4444 princ.
1034 4397 1090 4442 cap.
1107 4396 1131 4430 a.
1166 4379 1221 4429 ³in
1238 4381 1340 4442 dialogo

171 4480 203 4527 de
220 4477 297 4536 justo.
331 4477 343 4509 ⁴
360 4477 405 4525 lib.
421 4489 445 4534 ³·
461 4476 554 4538 passim
571 4488 595 4525 et
613 4476 658 4524 lib.
675 4489 699 4534 ³·
718 4477 750 4525 de
768 4474 839 4523 finib.
860 4475 896 4536 [c.
914 4489 955 4523 ar.
972 4477 993 4532 §-
1010 4474 1064 4535 71.]
