3326 5506
354 613 415 676 174
666 615 713 661 DE
737 615 831 682 JURE
857 613 1040 662 Pannona.
1067 614 1147 663 CAP.
1172 615 1221 663 xl.

350 767 429 834 olim
450 766 572 835 Veneti
601 791 675 837 cum
699 767 810 836 Indiae
832 767 965 852 populis
988 784 1149 836 mercatus
1171 752 1419 838 exercuerunt?
1437 772 1530 859 Quid

350 879 443 961 quocl
471 900 558 946 nunc
590 880 686 948 etiarn
717 881 816 946 altera
837 896 985 964 exparte
1010 880 1163 963 Arabes,
1188 901 1227 948 ex
1250 884 1348 948 altera
1373 882 1529 952 Sinenses

348 990 391 1057 ad
408 992 549 1059 eamdem
570 991 824 1077 negotiationem
846 991 1072 1060 concurrunt?
1096 993 1318 1060 Audebuntne
1336 994 1446 1061 adhuc
1459 995 1528 1060 Lu-

349 1102 445 1169 sitani
469 1105 542 1189 ejus
565 1119 689 1187 partem
713 1103 785 1170 aliis
807 1121 951 1188 negare,
975 1104 1066 1185 quod
1090 1103 1153 1186 ipsi
1176 1119 1283 1172 toturn
1303 1123 1363 1172 nec
1385 1106 1527 1189 habent,

350 1233 409 1282 nec
440 1215 559 1281 habere
580 1214 744 1298 possunt‘l
765 1215 836 1300 Jam
858 1233 936 1284 vero
962 1230 995 1281 ct
1017 1215 1101 1282 illud
1121 1215 1268 1297 accedit,
1293 1217 1385 1299 quod
1403 1219 1527 1284 multae

348 1325 422 1391 istis
443 1326 645 1410 temporibus
668 1326 825 1392 Indorum
844 1325 993 1394 nationes
1016 1326 1254 1394 Lusitanorum
1276 1347 1342 1394 non
1366 1348 1527 1396 commer-

347 1435 397 1503 cia
428 1452 580 1518 tantuna,
604 1437 664 1504 sed
685 1451 873 1503 contactum
898 1436 994 1505 etiam
1018 1453 1253 1521 aspectumque
1277 1441 1525 1508 aversabantur.
1616 1428 1619 1433 ’
1645 1427 1646 1442 ’

347 1547 427 1614 Non
455 1548 540 1615 enim
571 1548 639 1615 illic
671 1562 709 1615 ut
738 1563 935 1615 mercatores
964 1547 1190 1631 aspiciuntur,
1222 1549 1281 1616 sed
1308 1565 1346 1616 ut
1378 1565 1525 1635 raptores

347 1659 469 1741 alieni,
504 1679 716 1745 oppressores
745 1660 905 1727 humanae
938 1658 1121 1740 libertatis,
1155 1679 1221 1728 non
1253 1659 1388 1727 avaritia
1411 1660 1522 1728 minus

348 1792 445 1853 quam
466 1771 653 1838 dominandi
678 1772 834 1855 cupidine
858 1772 1049 1856 flagrantes:
1074 1770 1119 1836 ita
1142 1785 1180 1838 ut
1201 1770 1522 1853 illisnemoutatur,

347 1882 410 1952 nisi
432 1898 596 1964 quatenus
618 1903 726 1949 carere
749 1902 815 1950 non
835 1895 955 1966 potest.
1002 1882 1088 1948 Nam
1111 1881 1263 1948 Lusitani
1287 1883 1522 1966 cumprimum

347 1994 381 2060 in
405 2015 473 2061 eam
486 1993 576 2060 orbis
588 2009 711 2078 partem
724 2009 900 2074 venerunt,
924 1993 1065 2062 coloniis
1076 1992 1273 2076 arcibusque
1284 1993 1425 2076 positis,
1444 1996 1523 2079 (nec

347 2105 431 2172 enim
455 2106 608 2172 videbant
630 2106 709 2173 satis
730 2105 925 2190 indigenae,
950 2105 1032 2188 quid
1054 2105 1126 2171 istis
1139 2104 1418 2172 exstructionibus
1429 2121 1521 2189 pete·

346 2219 454 2302 retur)
476 2217 624 2300 proxima
644 2237 794 2300 quaeque
816 2217 850 2283 in
874 2216 1045 2284 servitium
1067 2231 1243 2283 traxerunt.
1290 2215 1370 2283 Mox
1393 2218 1522 2284 domes-

346 2326 422 2394 ticis
451 2329 607 2395 Indorum
637 2328 731 2394 bellis
762 2326 938 2411 permixti,
963 2347 1104 2410 quorum
1127 2327 1190 2410 ipsi
1211 2329 1405 2411 plerumque
1429 2328 1523 2395 insti-

347 2453 478 2524 gatores
513 2453 627 2519 erant,
658 2439 693 2505 in
721 2455 843 2524 partem
868 2439 1027 2507 victoriae
1049 2454 1226 2506 venerunt:
1250 2440 1373 2521 quibus
1396 2440 1522 2506 artibus

347 2565 475 2618 auctam
508 2551 688 2635 potentiam
722 2551 840 2617 deinde
866 2550 900 2616 in
931 2550 1007 2618 illos
1028 2551 1219 2632 vertebant,
1250 2569 1391 2632 quorum
1426 2570 1522 2634 opera

346 2661 516 2729 vicissent.
562 2663 611 2728 lta
643 2662 813 2729 collocatis
843 2662 963 2746 passim
997 2661 1169 2746 praesidiis
1198 2661 1376 2730 maritimae
1405 2678 1522 2744 poten·

346 2772 410 2840 tiae
442 2773 582 2856 fiducia,
616 2789 734 2841 cuncta
764 2773 816 2840 sui
846 2773 1022 2840 formidine
1046 2773 1232 2856 implerunt.
1278 2772 1364 2840 Nam
1393 2772 1521 2840 incom-

345 2885 500 2969 parabilis
521 2889 667 2970 exempla
689 2885 867 2970 perfidiae,
891 2905 1067 2968 puerorum
1078 2900 1110 2950 et
1128 2882 1322 2952 feminarum
1333 2883 1520 2969 principum

345 2997 508 3079 laniatus,
542 2997 662 3065 infesta
689 2997 925 3064 Lusitanorum
957 2995 1127 3063 veneficiis
1150 3015 1271 3081 regna,
1296 2996 1520 3063 crudelitatem

339 3108 380 3174 in
420 3109 568 3176 subditas
609 3108 782 3191 sociasque
821 3123 934 3193 gentes
968 3106 1214 3187 detestabilem,
1245 3106 1470 3191 Hispanorum
1505 3130 1520 3174 e

345 3219 476 3304 scriptis
507 3240 605 3302 quam
637 3219 748 3285 verbis
775 3219 856 3286 meis
880 3218 1004 3286 discere
1025 3220 1180 3287 lectorem
1203 3220 1299 3284 malo.
1346 3217 1520 3286 Testatum

346 3329 432 3396 enim
464 3332 542 3397 volo
574 3349 640 3396 non
671 3344 708 3396 ut
727 3329 892 3398 nationem
917 3333 1016 3397 ullam
1043 3329 1226 3397 maledictis
1247 3330 1463 3414 insequerer,
1487 3331 1518 3396 in

345 3443 434 3508 bunc
463 3440 593 3507 dicendi
622 3461 770 3525 campum
795 3462 846 3509 me
868 3443 1089 3525 processisse,
1114 3442 1171 3508 sed
1194 3456 1231 3507 ut
1251 3439 1396 3508 facinora
1415 3442 1519 3527 aperi·

344 3573 433 3636 rem,
456 3572 596 3636 quorum
615 3552 765 3620 notitiam
788 3573 886 3620 causa
908 3553 1081 3620 desiderat,
1126 3554 1237 3641 Quare
1261 3568 1293 3620 et
1313 3554 1429 3620 merito
1451 3575 1518 3622 eam

343 3664 472 3733 veniam
507 3663 711 3748 impetrabo,
735 3685 830 3749 quam
860 3666 1026 3752 litigantes
1048 3668 1179 3746 solent,
1203 3685 1277 3731 cum
1301 3666 1516 3734 adversarium

345 3792 401 3843 aut
432 3791 534 3844 testes
563 3777 597 3842 in
628 3797 662 3844 se
685 3779 864 3861 productos
892 3777 1072 3846 refellendo
1093 3777 1213 3862 injuria
1236 3777 1359 3844 afficere
1381 3797 1449 3844 non
1470 3779 1517 3846 vi·

344 3889 474 3955 dentur.
522 3888 570 3955 Ita
591 3909 666 3956 sane
687 3889 835 3973 plerique
851 3889 1020 3974 judicant,
1045 3889 1072 3959 si
1093 3909 1145 3956 res
1169 3889 1202 3956 in
1222 3889 1371 3956 America
1393 3890 1516 3956 Castel-

341 4003 491 4067 lanorum
526 4016 558 4067 et
592 4000 828 4068 Lusitanorum
865 4001 952 4084 apud
986 4002 1085 4068 Indos
1115 4001 1352 4082 conferantur,
1387 4000 1515 4068 illorum

342 4113 558 4197 violentiam,
591 4114 709 4180 borum
739 4112 908 4197 perfidiam
934 4114 1039 4179 multo
1062 4108 1273 4198 insigniorem
1294 4112 1386 4179 fore:
1410 4133 1515 4196 neque

342 4224 427 4292 enirn
448 4225 618 4293 Lusitanis
637 4225 746 4293 minus
766 4243 836 4291 esse
858 4224 1024 4305 malitiae,
1047 4225 1105 4292 sed
1125 4223 1320 4292 Castellanis
1332 4226 1407 4308 plus
1419 4223 1513 4290 animi

342 4352 375 4404 ct
404 4338 541 4404 roboris.
588 4337 679 4404 Haec
703 4336 804 4422 igitur
823 4335 914 4404 Indis
935 4335 1004 4404 odii
1023 4357 1142 4414 causa,¹
1165 4335 1294 4402 Batavis
1323 4335 1512 4421 navigandi:

343 4467 410 4533 quo
435 4469 474 4515 ex
493 4464 639 4533 tempore
661 4447 744 4548 nibil
765 4463 829 4516 tarn
855 4447 990 4532 impium
1012 4462 1144 4532 tamque
1155 4446 1312 4516 nefarium
1324 4447 1413 4531 fuit,
1427 4445 1513 4531 quod
