3326 5506
323 630 387 690 214
628 628 675 674 DF.
698 626 793 694 Juus
820 623 1002 671 Pannona.
1029 623 1107 669 CAP.
1134 621 1199 668 ΧΠ.

323 784 475 862 debeant,
500 782 595 865 quasi
614 780 738 848 nullius
758 795 831 846 ante
850 779 1009 856 fuissent,
1032 799 1140 862 neque
1159 797 1236 845 cum
1247 778 1378 844 illorum
1391 788 1505 843 essent

323 896 396 962 aliis
426 909 514 961 recte
548 893 673 977 acquiri
696 891 888 975 potuerint,
912 890 1065 974 sequitur
1088 891 1245 957 Indorum
1268 890 1435 973 populos,
1459 887 1503 953 de

323 1007 445 1090 quibus
476 1025 537 1072 nos
568 1004 760 1087 loquimur,
791 1002 1026 1069 Lusitanorum
1060 1003 1212 1086 proprios
1236 1020 1302 1067 non
1325 1018 1419 1079 esse,
1442 997 1505 1065 sed

323 1119 444 1186 liberos
467 1133 499 1184 et
521 1116 573 1185 sui
594 1117 702 1202 iuris,
737 1115 777 1181 de
801 1134 869 1198 quo
891 1114 956 1198 ipsi
979 1115 1131 1180 doctores
1156 1112 1297 1196 Hispani
1318 1125 1326 1158 ¹
1348 1130 1416 1177 non
1439 1109 1503 1174 du·

324 1230 442 1296 bitant.
490 1228 527 1295 Si
560 1248 637 1313 ergo
669 1229 704 1294 in
733 1227 878 1310 populos
908 1241 1076 1310 terrasque
1110 1241 1142 1292 et
1173 1225 1315 1292 ditiones
1346 1221 1503 1289 Lusitani

322 1342 377 1426 jus
399 1342 527 1407 nullum
550 1339 804 1422 quaesiverunt,
838 1338 1009 1404 videamus
1031 1357 1069 1404 an
1092 1355 1178 1403 mare
1201 1352 1234 1402 et
1256 1334 1501 1420 navigationem

168 1459 247 1504 n-ur.
262 1457 381 1518 Maur
412 1439 623 1518 mercaturam
653 1451 705 1517 sui
732 1450 816 1535 juris
845 1449 950 1516 facere
979 1449 1158 1534 potuerint.
1204 1449 1257 1514 De·
1281 1447 1361 1514 mari
1390 1459 1500 1512 autem

324 1562 427 1646 prima
450 1564 493 1630 sit
512 1563 752 1643 considerati0,
777 1564 871 1645 quod
892 1582 966 1627 curn
987 1560 1109 1644 passim
1131 1561 1165 1626 in
1183 1562 1257 1646 jure
1277 1573 1333 1625 aut
1350 1557 1501 1636 nullius,

326 1691 383 1742 aut
402 1695 597 1755 commune,
622 1690 679 1741 aut
701 1675 871 1758 publicum
892 1673 976 1758 juris
996 1671 1143 1758 gentium
1156 1671 1304 1754 dicatur,
1328 1671 1502 1736 haevoces

326 1787 409 1869 quid
435 1786 622 1872 significent
648 1786 694 1853 ita
725 1784 988 1853 commodissime
1014 1783 1252 1866 explicabitur,
1277 1782 1303 1848 si
1325 1796 1441 1864 poetas
1458 1782 1501 1846 ab

327 1899 475 1965 Hesiodo
497 1918 609 1964 omnes
629 1913 662 1964 et
683 1898 945 1981 philosophoset
961 1896 1219 1982 jurisconsultos
1238 1908 1366 1960 veteres
1379 1892 1500 1959 imitati

326 2010 359 2077 in
378 2025 525 2093 tempora
543 2010 785 2095 distinguamus
808 2029 867 2090 ea,
891 2029 976 2091 quae
995 2022 1140 2090 ternpore
1158 2005 1246 2074 forte
1265 2005 1354 2072 haud
1373 2006 1498 2090 longo,

325 2138 412 2189 certa
431 2138 537 2188 tamen
556 2122 682 2188 ratione
702 2137 734 2188 et
751 2121 804 2188 sui
824 2135 939 2186 natura
958 2120 1100 2186 discreta
1119 2133 1208 2186 sunt.
1254 2119 1376 2201 Neque
1401 2117 1500 2184 nobis

324 2233 409 2300 vitio
437 2235 521 2300 verti
554 2234 673 2316 debet,
707 2233 734 2299 si
763 2233 796 2299 in
822 2233 906 2319 juris
937 2253 955 2298 a
982 2247 1099 2298 natura
1126 2231 1339 2314 procedentis
1357 2229 1500 2313 explica-

326 2345 416 2412 tione
438 2346 632 2412 auetoritate
659 2360 693 2412 et
713 2344 823 2412 verbis
845 2363 956 2411 eorum
979 2344 1125 2424 utimur,
1150 2363 1235 2426 quos
1255 2356 1386 2409 constat
1404 2356 1501 2408 natu·

168 2463 289 2529 nnvau-
326 2456 384 2521 rali
411 2457 539 2542 judicio
568 2457 746 2540 plurimum
775 2455 930 2524 valuisse.
976 2455 1154 2521 Sciendum
1184 2468 1234 2520 est
1259 2454 1360 2539 igitur
1379 2454 1415 2522 in
1433 2454 1502 2537 pri-

167 2520 275 2563 clarano.

173 2584 314 2685 mx.
327 2567 463 2634 mordiis
483 2569 572 2635 vitae
600 2570 758 2634 humanae
778 2568 868 2635 aliud
889 2587 987 2649 quam
1006 2586 1094 2633 nunc
1115 2581 1164 2634 est
1182 2565 1387 2647 dominium,
1409 2565 1503 2632 aliud

327 2680 589 2747 communionem
619 2680 734 2746 fuisse.
780 2680 866 2745 Nam
897 2679 1078 2746 dominium
1109 2698 1198 2744 nune
1222 2677 1391 2761 proprium
1418 2676 1504 2760 quid

325 2791 490 2878 significat
509 2794 541 2876 ²,
568 2793 659 2876 quod
679 2792 807 2860 scilicet
827 2792 873 2858 ita
894 2807 944 2858 est
965 2791 1127 2875 alicujus,
1151 2804 1188 2856 ut
1210 2788 1344 2855 alterius
1365 2807 1435 2855 non
1457 2789 1505 2854 sit

327 2906 441 2972 eodem
474 2905 585 2973 modo.
634 2906 819 2972 Commune
851 2918 959 2970 autem
992 2901 1155 2984 dicimus,
1188 2901 1285 2986 cujus
1316 2900 1503 2984 proprietas

326 3018 411 3083 inter
444 3020 556 3101 plures
596 3017 765 3084 consortio
807 3016 949 3099 quodam
985 3029 1042 3080 aut
1076 3031 1240 3080 consensu
1274 3015 1393 3078 collata
1427 3026 1504 3093 est,

327 3129 469 3196 exclusis
492 3130 576 3196 aliis.
622 3130 827 3214 Linguarum
860 3141 1034 3210 paupertas
1057 3126 1167 3210 coegit
1187 3144 1289 3192 voces
1311 3125 1441 3191 easdem
1465 3125 1504 3190 in

325 3262 360 3306 re
383 3261 450 3307 non
474 3243 584 3308 eadem
615 3261 783 3326 usurpare.
829 3240 875 3305 Et
897 3240 945 3306 sit
968 3238 1031 3304 ista
1053 3237 1157 3304 nostri
1180 3237 1281 3304 moris
1302 3238 1437 3303 nomina
1459 3238 1504 3304 ad

324 3355 379 3438 jus
411 3353 495 3419 illud
523 3353 699 3435 pristinum
729 3351 944 3419 similitudine
969 3351 1107 3433 quadam
1132 3364 1165 3415 et
1187 3348 1327 3434 imagine
1349 3347 1503 3416 referun-

327 3480 391 3532 tur.
438 3465 622 3530 Commune
644 3463 745 3548 igitur
767 3479 847 3529 tunc
871 3483 937 3530 non
961 3460 1160 3542 alludium,
1185 3481 1282 3543 quam
1306 3461 1400 3543 quod
1422 3461 1504 3528 sim-

327 3575 460 3661 pliciter
489 3574 625 3660 proprio
656 3574 845 3659 opponitur.
891 3573 1086 3640 Dominium
1119 3587 1227 3638 autem
1261 3569 1404 3639 facultas
1433 3591 1503 3639 non

326 3687 449 3773 injusta
472 3687 587 3755 utendi
610 3707 644 3754 re
668 3686 834 3753 communi
854 3685 900 3767 ³‚,
921 3705 1019 3768 quem
1043 3704 1138 3750 usum
1163 3683 1369 3750 scholasticis
1390 3683 1502 3752 visum

327 3815 377 3866 est
408 3799 511 3882 facti,
544 3820 610 3866 non
640 3799 724 3884 juris
756 3815 873 3866 vocare
892 3797 928 3878 ¹,
964 3797 1043 3878 quia
1074 3795 1132 3878 qui
1155 3813 1243 3862 nunc
1266 3796 1395 3881 injure
1418 3815 1502 3863 usus

326 3993 522 4004 tan-—

361 4107 369 4140 ¹
397 4107 464 4157 Vlct.
492 4107 517 4155 in
547 4121 567 4155 r.
593 4110 680 4156 relect.
707 4109 739 4156 de
766 4107 842 4154 ludis.
870 4106 895 4154 in
923 4106 981 4156 fine.
1011 4105 1047 4170 [n.
1078 4104 1128 4169 rs]
1166 4104 1177 4138 ²
1204 4107 1233 4155 V.
1260 4108 1301 4154 Gl.
1328 4119 1353 4155 et
1372 4109 1501 4156 Castrens.

327 4199 353 4246 in
371 4201 388 4246 1.
406 4213 437 4248 ex
459 4201 509 4247 boc
530 4196 594 4254 jure.
619 4197 662 4262 [D.
688 4211 709 4245 1.
735 4213 755 4246 1.
775 4197 811 4262 5.]
831 4209 856 4245 et
875 4211 897 4244 c.
915 4197 955 4254 jus
973 4201 1094 4246 naturale.
1114 4197 1172 4247 dist.
1194 4212 1215 4246 1.
1237 4197 1324 4261 [Dect.
1344 4199 1415 4246 Grac.
1433 4214 1459 4260 p.
1480 4214 1502 4248 1.

329 4303 351 4338 1.
368 4290 404 4352 7.]
440 4289 503 4337 ³V.
525 4292 601 4350 Vasq.
626 4300 744 4338 controv.
770 4302 817 4338 usu
834 4289 899 4349 freq.
918 4302 940 4337 c.
962 4303 982 4338 ι.
1000 4303 1025 4337 n.
1046 4303 1084 4337 10.
1118 4289 1170 4337 ⁴c.
1189 4289 1252 4338 exiit
1271 4289 1314 4350 qui
1333 4290 1450 4339 seminat.
1469 4293 1501 4340 de

326 4381 398 4428 verb.
416 4382 478 4442 sign.
496 4383 522 4430 in
539 4381 575 4430 6⁰.
595 4382 732 4443 [Decretal.
750 4380 777 4428 in
795 4370 831 4428 6⁰.
851 4391 873 4434 5.
895 4394 932 4428 12.
950 4381 986 4443 3.]
1007 4382 1086 4429 clem.
1105 4381 1175 4430 exivi
1194 4383 1226 4430 de
1244 4380 1373 4430 Paradiso.
1383 4383 1415 4430 de
1426 4383 1500 4430 verb.

326 4471 389 4531 sign.
409 4471 501 4535 [Clcm.
519 4484 601 4520 const.
621 4483 644 4527 s.
665 4483 691 4519 11
723 4469 756 4534 1.]
