3310 5482
351 635 391 700 50
645 635 692 680 os
714 635 809 702 June
834 635 1018 682 aharons.
1045 634 1126 682 cnr.
1153 637 1203 683 ιν.

341 798 414 881 jure
447 806 579 858 litturae
606 789 756 873 praedam
782 785 791 821 ¹
813 789 891 855 oriri
920 791 1091 873 probatum
1125 804 1196 872 est,
1221 792 1313 874 quod
1332 806 1364 856 et
1384 791 1417 856 in
1440 791 1513 857 aliis

344 903 561 972 animantibus
588 899 811 984 conspicitur,
835 899 900 966 illis
922 900 1019 966 etiam
1043 922 1127 984 quae
1151 902 1305 986 gregatim
1336 917 1514 985 pascuntur

344 1031 401 1083 aut
421 1017 552 1083 volant:
576 1033 649 1080 nam
670 1032 743 1078 cum
765 1011 844 1078 alias
866 1029 1017 1094 possessa
1037 1013 1224 1095 relinquant
1243 1013 1513 1096 possidentibus,

344 1129 429 1194 idern
450 1141 557 1192 tamen
580 1143 646 1192 non
667 1121 794 1189 faciunt
811 1122 935 1205 praelio
954 1123 1099 1190 irritata:
1123 1145 1191 1207 quo
1211 1125 1294 1192 illud
1316 1123 1483 1190 Plutarchi
1500 1123 1512 1158 ¹

343 1237 455 1306 referri
477 1252 602 1321 potest:
622 1240 698 1305 οὐδὲν
728 1240 833 1310 αὐτοὺς
866 1238 949 1304 δεινὸν
979 1237 1132 1306 οὐδὀίδμον
1162 1244 1327 1312 ποιοῦντος,
1358 1240 1442 1306 ἀλλὰ
1470 1240 1512 1320 τῷ

342 1351 537 1434 πρεσβυτάτῳ
556 1357 612 1418 τῶν
632 1349 722 1430 νίμοον
739 1350 975 1422 ἀκολουθοῦντος,
994 1343 1023 1422 la
1043 1351 1083 1430 τῷ
1103 1350 1236 1430 κρείττονε
1255 1351 1297 1416 τοὶ
1316 1354 1372 1414 τῶν
1391 1347 1514 1424 ἡττόνων

341 1465 469 1538 hilarata„
484 1460 642 1544 ἀρχόμενος
663 1461 723 1526 altri
744 1463 796 1526 τοῦ
807 1460 867 1524 θεοῦ
889 1459 939 1526 ital
961 1466 1101 1526 τελευτῶν
1112 1461 1151 1532 εἷο
1172 1459 1313 1540 τάίνίροοο.
1357 1455 1464 1521 Nihil
1480 1477 1514 1522 sa

345 1583 406 1636 aut
426 1591 534 1657 grata
554 1582 615 1634 aut
637 1571 789 1653 iniquum
804 1566 947 1650 faceta,
971 1565 1028 1632 saal
1037 1567 1381 1653 jurantiquitsimuaa
1395 1571 1487 1652 saqui
1498 1613 1512 1648 ,

343 1680 431 1768 quod
454 1702 506 1746 ras
528 1679 730 1765 inferiarum
752 1677 978 1764 superioribus
998 1676 1195 1764 largiatur,
1218 1700 1241 1744 a
1261 1677 1332 1743 Deo
1351 1681 1512 1764 incipiens

345 1806 377 1858 ct
399 1796 436 1857 ia
459 1793 579 1858 bestias
603 1791 775 1856 desinant:
811 1808 962 1871 quaeque
984 1803 1062 1856 sunt
1085 1787 1118 1852 in
1142 1788 1269 1873 Gorgia
1301 1788 1447 1856 Platonis
1479 1804 1513 1854 et

345 1903 464 1988 passim
486 1903 572 1985 apud
594 1915 743 1968 auctores
764 1899 797 1968 in
819 1899 901 1965 hanc
923 1899 1128 1968 sententiam.
1172 1899 1219 1966 Et
1241 1901 1305 1966 hoc
1326 1900 1433 1984 ipsum
1456 1902 1512 1986 jus

345 2034 415 2082 esse
439 2029 595 2088 naturae,
620 2011 711 2094 quod
733 2010 830 2077 etiam
853 2009 938 2076 inter
960 2009 1043 2076 feras
1063 2013 1191 2092 valeat,
1212 2010 1377 2096 Josephus
1399 2011 1512 2095 prodi-

343 2126 393 2192 dit
416 2138 448 2190 et
469 2143 537 2192 non
559 2143 626 2189 uno
648 2124 722 2188 loco
745 2121 910 2188 Aristides
921 2121 944 2189 ⁸.
975 2121 1199 2204 Philosophus
1216 2133 1229 2166 ⁴
1249 2123 1365 2188 etiam:
1384 2128 1401 2201 ἡ
1423 2143 1511 2192 πολε-

341 2242 411 2321 μικὴ
429 2240 518 2323 φύσει
540 2237 659 2313 merati
680 2261 751 2309 πως.
784 2233 851 2298 Rat
870 2231 1034 2298 militaris
1054 2233 1265 2300 naturaliter
1276 2233 1512 2320 quadammodo

341 2349 546 2433 acquisitiva
568 2359 628 2411 ast.
664 2344 875 2428 Theophilus
888 2351 899 2384 ⁶
912 2344 994 2410 hanc
1015 2344 1265 2427 acquisitionem
1276 2350 1400 2433 φυσικὴν
1411 2357 1510 2423 κτῆσιν

341 2473 463 2540 vocat,
481 2460 707 2544 possessionem
727 2454 882 2522 videlicet
902 2455 1109 2522 naturalem.
1133 2457 1231 2522 Unde
1246 2456 1397 2538 sequitur
1413 2456 1509 2521 etiarn

160 2568 326 2614 D‘m·⁰'‘·¹1·
341 2570 426 2636 inter
448 2567 655 2634 Christianos
676 2565 742 2650 juri
762 2564 897 2648 praedae
915 2567 1025 2632 locum
1047 2586 1127 2634 esse.
1151 2569 1256 2634 Recte
1278 2566 1371 2632 etiarn
1390 2568 1510 2649 praeda

158 2622 229 2721 effla.
239 2622 273 2668 II.
282 2633 305 2669 at

338 2682 404 2770 juri
429 2681 598 2767 gentium,
622 2683 715 2764 ἐονμῷ
738 2679 833 2762 νόμῳ,
857 2691 895 2742 ut
913 2677 1000 2760 apud
1020 2670 1245 2762 Theophilum
1265 2693 1334 2756 est,
1358 2679 1511 2746 attribui·

341 2808 396 2859 tur
411 2797 443 2856 ⁸:
466 2803 505 2855 ut
527 2789 615 2872 apud
634 2787 890 2854 Demosthenem
911 2795 942 2852 ⁷:
965 2789 1019 2858 εἶπ’
1037 2795 1068 2859 οὐ
1086 2793 1180 2864 δεινὸν,
1203 2791 1224 2860 ὦ
1246 2801 1287 2872 μῆ
1308 2793 1358 2859 aal
1372 2795 1436 2866 isal,
1459 2793 1509 2858 aar

339 2911 467 2991 Φονερῶς
498 2902 674 2986 παράνομον,
707 2905 738 2968 οὐ
769 2902 851 2984 μόνον
883 2903 965 2984 παρὰ
996 2904 1045 2969 τὸν
1065 2905 1268 2984 γεγραμμένον
1295 2903 1394 2985 νόμον,
1425 2907 1510 2972 allati

339 3017 388 3084 aaa>
408 3017 491 3097 auplt
512 3015 560 3081 τὸν
579 3015 664 3081 κοινὸν
686 3012 824 3080 οὶποίντονν
838 3014 986 3095 ἀνθρώπων
1005 3013 1101 3094 νόμον,
1124 3013 1304 3093 violatura
1322 3017 1372 3083 aal
1384 3017 1510 3101 Φέροντοο

338 3129 396 3211 pla
424 3127 512 3205 talari
542 3126 571 3190 ἕν
601 3124 740 3204 πολεμίου
771 3123 857 3206 μοίρορ
883 3124 925 3203 μὴ
958 3124 1065 3202 ἐξεῖναί
1085 3150 1132 3205 μον
1157 3126 1334 3205 οίμιίνοιτίονο.
1378 3124 1511 3191 Deinde

338 3254 416 3300 tata
436 3253 541 3298 nonna
561 3230 652 3296 illual
666 3250 774 3316 grata
796 3243 863 3310 att,
887 3251 903 3293 ο
927 3230 1036 3296 Tellus
1059 3246 1090 3297 at
1112 3231 1199 3314 Dii,
1224 3255 1330 3299 noant
1351 3235 1508 3320 manifes-

339 3347 486 3409 tissimaa
517 3343 735 3426 iniquitatis,
759 3361 815 3407 naa
838 3343 962 3436 scripto
985 3340 1159 3408 duntaxat
1170 3346 1252 3430 juri
1271 3351 1508 3429 contrarium,

338 3453 396 3520 tad
423 3453 480 3518 illi
501 3456 603 3518 ctiam
624 3451 712 3538 lagi,
746 3473 832 3537 quaa
850 3457 968 3539 ganart'
997 3454 1140 3519 bumana
1169 3461 1346 3522 communis
1368 3472 1439 3541 ast,
1468 3475 1507 3524 ut

338 3585 411 3629 cum
435 3567 509 3650 quis
530 3584 586 3627 aas
609 3583 696 3627 meas
716 3566 753 3630 ui
771 3561 911 3647 auferat
931 3567 1112 3650 rapiatque
1130 3565 1319 3648 hostiliter,
1341 3570 1425 3633 mihi
1443 3592 1509 3634 aaa

339 3674 439 3740 liccat
458 3689 529 3760 par
547 3676 631 3760 pari
654 3673 859 3759 tapaadara?
880 3673 998 3758 Judice
1021 3665 1115 3740 etiarn
1140 3676 1230 3760 Cyro
1251 3679 1264 3714 ⁸
1285 3681 1367 3760 νόμος
1378 3684 1407 3747 ἕν
1417 3688 1508 3748 πᾶσιν

336 3789 484 3870 ἀνθρώποις
506 3787 596 3860 οίίδοίς
618 3789 712 3864 ἐστιν,
738 3783 809 3854 itata
828 3787 1027 3868 πολεμούντων
1044 3788 1126 3862 πόλις
1144 3791 1206 3871 allai
1228 3796 1284 3856 τῶν
1302 3791 1419 3858 ἑλίττων
1437 3791 1510 3860 εἶναι

336 3901 378 3965 τὰ
397 3898 554 3980 χρίμπτει.
579 3894 654 3959 Lex
667 3908 714 3959 ast
737 3897 829 3959 iataa
850 3895 993 3959 laminas
1015 3899 1228 3982 sempiterna,
1246 3911 1347 3985 capta
1365 3901 1508 3966 hostium

332 4075 528 4087 ψ

374 4164 1505 4233 ὶὼώηωμωωλωμπππαμωωώῖαμῂηωε]

336 4253 482 4303 ⁸citantur
505 4269 546 4315 sp.
571 4255 644 4302 Fabr.
670 4258 734 4304 sent.
759 4257 777 4305 l.
805 4269 828 4303 2.
855 4269 880 4304 c.
907 4270 930 4304 a.
960 4254 999 4319 [p.
1027 4255 1081 4320 26.]
1116 4255 1221 4306 ⁴Arist.
1240 4261 1271 4308 de
1288 4273 1343 4320 rep.
1360 4263 1378 4308 l.
1399 4274 1421 4310 1.
1439 4275 1462 4310 c.
1481 4265 1507 4310 8.

337 4343 1506 4411 fflrssouvswlllmuhrffidm[han]⁶Cmfimmhmama

293 4449 296 4457 ¹
335 4433 407 4484 artic.
424 4449 447 4483 2.
463 4445 488 4483 et
512 4447 535 4492 ³·
551 4436 636 4484 concl.
663 4447 685 4482 t.
720 4432 774 4484 ⁷c.
801 4435 925 4484 Aristoct.
943 4435 980 4498 [p.
998 4436 1056 4498 639.
1073 4437 1093 4498 §.
1113 4437 1165 4500 ao]
1201 4437 1212 4470 ⁸
1239 4441 1379 4500 Xenophon
1397 4443 1428 4490 de
1447 4441 1506 4490 inst.

335 4523 692 4588 &Mauswm
