3316 5494
337 603 397 666 140
662 601 708 650 DE
731 601 824 670 JURE
850 601 1033 650 retentu.
1058 602 1138 650 CAP.
1163 603 1197 648 Χ.

333 770 465 842 apparet
490 755 545 840 jus
564 755 610 821 ibi
631 755 771 823 describi
800 775 865 823 non
893 761 926 826 ri
953 765 1008 826 τῶν
1035 757 1296 838 συναλλαγμάτων
1321 755 1510 838 inspuetur,

333 867 397 934 hoc
420 882 492 949 est,
521 887 584 952 quo
606 881 773 955 reguntur
804 879 998 932 contractus
1030 866 1241 952 aequalitate
1271 886 1309 930 ea
1342 884 1428 950 quae
1460 875 1510 944 eqt

333 977 509 1044 secundum
526 981 775 1064 quantitatem,
799 977 858 1045 sed
871 983 905 1046 ri
920 981 1116 1060 διανεμητικόν
1127 977 1157 1057 ²,
1181 996 1243 1062 quo
1255 974 1511 1041 distributiones

328 1085 419 1171 fiunt
439 1109 502 1152 non
521 1087 695 1154 secundum
707 1092 957 1176 quantitatem,
981 1086 1037 1154 sed
1045 1085 1221 1152 secundum
1240 1089 1509 1173 proportionem,

333 1197 404 1265 sive
422 1198 630 1266 Geometrica
649 1199 843 1283 aequalitate
861 1193 890 1262 ¹:
915 1217 1055 1280 quorum
1074 1216 1136 1266 nos
1155 1195 1167 1231 ⁸
1186 1197 1249 1262 boc
1266 1194 1511 1281 assignatricis,

335 1309 418 1375 illud
440 1309 705 1393 compensatricis
732 1309 879 1395 justitiae
902 1329 986 1393 opus
1008 1308 1255 1394 appellavimus.
1302 1307 1377 1371 Hoc
1400 1319 1510 1371 autem

331 1421 387 1506 jus
409 1419 677 1503 distributivum,
696 1435 734 1487 ut
755 1435 896 1500 vocant,
926 1423 1036 1486 locum
1059 1420 1247 1487 non-habet
1268 1419 1354 1484 inter
1374 1431 1509 1500 partes,

333 1550 394 1597 nec
426 1530 618 1614 apartibus
649 1531 689 1596 ad
721 1546 854 1612 toturn,
886 1531 945 1598 sed
967 1551 986 1596 a
1007 1545 1079 1600 toto
1114 1531 1155 1596 ad
1187 1545 1315 1614 partes,
1349 1527 1509 1612 dignitate

335 1641 459 1708 scilicet
482 1657 515 1708 et
535 1642 692 1710 relatione
711 1643 753 1709 ad
770 1657 876 1709 totum
896 1640 1084 1708 differentes
1102 1639 1124 1708 ⁴.
1170 1642 1280 1730 Quare
1302 1660 1362 1706 nec
1382 1639 1416 1706 in
1436 1637 1510 1704 aliis

334 1755 433 1820 rebus
465 1770 639 1836 versatur,
675 1774 771 1836 quam
807 1774 889 1837 quae
923 1773 1111 1819 communes
1144 1768 1222 1819 sunt
1254 1772 1312 1818 seu
1344 1749 1507 1835 publicae.

335 1864 433 1929 Unde
464 1863 659 1949 intelligitur
689 1864 723 1929 in
753 1864 840 1930 bello
872 1863 1007 1948 publico
1036 1864 1186 1948 praedam
1217 1862 1407 1930 naturaliter
1437 1880 1509 1926 esse

334 1973 498 2058 publicam
522 1988 596 2040 ante
615 1974 889 2041 distributionem.
933 1974 1007 2040 Nec
1031 1974 1092 2040 alia
1125 1974 1192 2040 fuit
1214 1972 1381 2040 Ambrosii
1402 1982 1414 2014 ⁸
1435 1991 1509 2038 sen·

335 2083 438 2152 tentia
465 2083 603 2152 dicentis
632 2106 671 2150 ex
699 2085 871 2169 disciplina
898 2085 1029 2152 militari
1059 2104 1152 2166 esse,
1172 2098 1211 2150 ut
1238 2087 1311 2172 regi
1332 2097 1511 2152 seruentur

337 2199 457 2262 onnia.
502 2196 626 2282 Regem
650 2197 827 2263 enimcum
847 2197 929 2262 dicit
948 2218 1020 2264 eum
1042 2196 1216 2282 intelligit,
1241 2196 1299 2279 qui
1317 2196 1408 2263 vices
1427 2194 1511 2280 gerit

336 2305 546 2390 reipublicae.
593 2306 701 2375 Addit
732 2323 840 2375 autem
870 2309 995 2394 justum
1020 2328 1112 2389 esse,
1135 2322 1174 2374 ut
1196 2307 1249 2374 his
1272 2307 1330 2389 qui
1361 2306 1394 2371 in
1417 2306 1508 2391 adju·

337 2431 479 2482 mentum
499 2418 664 2486 societatis
680 2418 816 2486 fuerunt
831 2439 904 2503 pars
917 2419 1126 2486 emolumenti
1138 2418 1321 2498 tribuatur,
1341 2431 1379 2483 ut
1387 2436 1509 2482 merces

337 2527 468 2593 laboris.
489 2528 560 2613 Jam
580 2550 659 2596 vero
679 2539 801 2596 merces
820 2531 965 2596 nondum
984 2545 1093 2596 nostra
1112 2545 1180 2613 est,
1192 2531 1249 2596 sed
1267 2529 1362 2596 nobis
1374 2528 1510 2595 debetur

338 2654 370 2704 et
392 2639 613 2722 undecunque
637 2641 721 2708 solvi
744 2657 863 2725 potest.
910 2641 1037 2708 Indicat
1059 2642 1122 2707 hoc
1147 2641 1258 2725 Scipio
1276 2643 1288 2679 ⁶
1308 2640 1341 2706 in
1362 2641 1509 2706 oratione

337 2749 378 2816 ad
399 2749 524 2817 socium
537 2751 770 2819 Masanissam:
791 2753 927 2839 Syphax
945 2753 1063 2839 popuii
1075 2753 1221 2818 Romani
1232 2755 1390 2838 auspiciis
1400 2755 1508 2822 uictus

337 2872 518 2945 captusque
537 2875 608 2925 est:
630 2865 747 2949 itaque
768 2868 859 2949 ipse,
880 2866 1050 2949 conjunx,
1073 2886 1233 2952 regnum,
1246 2884 1351 2951 ager,
1372 2863 1509 2950 oppida,

337 2971 479 3036 honines
495 2975 554 3056 qui
568 2977 749 3054 exsistunt,
762 2975 932 3062 quidquid
945 2974 1085 3062 denique
1102 2977 1260 3062 Syphacis
1270 2976 1368 3061 fuit,
1375 2977 1509 3064 praeda

332 3081 449 3167 populi
471 3080 618 3161 Romani
640 3071 697 3150 est.
721 3085 764 3151 L.
785 3106 920 3168 quoque
943 3087 1107 3153 Aemilius
1127 3089 1213 3171 apud
1232 3087 1366 3154 Livium
1389 3087 1508 3154 diserte

337 3205 494 3272 testatur,
518 3209 611 3276 capta
630 3195 710 3259 urbe
734 3195 902 3262 arbitrium
925 3198 1061 3281 praedae
1085 3218 1150 3264 non
1173 3219 1272 3283 penes
1295 3198 1432 3264 militem
1452 3199 1508 3266 sed

338 3300 561 3384 imperatorem
585 3323 677 3386 esse,
705 3307 763 3388 qui
786 3307 911 3374 scilicet
934 3310 1136 3392 arepublica
1156 3311 1210 3394 jus
1232 3312 1295 3376 tale
1318 3325 1507 3393 acceperat,

337 3426 376 3478 ut
402 3432 478 3478 mox
498 3416 652 3500 exemplis
673 3418 959 3488 demonstrabitur.
1005 3423 1077 3488 Nec
1101 3422 1281 3504 quidquam
1303 3423 1414 3490 obstat
1434 3423 1506 3487 vul·

338 3522 539 3607 gatissimum
566 3527 649 3594 illud
668 3529 702 3610 ⁷,
723 3547 815 3615 capta
838 3532 925 3598 bello
948 3535 1057 3600 statim
1080 3533 1149 3600 fieri
1167 3533 1341 3616 capientis:
1366 3532 1401 3598 id
1422 3534 1506 3598 enim

338 3635 420 3702 hanc
439 3637 630 3706 sententiam
646 3642 776 3727 recipit,
797 3658 834 3709 ut
851 3644 996 3711 hostium
1016 3645 1071 3712 illa
1087 3665 1156 3712 esse
1175 3645 1341 3726 desinant,
1352 3647 1507 3729 capientis

339 3827 534 3839 Μ

373 3939 380 3972 ¹
399 3941 478 3991 Arist.
496 3946 527 3993 de
545 3961 609 3996 mor.
628 3950 659 3998 ad
675 3950 778 3999 Nicom.
793 3953 809 3999 1.
829 3964 852 4007 s.
870 3966 892 4000 c.
914 3965 936 4008 5·
953 3953 977 4001 6.
994 3964 1019 4001 et
1036 3965 1060 4012 7.
1079 3954 1117 4016 [p.
1135 3966 1207 4012 1130.
1217 3967 1241 4004 a.
1252 3965 1276 4002 et
1285 3954 1353 4015 sqq]
1388 3950 1505 4002 'Thon

339 4045 361 4080 2.
381 4047 405 4081 2.
424 4045 449 4092 q.
466 4035 507 4082 61.
531 4048 577 4084 art.
603 4052 624 4086 1.
649 4051 674 4088 ct
694 4054 747 4100 seq.
781 4037 833 4090 ³c.
853 4056 876 4090 2.
894 4054 951 4092 ante
969 4045 986 4091 1.
1004 4056 1028 4100 5.
1062 4045 1131 4093 ⁴Gl.
1150 4045 1176 4093 in
1194 4058 1216 4095 c.
1234 4045 1395 4094 Vulturanae.
1413 4056 1437 4093 et
1455 4059 1506 4105 seq.

339 4123 428 4185 [Decr.
447 4126 515 4174 Grat.
531 4141 557 4188 p.
576 4143 599 4176 o.
620 4143 657 4178 ra.
676 4145 699 4179 o.
718 4132 771 4193 ts]
798 4131 809 4162 ³
827 4134 858 4181 de
875 4133 1030 4183 Abrahamo.
1042 4137 1059 4183 l.
1076 4149 1098 4184 1.
1117 4149 1141 4184 c.
1159 4148 1183 4193 ³·
1201 4135 1334 4185 citatorio
1352 4135 1504 4185 c.dicatali-

338 4214 403 4274 quis.
414 4215 502 4275 [Dect.
513 4219 581 4266 Grat.
598 4234 624 4280 p.
635 4233 659 4268 n.
670 4234 709 4277 23·
729 4234 751 4276 ⁵·
770 4223 822 4284 25.]
842 4221 886 4270 ubi
905 4225 944 4272 Gi.
962 4226 993 4273 V.
1008 4227 1078 4275 Rald.
1095 4225 1121 4275 in
1137 4229 1154 4275 l.
1172 4241 1230 4287 pen.
1240 4229 1269 4276 C.
1279 4229 1310 4276 dc
1328 4230 1414 4277 donat.
1424 4228 1467 4290 [c.
1482 4231 1503 4276 Β.

339 4315 379 4363 ⁵4·
398 4304 450 4366 ab]
485 4306 569 4357 ‘Liu
587 4311 604 4357 1.
621 4323 661 4367 ³0·
680 4311 716 4374 [c.
737 4313 786 4374 ¹4·]
822 4310 867 4362 ⁷1.
885 4317 1032 4364 naturalem.
1051 4316 1077 4365 ff.
1095 4318 1126 4366 de
1144 4331 1199 4379 atq.
1218 4320 1286 4368 dorn.
1304 4323 1326 4378 §.
1345 4318 1388 4369 fin.
1404 4321 1448 4382 [D.
1464 4334 1503 4381 4¹·

342 4407 362 4442 1.
381 4394 416 4456 5.]
432 4407 457 4443 et
474 4398 491 4444 1.
509 4400 582 4448 adeo.
602 4401 637 4450 ibi
657 4401 700 4465 [D.
718 4415 759 4463 41.
780 4418 800 4452 1.
818 4405 857 4466 7.]
877 4407 936 4454 lnst.
954 4408 985 4455 de
1002 4420 1049 4456 rer.
1068 4408 1121 4458 div.
1138 4412 1159 4468 5.
1177 4409 1237 4458 item
1260 4421 1289 4458 ea
1310 4424 1374 4471 quae
1390 4425 1422 4460 ex
1440 4414 1502 4460 bost.

340 4483 371 4544 [1.
392 4498 415 4532 2.
436 4498 457 4533 r.
478 4490 499 4546 ς.
518 4491 569 4552 17.]
591 4494 607 4539 1.
628 4506 647 4540 1.
668 4498 689 4553 ξ.
710 4508 729 4544 1.
748 4494 774 4544 ff.
792 4498 823 4544 de
841 4510 893 4556 aeq.
909 4511 979 4557 poss.
994 4496 1041 4562 [D.
1059 4512 1100 4561 41.
1118 4499 1155 4564 a]
