3362 5504
331 613 394 676 294
641 615 688 660 DE
711 614 805 680 JURE
832 613 1016 662 PRAEDAE.
1040 614 1120 660 CAP.
1145 614 1225 660 x111.

331 768 508 850 sabantur,
550 789 617 836 non
655 782 781 834 tantum
818 768 861 835 ob
896 768 1102 852 singulorum
1137 768 1278 833 facinora
1320 768 1508 852 impunita,

332 901 446 947 verum
471 881 548 964 quia
572 896 605 947 et
626 879 746 964 legatio
770 894 802 944 et
824 899 922 946 naves
947 881 1082 963 publica
1104 881 1299 947 auctoritate
1323 895 1355 944 et
1377 881 1509 947 decreto

334 1013 472 1073 eorum,
497 993 555 1075 qui
579 993 744 1058 Malaccae
767 992 978 1075 praesident,
1003 992 1120 1058 missae
1142 991 1244 1058 fuere.
1291 993 1383 1079 Quid
1407 992 1511 1078 igitur

333 1102 367 1168 in
410 1124 571 1170 caraecam
604 1103 838 1170 Lusitanorum
869 1103 963 1187 juxta
997 1105 1144 1171 mandata
1179 1104 1334 1185 licuerit,
1370 1105 1509 1170 dubium

334 1234 403 1282 esse
435 1235 501 1281 non
533 1230 643 1299 potest
675 1214 861 1298 inspicienti
893 1229 950 1280 aut
973 1217 1145 1284 codicillos
1171 1214 1348 1298 praefecti,
1374 1216 1433 1298 qui
1454 1218 1510 1302 jus

334 1327 486 1393 tribuunt
518 1327 614 1392 etiam
646 1327 685 1391 de
714 1327 863 1409 personis
893 1329 1081 1408 statuendi,
1115 1328 1207 1410 quod
1235 1329 1313 1410 plus
1348 1343 1420 1408 est,
1453 1344 1512 1395 aut

178 1457 325 1523 sgrprarnra-
335 1439 585 1520 centurionum,
610 1439 668 1522 qui
690 1438 730 1504 de
750 1440 867 1522 praeda
889 1441 1065 1523 expressim
1089 1442 1282 1522 loquuntur.
1316 1441 1511 1506 Mandatum

177 1512 324 1556 carationeco·

176 1565 324 1665 gastrim
336 1571 413 1635 ergo
434 1551 620 1616 habuerunt
640 1551 718 1618 belli
740 1552 872 1636 gerendi
884 1567 950 1617 tam
961 1551 1168 1635 praefectus,
1191 1572 1288 1634 quam
1300 1553 1511 1619 centuriones

177 1674 256 1773 23:535,
268 1682 316 1771 ‘ia
336 1678 367 1727 et
385 1683 443 1746 per
462 1663 536 1728 illos
555 1678 696 1744 nautae,
722 1682 807 1746 quos
826 1663 953 1729 scilicet
974 1685 1013 1730 ex
1031 1664 1066 1729 vi
1084 1664 1225 1730 mandati
1238 1664 1511 1746 centurionibus,

177 1783 248 1882 εἰπὲ
268 1781 401 1882 glinon
434 1774 541 1840 minus
574 1796 672 1857 quam
697 1775 730 1840 in
754 1775 900 1841 terrestri
937 1776 1082 1842 exercitu
1104 1779 1210 1860 legere
1234 1776 1338 1842 licuit.
1385 1776 1454 1863 Qui
1480 1792 1513 1842 et

333 1887 518 1970 juramento
550 1885 718 1953 formulae·
742 1886 892 1953 militaris
926 1888 1030 1952 adacti
1065 1903 1164 1968 sunt,
1200 1909 1260 1953 nec
1283 1888 1371 1954 vitae
1394 1908 1428 1954 se
1451 1907 1512 1954 nec

335 1999 465 2081 corpori
488 2020 655 2082 parsuros,
681 2014 844 2081 quatenus
868 1999 1083 2065 exercitorum
1109 2020 1187 2066 usus
1215 2015 1247 2064 et
1269 1999 1510 2083 praefectorum

336 2109 470 2192 imperia
492 2125 674 2194 poscerent.
721 2113 824 2176 Recte
848 2111 960 2192 itaque
984 2132 1057 2176 cum
1081 2112 1227 2194 Ulpiano
1247 2113 1258 2150 ¹
1278 2112 1425 2177 dicemus
1444 2132 1512 2178 non

336 2222 516 2287 navarchus
550 2237 675 2288 tantum
710 2239 742 2288 et
772 2223 993 2304 trierarchos,
1028 2223 1086 2288 sed
1115 2238 1147 2289 et
1177 2237 1294 2289 nautas
1318 2239 1350 2288 et
1373 2224 1512 2309 remiges

336 2353 449 2400 omnes
472 2333 506 2399 in
537 2335 695 2400 classibus
718 2335 839 2400 milites
864 2354 943 2400 esse.
992 2336 1058 2400 Sed
1080 2349 1113 2400 et
1135 2334 1221 2403 illud
1242 2335 1349 2401 notari
1377 2351 1512 2418 potest,

337 2446 489 2527 quamvis
518 2447 650 2529 propria
682 2446 724 2511 ad
752 2447 901 2529 praedam
934 2447 1084 2512 mandata
1116 2445 1256 2514 fuissent
1286 2449 1401 2531 nulla,
1436 2469 1512 2514 cum

335 2572 442 2622 tamen
463 2572 495 2622 et
514 2558 627 2623 classis
646 2556 830 2640 praefectus
851 2573 884 2624 et
895 2559 1027 2626 navium
1040 2558 1140 2624 duces
1153 2559 1364 2625 concessione
1376 2561 1512 2643 publica

335 2668 597 2755 jurisdictionem
630 2670 836 2750 obtinerent,
870 2669 1018 2753 potuisse
1051 2669 1179 2736 eosdem
1209 2691 1269 2753 pro
1292 2672 1417 2737 tuendo
1439 2674 1514 2756 iure

337 2781 543 2848 subditorum
566 2796 598 2847 et
616 2801 675 2847 sua
698 2781 929 2865 iurisdictione
958 2782 991 2847 in
1013 2783 1199 2848 turbatores
1216 2783 1287 2866 ejus
1308 2783 1513 2865 Lusitanos,

338 2893 568 2961 deficientibus
587 2894 660 2959 aliis
670 2893 856 2978 judicibus,
881 2894 1136 2959 animadvertere
1150 2909 1182 2958 et
1193 2915 1245 2961 res
1256 2915 1369 2960 eorum
1383 2916 1513 2978 capere,

192 3037 280 3083 Dm,
300 3036 323 3083 a,
337 3006 549 3090 praesertim,
585 3021 624 3072 ut
655 3006 789 3071 tradunt
818 3005 995 3086 utriusque
1022 3005 1106 3096 juris
1136 3006 1278 3071 consulti
1308 3003 1344 3086 ²,
1379 3007 1513 3074 decreto

176 3093 323 3192 iffi
337 3119 559 3201 praecedente.
605 3117 786 3184 Praecessit
808 3132 914 3182 autem
945 3117 1111 3183 decretum
1136 3137 1153 3181 a
1175 3116 1341 3200 praefecto
1368 3133 1401 3182 et
1423 3120 1515 3201 quod

338 3229 367 3294 ei
389 3230 556 3295 adsidebat
577 3250 705 3296 summo
732 3230 864 3295 nautico
897 3228 1035 3295 consilio
1059 3229 1120 3294 rite
1143 3244 1321 3311 peractum.
1369 3230 1423 3295 Eo
1448 3229 1515 3296 fere

337 3341 436 3406 modo
458 3339 497 3406 C.
511 3341 661 3407 Pinarius
680 3343 691 3378 ³
711 3343 824 3408 Ennae
845 3342 878 3406 in
900 3340 1012 3407 Sicilia
1033 3341 1168 3406 relictus
1187 3361 1254 3405 non
1277 3355 1315 3406 ut
1327 3344 1442 3408 urbem
1457 3344 1515 3408 sed

339 3467 377 3516 ut
403 3451 600 3534 praesidium
625 3468 773 3537 regeret,
796 3473 872 3519 cum
901 3453 1068 3519 imminere
1090 3453 1329 3537 oppidanorum
1354 3453 1514 3520 defectio-

339 3583 411 3628 nem
433 3563 657 3646 prospiceret,
692 3585 800 3647 neque
824 3565 941 3648 populi
963 3564 1121 3643 Romani,
1147 3583 1188 3630 ne
1210 3565 1356 3631 consulis
1378 3567 1513 3650 quidem

339 3674 481 3740 adeundi
504 3691 589 3740 esset
616 3690 784 3758 potestas,
808 3677 977 3759 perfidiam
1005 3676 1098 3742 istam
1120 3696 1187 3743 non
1207 3676 1364 3742 caedibus
1385 3693 1512 3747 tantum

194 3805 230 3849 aa
245 3806 325 3850 cortu.
339 3787 430 3849 ultus
453 3800 525 3866 est,
551 3785 608 3850 sed
631 3801 663 3851 et
685 3787 799 3852 urbem
822 3809 949 3854 omnem
973 3788 1069 3855 militi
1091 3788 1306 3871 diripiendam
1329 3789 1432 3856 dedit.
1456 3791 1514 3855 Se-

193 3858 297 3958 iliriap'
340 3894 455 3976 quitur
485 3895 562 3960 hinc
593 3916 666 3961 cum
697 3898 873 3966 auctoritas
900 3900 1034 3983 publica
1056 3914 1089 3965 et
1110 3915 1239 3983 aparte
1260 3901 1461 3968 Batavorum
1483 3918 1516 3967 et

337 4085 540 4097 ——-.

375 4190 382 4222 ¹
402 4192 419 4236 l.
443 4203 464 4237 1.
489 4189 516 4236 ff.
537 4191 569 4238 de
592 4189 653 4238 bon.
670 4204 739 4252 poss.
758 4205 789 4240 ex
806 4204 864 4241 test.
882 4193 935 4241 mil.
954 4194 999 4255 [D.
1019 4207 1059 4252 37.
1080 4193 1133 4258 13.]
1169 4191 1263 4243 ²Barr.
1281 4195 1308 4243 in
1327 4199 1343 4243 l.
1362 4199 1449 4246 hostes
1468 4199 1513 4260 [D.

340 4295 381 4343 49,
402 4292 440 4335 15.
457 4281 509 4341 24.]
526 4294 551 4328 n.
573 4294 610 4328 11.
628 4293 653 4330 et
674 4295 712 4330 12.
730 4285 818 4332 Innoc.
836 4285 862 4332 in
879 4299 902 4333 c.
922 4285 992 4333 olim.
1010 4287 1042 4333 de
1060 4296 1120 4333 rest.
1138 4286 1337 4347 sp01.[Decret.
1358 4302 1382 4336 α.
1402 4302 1440 4347 1³·
1461 4290 1511 4350 12.]

339 4385 365 4420 n.
389 4386 413 4433 9.
436 4382 461 4418 et
483 4371 509 4418 in
533 4385 555 4418 c.
579 4371 653 4421 sicut.
677 4375 709 4421 de
730 4372 836 4430 jureiur.
860 4376 973 4437 [Deerat.
1000 4390 1023 4425 α.
1050 4390 1090 4437 24.
1110 4377 1164 4439 29.]
1182 4390 1208 4425 n.
1226 4388 1249 4432 5.
1266 4388 1291 4425 et
1310 4378 1346 4425 ibi
1368 4380 1428 4428 Pan.
1446 4394 1471 4428 n.
1488 4393 1513 4441 9.

341 4460 351 4494 ⁸
369 4463 412 4510 Est
430 4462 495 4520 apud
512 4461 658 4511 Frontinum
674 4475 699 4512 et
715 4466 875 4526 Polyaenum.
