3310 5482
765 331 782 376 ὖ

717 527 727 541 ⁶
747 558 943 600 conspectus
965 559 1082 601 orrurs.

572 729 732 795 CAPUT
756 731 988 798 DECIMUM
1018 731 1257 800 TERTIUM.

371 869 405 925 In
433 885 492 941 quo
520 866 683 927 ostenditur
710 870 817 941 iustum
844 887 902 928 esse
930 871 1038 930 bellum
1067 872 1199 947 justeque
1230 884 1339 948 partam
1371 873 1501 948 praedam

333 948 470 1006 Societati
492 964 529 1006 ex
551 965 636 1006 causa
657 949 776 1023 publica
797 951 920 1023 patriae,

266 1116 268 1121 s
372 1052 456 1110 Parte
501 1053 524 1109 Ι.
545 1064 678 1126 respectu
702 1053 847 1110 Ordinum
869 1057 1034 1112 voluntaria
1057 1057 1221 1130 agentium,

371 1156 455 1214 Parte
483 1157 521 1215 ΙΙ.
543 1168 674 1231 respectu
698 1158 852 1216 Societatis
877 1156 993 1216 Indicae
1015 1158 1146 1218 subditae
1168 1157 1346 1230 Ordinibus,

370 1260 455 1319 Parte
466 1261 519 1318 ΙΙΙ.
540 1262 694 1320 autetiam
716 1279 753 1320 err
774 1278 857 1319 causa
879 1261 997 1335 publica
1017 1263 1175 1322 sociorum.

620 1341 654 1399 ln
676 1358 738 1414 quo
758 1342 812 1400 ista
834 1343 1002 1400 inseruntur
1025 1342 1217 1401 Problemata.

389 1445 413 1504 l.
450 1445 627 1519 Respublica
644 1445 746 1519 eiusve
767 1445 893 1504 Ordines
915 1448 1002 1504 etiam
1026 1463 1095 1505 curn
1107 1446 1215 1505 babent
1227 1446 1411 1520 Principem,
1432 1447 1501 1505 belli

447 1537 541 1583 tamen
563 1525 683 1599 publice
703 1525 879 1600 suscipiendi
900 1526 1008 1585 habent
1030 1528 1251 1585 auctoritatem.

380 1629 417 1688 II.
447 1629 526 1703 Justa
554 1630 622 1687 belli
653 1647 736 1688 causa
767 1630 796 1687 in
828 1631 993 1705 Principem
1022 1643 1065 1690 est
1094 1631 1184 1690 tuitio
1207 1634 1301 1704 legum
1324 1615 1500 1706 patriarum,

448 1709 553 1783 quibus
576 1709 758 1784 Principatus
779 1708 982 1784 adstringitur.

375 1812 428 1870 ill.
450 1814 561 1870 Bellum
583 1813 613 1870 in
637 1812 802 1887 Principem
825 1813 1017 1873 indictionem
1039 1831 1099 1873 non
1121 1812 1274 1873 desiderat.

373 1917 425 1974 IV.
448 1917 608 1976 Praesentis
629 1918 766 1992 temporis
792 1918 976 1992 magistratui
1000 1935 1102 1993 parere
1123 1918 1193 1976 boni
1216 1919 1288 1976 civis
1310 1930 1362 1976 est.

378 2021 416 2078 V.
447 2021 528 2157 {impla
557 2019 613 2078 fide
642 2022 714 2079 civis
743 2033 853 2096 pugnat
883 2033 987 2080 contra
1018 2022 1184 2097 Principem
1215 2039 1268 2096 pro
1301 2023 1451 2097 republica
1471 2037 1501 2081 et

461 2117 505 2173 egr
528 2118 571 2158 us.

370 2205 423 2263 Vi.
449 2207 561 2263 Bellum
594 2204 772 2279 reipublicae
806 2208 835 2264 in
870 2206 1053 2280 Principem,
1084 2207 1137 2280 qui
1167 2224 1233 2265 suus
1264 2207 1401 2281 Princeps
1430 2207 1503 2275 fuit,
1591 2195 1598 2201 ¹

450 2297 603 2343 externum
625 2297 678 2343 est.

369 2391 436 2448 Vll.
450 2390 576 2447 Societas
597 2389 666 2446 belli
690 2401 767 2447 recte
789 2388 937 2447 interdum
959 2406 974 2446 a
997 2390 1174 2447 Christianis
1197 2390 1288 2448 initur
1309 2407 1376 2447 cum
1402 2388 1503 2447 infide·

447 2470 522 2528 libus
542 2481 646 2526 contra
668 2468 851 2526 Christianos
873 2469 1086 2542 pugnantibus.

575 2594 731 2660 CAPUT
754 2595 984 2661 DECIMUM
1008 2594 1262 2683 QUARTUM.

369 2735 435 2792 Pars
468 2737 490 2792 l.
533 2734 691 2792 Honestam
718 2750 778 2792 esse
806 2732 928 2807 praedae
958 2734 1045 2807 hujus
1067 2745 1232 2808 capturam:
1255 2732 1284 2790 in
1306 2749 1362 2804 qua
1383 2733 1437 2790 ista
1458 2733 1501 2789 in-

535 2826 671 2873 seruntur
694 2812 885 2872 Problemata.

465 2921 487 2977 l.
529 2919 641 2993 Justum
662 2933 747 2976 omne
769 2919 934 2976 honestum.
1030 2921 1038 2938 ⁸

457 3025 495 3082 ll.
528 3025 656 3082 Honesta
678 3023 835 3095 praecipue
856 3021 933 3078 actio
956 3037 1009 3095 pro
1031 3021 1134 3089 sociis,
1156 3036 1211 3094 pro
1232 3020 1344 3093 patria,
1365 3016 1500 3075 adversus

525 3104 655 3160 homines
677 3100 913 3160 inemendabiles.

446 3207 499 3263 ΙΙΙ.
532 3206 662 3263 Honesta
684 3206 838 3280 praecipue
859 3203 1009 3277 praedatio
1033 3219 1070 3261 ex
1093 3201 1160 3260 fine.

367 3310 434 3367 Pars
457 3310 508 3367 lV.
531 3309 690 3368 Honestam
712 3325 771 3366 esse
792 3307 915 3383 praedae
937 3307 1022 3380 hujus
1045 3307 1260 3380 possessionem.

578 3434 736 3501 CAPUT
760 3434 988 3500 DECIMUM
1012 3430 1250 3520 QUINTUM.

367 3574 433 3630 Pars
466 3573 488 3630 Ι.
531 3573 641 3630 Utilem
670 3589 730 3629 esse
759 3571 879 3646 praedae
911 3571 994 3644 hujus
1027 3582 1193 3645 capturam:
1216 3571 1245 3625 in
1268 3586 1324 3642 qua
1347 3570 1400 3625 ista
1423 3569 1498 3626 inse-

536 3664 641 3711 runtur
663 3653 854 3710 Problemata.

465 3757 487 3814 Ι.
530 3756 623 3814 Omne
643 3756 751 3828 iustum
773 3756 855 3813 utile.

455 3862 494 3919 ΙΙ.
525 3860 619 3934 Omne
641 3861 792 3918 honestum
815 3860 899 3915 utile.

446 3966 499 4024 Ill.
529 3965 612 4024 Utile
662 3965 834 4038 praecipue,
876 3959 955 4034 quod
1005 3961 1092 4018 statui
1136 3959 1314 4033 reipublicae
1357 3958 1496 4016 convenit

447 4070 498 4127 lV.
527 4070 609 4127 Utile
630 4069 783 4142 praecipue
805 4065 940 4140 prodesse
961 4065 1057 4122 sociis.

453 4175 490 4231 V.
523 4173 605 4231 Utile
626 4174 781 4247 praecipue
803 4188 909 4230 nocere
931 4169 1072 4228 hostibus.

446 4277 499 4334 Vl.
521 4277 604 4336 Utile
625 4275 705 4351 quod
727 4279 821 4336 facile.

368 4383 434 4438 Pars
457 4382 494 4439 ll.
521 4382 631 4440 Utilem
653 4399 712 4439 esse
733 4382 817 4454 hujus
839 4378 960 4455 praedae
982 4378 1197 4451 possessionem.
1221 4375 1371 4456 Epilogus.
