3316 5494
650 633 696 679 DE
720 633 813 700 June.
840 631 1023 679 rutundis.
1048 633 1127 680 cte.
1152 631 1231 680 VIII.

1123 791 1263 874 optimus
1285 785 1344 853 ille

505 889 701 982 'Militiac‚
724 901 780 964 cui
793 911 996 984 postremum
1013 901 1227 985 primumque
1250 901 1341 964 tueri

519 1010 616 1075 Inter
636 1009 723 1097 bella
741 1007 853 1092 fidem.
1628 1095 1631 1101 .

387 1118 435 1185 Ita
467 1133 505 1185 ut
535 1139 594 1185 nec
621 1135 728 1186 metus
751 1118 940 1204 accipienda
961 1117 1006 1184 sit
1029 1118 1218 1204 excusatio,
1242 1137 1315 1185 cum
1336 1117 1433 1186 etiam
1458 1119 1520 1202 qui

345 1230 421 1296 mali
443 1230 569 1297 vitandi
592 1250 687 1298 causa
711 1230 891 1315 quidquam
914 1228 1084 1314 promisit,
1107 1249 1224 1315 negare
1239 1249 1307 1298 non
1326 1230 1433 1314 possit
1452 1231 1521 1298 hoc

345 1361 380 1408 se
403 1361 500 1423 quam
524 1342 659 1407 alterum
683 1340 845 1408 maluisse.
889 1341 1055 1407 Voluntas
1078 1339 1179 1424 igitur
1201 1341 1265 1407 hoc
1285 1342 1385 1407 modo
1406 1357 1521 1408 coacta

344 1441 499 1520 voluntas
522 1466 591 1533 est,
624 1467 656 1519 et
678 1451 862 1520 adversario
884 1451 1068 1537 significata
1090 1451 1227 1537 obligat.
1272 1452 1347 1539 Qua
1370 1452 1404 1519 in
1425 1467 1520 1536 parte

345 1563 575 1646 theologorum
593 1573 601 1608 ¹
619 1563 721 1650 magis
744 1563 946 1644 sententiae,
967 1583 1064 1645 quam
1081 1562 1342 1649 jurisperitorum
1364 1563 1519 1630 standum

346 1688 408 1742 est.
437 1673 489 1740 Illi
510 1673 595 1740 enim
616 1675 772 1741 rationem
792 1689 977 1758 sequuntur
993 1676 1197 1757 naturalem,
1213 1675 1247 1740 hi
1267 1695 1348 1742 vero
1366 1674 1521 1741 instituta

345 1785 477 1867 civilia,
502 1805 586 1867 quae
616 1785 768 1852 utilitatis
791 1786 931 1872 aliquus
955 1805 1051 1851 causa
1072 1784 1267 1868 permittunt
1297 1785 1369 1852 fieri
1398 1805 1520 1868 saepe,

207 1898 329 2003 {ms-
346 1896 438 1978 quod
460 1896 584 1979 alioqui
608 1895 714 1963 facere
736 1915 803 1963 non
826 1895 914 1962 licet.
956 1895 1121 1962 Voluntas
1142 1912 1249 1964 autem
1267 1915 1333 1962 non
1350 1895 1521 1962 federibus

347 2022 472 2074 tantum
490 2022 522 2073 et
540 2007 667 2091 pactis,
691 2006 749 2073 sed
767 2007 875 2076 tacitis
896 2006 991 2073 etiam
1001 2007 1134 2092 judiciis
1146 2007 1368 2092 adstringitur.
1394 2007 1431 2072 Si
1443 2007 1521 2090 quis

346 2118 447 2202 igitur
463 2118 623 2201 praesidia
641 2118 781 2203 alicujus
798 2119 915 2200 intrat,
933 2118 976 2186 ita
995 2133 1034 2185 ut
1051 2119 1113 2185 sub
1130 2120 1234 2202 ipsius
1251 2118 1294 2184 sit
1311 2101 1521 2202 possessione

346 2243 445 2311 atque
467 2243 652 2313 potestate,
676 2230 705 2297 is
726 2229 812 2296 inid
831 2244 1096 2313 tempuspartem
1117 2249 1152 2296 se
1174 2229 1416 2312 quodammodo
1439 2228 1521 2296 facit

347 2343 417 2426 ejus
438 2342 603 2424 corporis,
624 2357 656 2408 et
674 2341 758 2408 nihil
776 2361 811 2407 se
830 2356 942 2408 contra
960 2343 1031 2426 ejus
1050 2343 1187 2408 salutem
1209 2338 1370 2407 statumve
1391 2339 1520 2424 imperii

346 2452 605 2519 machinaturum
634 2453 764 2520 silentio
793 2452 871 2519 satis
899 2452 1081 2536 profitetur.
1126 2452 1174 2518 Ita
1195 2452 1379 2537 proditores
1404 2467 1437 2518 et
1460 2451 1521 2517 im-

347 2565 464 2630 missos
496 2563 650 2646 sicarios,
682 2565 855 2647 multoque
875 2564 977 2650 magis
998 2563 1163 2632 veneficos
1186 2564 1432 2643 detestamur¹,
1454 2564 1518 2630 hoc

348 2675 443 2740 etiam
466 2693 564 2742 sensu
585 2689 624 2741 ut
645 2694 710 2741 non
727 2675 835 2743 minus
850 2676 996 2761 jubendo
1017 2695 1114 2757 quam
1127 2675 1336 2758 exsequendo
1348 2674 1519 2757 delinqua-

347 2803 419 2867 tur,
433 2787 611 2868 eademque
628 2787 723 2870 culpa
739 2801 771 2852 et
784 2800 937 2852 emtorem
956 2789 1110 2853 scelerum
1129 2799 1237 2852 teneat
1250 2800 1283 2852 et
1298 2783 1519 2862 venditorem,

346 2899 564 2983 videmusque
586 2899 666 2964 haec
697 2898 773 2965 talia
796 2911 922 2964 veteres
944 2898 1112 2966 Romanos
1134 2916 1311 2979 numquam
1333 2915 1519 2979 usurpasse.

347 3011 520 3076 Caeterum
542 3009 619 3075 belli
642 3009 778 3075 insidiae
797 3011 904 3094 iustae
926 3022 1005 3075 sunt
1024 3027 1157 3091 omnes,
1171 3027 1252 3091 quas
1274 3006 1419 3091 prudens
1442 3008 1519 3073 hos·

347 3122 389 3188 tis
417 3141 484 3187 non
512 3121 673 3187 immerito
706 3135 829 3187 metuat
867 3135 899 3185 et
928 3119 961 3185 in
994 3118 1116 3202 quibus
1150 3120 1241 3185 nulla
1274 3132 1323 3184 est
1355 3117 1518 3184 amicitiae

347 3232 526 3299 simulatio.
573 3231 654 3296 Cum
675 3234 749 3316 quis
759 3232 892 3315 justum
911 3227 1031 3295 bellum
1050 3233 1247 3316 susceperit,
1269 3242 1384 3294 utrum
1404 3243 1520 3317 aperte

341 3357 469 3428 pugnet
497 3363 542 3408 an
568 3363 609 3406 ex
634 3340 768 3407 insidiis
787 3341 878 3406 nihil
895 3341 1127 3426 adjustitiam
1148 3343 1287 3406 interest
1307 3342 1330 3407 ⁸.
1374 3339 1422 3406 Et
1445 3342 1519 3407 hac-

346 3469 442 3520 tenus
465 3453 609 3536 Ulpiano
636 3466 669 3518 et
702 3452 910 3518 Socraticis*
934 3452 1128 3518 assentimur
1154 3453 1277 3517 bonum
1308 3471 1377 3519 esse
1406 3453 1517 3519 dolum

347 3565 404 3649 qui
427 3566 582 3631 adversus
601 3564 728 3629 hostem
751 3582 848 3629 usum
871 3563 978 3629 habet.
1002 3562 1103 3650 Quod
1123 3561 1225 3648 igitur
1243 3562 1341 3628 modo
1354 3562 1517 3641 diximus,

344 3678 432 3761 juste
453 3676 520 3761 geri
541 3676 662 3741 bellum
675 3674 715 3740 ab
738 3674 790 3740 his
813 3674 871 3756 qui
889 3688 1006 3757 sponte
1018 3688 1153 3759 gerunt,
1178 3687 1340 3754 quatenus
1363 3673 1448 3740 intra
1464 3677 1518 3760 jus

347 3802 455 3854 manet
477 3801 509 3853 et
537 3787 621 3853 intra
641 3805 793 3868 personas
818 3785 885 3870 J'uri
908 3784 1086 3870 obligatas,
1107 3783 1405 3868 interpretationem
1436 3786 1518 3852 hanc

354 3963 543 3977 ’.ὑ-.-

381 4069 480 4120 ¹Fem.
502 4070 576 4120 Diae.
600 4072 632 4120 ad
654 4073 745 4120 ducem
770 4069 871 4132 Regini.
895 4084 946 4132 reg.
972 4081 995 4128 s.
1019 4071 1049 4118 V.
1073 4069 1134 4118 silv.
1158 4069 1183 4118 in
1207 4084 1233 4120 v.
1257 4072 1363 4120 Bellum.
1393 4084 1416 4122 t.
1443 4086 1469 4121 n.
1494 4085 1517 4134 9.

346 4163 477 4210 Pantheol.
492 4162 566 4210 Rain.
583 4161 675 4211 Pisani.
693 4162 719 4210 in
737 4177 763 4211 v.
780 4163 886 4210 Bellum.
904 4175 927 4210 c.
947 4173 969 4218 5.
987 4163 1064 4209 Mart.
1082 4162 1161 4210 Laud.
1177 4175 1202 4222 q.
1222 4174 1262 4223 24.
1288 4158 1299 4194 ⁹
1316 4163 1347 4211 V.
1365 4162 1425 4210 Alb.
1444 4165 1517 4212 Gent.

347 4254 378 4301 tle
396 4250 451 4308 jure
469 4251 540 4300 belli.
557 4255 574 4300 l.
593 4265 616 4300 a.
631 4266 654 4300 c.
673 4265 696 4310 3.
714 4265 738 4314 4.
757 4263 780 4308 s.
799 4263 895 4312 etseq.
929 4249 1063 4312 insigues.
1082 4255 1184 4316 Quaest.
1202 4255 1220 4301 l.
1237 4253 1260 4302 6.
1279 4267 1304 4314 q.
1325 4266 1364 4302 ιο.
1384 4252 1478 4305 citatur
1493 4253 1517 4302 in

347 4356 370 4392 c.
387 4342 519 4390 Dominus.
538 4343 626 4405 [Dect.
645 4345 713 4391 Grat.
730 4358 756 4403 p.
776 4356 799 4390 2.
818 4355 858 4400 2³·
879 4356 901 4390 2.
921 4341 957 4405 a]
993 4342 1038 4390 ⁴1.
1061 4356 1081 4390 1.
1101 4346 1123 4401 ξ.
1143 4344 1271 4392 nonfuit.
1292 4343 1317 4392 ff.
1335 4346 1367 4394 de
1388 4345 1460 4395 dolo.
1476 4345 1518 4407 [D.

345 4446 371 4493 4.
391 4445 413 4490 3.
438 4446 459 4482 1.
475 4433 496 4494 §.
518 4433 553 4495 3.]
572 4435 643 4482 Plato
661 4436 693 4482 de
711 4447 765 4494 rep.
783 4435 800 4481 l.
819 4447 840 4480 2.
862 4433 901 4494 [p.
920 4436 977 4490 382.
995 4434 1030 4495 c.]
1052 4446 1077 4482 et
1104 4438 1121 4483 la
1148 4447 1170 4493 ³·
1198 4432 1235 4498 [p.
1260 4437 1317 4496 ³89·
1341 4433 1377 4497 b.]
1403 4437 1517 4496 Xenoph.

347 4524 445 4572 Comm.
463 4527 480 4572 l.
498 4538 522 4585 4.
542 4525 577 4586 [c.
596 4539 619 4572 t.
639 4529 660 4582 §-
681 4537 719 4580 ιε.
738 4525 788 4585 sq]
808 4525 883 4572 Mart.
902 4525 979 4572 haud.
997 4539 1021 4584 q.
1039 4539 1081 4586 44.
