3326 5506
331 598 393 659 208
637 613 683 659 us
707 613 800 678 Junn
828 613 1012 660 russulis.
1037 613 1116 659 cae.
1141 581 1208 659 x⁰11.

329 768 410 832 alter
444 765 548 848 ipsius
582 767 712 833 nomine
744 767 899 850 possedit.
954 768 1086 834 Habent
1120 766 1245 834 insulae
1280 766 1384 849 istae,
1421 790 1505 851 quas

328 877 490 960 dicimus,
515 893 547 943 et
566 898 692 962 semper
707 881 892 946 habuerunt
907 899 987 946 suos
1005 900 1116 966 reges,
1136 899 1228 945 suam
1247 881 1506 963 rempublicam,

329 1008 403 1056 suas
433 991 542 1075 leges,
576 1010 636 1057 sua
663 991 754 1075 jura:
779 991 950 1058 Lusitanis
979 1006 1163 1067 mercatus,
1188 1006 1226 1056 ut
1253 991 1326 1058 aliis
1350 991 1507 1076 gentibus

328 1102 538 1167 conceditur:
561 1101 673 1184 itaque
703 1116 735 1168 et
764 1103 887 1170 tributa
910 1123 984 1169 cum
1006 1103 1177 1186 pendunt,
1202 1117 1235 1166 et
1254 1103 1310 1186 J'us
1332 1104 1502 1170 mercandi

327 1235 344 1280 a
367 1211 576 1296 Principibus
608 1229 764 1296 exorant,
788 1214 940 1281 dominos
961 1236 996 1282 se
1021 1234 1088 1280 non
1113 1233 1182 1280 esse
1206 1213 1263 1280 sed
1291 1228 1328 1280 ut
1350 1229 1504 1281 externos

327 1325 481 1392 advenire
510 1325 588 1408 satis
620 1341 801 1392 testantur:
833 1347 873 1392 ne
905 1327 1055 1392 habitant
1087 1325 1220 1409 quidem
1244 1325 1308 1392 nisi
1340 1325 1499 1408 precario,

328 1437 374 1501 Et
405 1455 603 1520 quamquam
636 1437 677 1503 ad
709 1437 889 1504 dominium
920 1438 1038 1503 titulus
1070 1457 1136 1502 non
1165 1437 1326 1518 sufficiat,
1361 1437 1438 1519 quia
1472 1451 1504 1503 et

327 1548 496 1632 possessio
523 1549 726 1633 requiritur,
750 1571 825 1616 cum
848 1550 939 1616 aliud
961 1549 1005 1617 sit
1023 1570 1089 1614 rem
1111 1550 1249 1627 habere,
1273 1548 1363 1614 aliud
1383 1551 1439 1633 ius
1462 1550 1505 1614 ad

327 1681 393 1726 rem
417 1662 702 1744 consequendam,
725 1677 833 1728 tamen
850 1681 892 1728 ne
912 1661 1047 1728 titulum
1070 1660 1204 1743 quidem
1233 1659 1370 1727 dominii
1394 1660 1429 1726 in
1450 1680 1502 1726 eas

326 1787 434 1854 partes
458 1772 627 1840 Lusitanis
651 1775 755 1839 ullum
779 1793 849 1838 esse
868 1773 1011 1852 affinno,
1036 1793 1134 1855 quem
1154 1791 1220 1838 non
1244 1771 1324 1854 ipsis
1346 1770 1504 1855 eripuerit

327 1883 498 1949 doctorum
520 1899 552 1948 et
571 1884 704 1966 quidem
729 1884 1142 1968 Hispanorumsententia.
1182 1883 1327 1950 Primum
1343 1883 1371 1950 si
1390 1883 1503 1948 dicent

326 1994 527 2060 inventionis
543 1995 685 2078 praemio
707 2015 760 2062 eas
781 2011 881 2062 terras
900 1996 963 2062 sibi
981 1996 1138 2076 cessisse,
1159 2015 1217 2061 nec
1230 1995 1286 2079 J'us
1305 2015 1365 2060 nec
1385 2015 1500 2060 uerum

325 2106 445 2173 dicent.
467 2106 617 2172 Invenire
646 2107 731 2173 enim
749 2127 815 2174 non
833 2107 916 2174 illud
939 2122 1008 2187 est,
1032 2107 1138 2172 oculis
1157 2125 1337 2190 usurpare,
1363 2105 1421 2171 sed
1445 2127 1502 2189 ap-

325 2217 550 2300 prehendere,
575 2233 613 2284 ut
636 2217 798 2284 Gordiani
814 2218 952 2301 epistola
977 2231 986 2264 ¹
1010 2219 1215 2288 ostenditur:
1237 2218 1323 2286 unde
1345 2237 1503 2302 gramma-

326 2328 419 2394 tici⁸
454 2328 599 2395 invenire
629 2345 661 2396 et
690 2350 851 2413 occupare
877 2337 938 2412 pro
965 2330 1076 2397 verbis
1103 2345 1232 2413 ponunt
1259 2329 1344 2396 idem
1374 2329 1502 2414 signifi-

326 2440 494 2508 cantibus:
523 2456 556 2507 et
581 2455 650 2508 tota
677 2441 839 2507 Latinitas
862 2443 873 2479 ⁸
897 2443 988 2525 quod
1017 2442 1127 2525 adepti
1151 2459 1287 2522 sumus,
1311 2439 1345 2506 id
1366 2441 1498 2506 demum

325 2551 489 2620 invenisse
512 2573 573 2619 nos
596 2553 700 2635 dicit,
724 2553 779 2620 cui
802 2555 993 2638 oppositum
1017 2568 1067 2621 est
1087 2553 1234 2637 perdere.
1258 2551 1351 2639 Quin
1375 2567 1408 2617 et
1431 2552 1502 2636 ipsa

325 2665 480 2732 naturalis
503 2665 611 2746 ratio,
635 2681 667 2733 et
689 2667 798 2751 legum
822 2665 943 2732 diserta
965 2668 1085 2747 verba,
1111 2680 1143 2730 et
1166 2663 1380 2730 eruditiorum
1401 2664 1502 2730 inter-

323 2776 463 2860 pretatio
493 2781 505 2818 ⁴
534 2776 706 2844 manifeste
737 2777 881 2844 ostendit
909 2777 950 2843 ad
982 2777 1117 2844 titulum
1150 2775 1287 2843 dominii
1319 2778 1501 2858 parandum

324 2909 393 2956 eam
417 2889 545 2956 demum
569 2889 713 2956 sufficere
734 2888 978 2971 inventionem,
995 2907 1080 2971 quae
1102 2908 1176 2955 cum
1196 2887 1404 2970 possessione
1422 2909 1502 2955 con-

320 3002 435 3086 juncta
463 3016 512 3068 est
534 3007 565 3082 ⁵,
594 3000 653 3068 ubi
685 3000 810 3067 scilicet
841 3021 892 3067 res
925 3000 1065 3067 mobiles
1101 3000 1408 3083 apprehenduntur,
1445 3017 1502 3066 aut

323 3112 508 3178 immobiles
530 3112 679 3178 terminis
700 3128 800 3194 atque
824 3112 974 3179 custodia
996 3111 1187 3194 saepiuntur
1209 3108 1238 3175 ⁸:
1268 3111 1357 3193 quod
1381 3110 1414 3176 in
1440 3113 1501 3178 har.

324 3224 431 3306 specie
459 3224 524 3289 dici
553 3225 645 3289 nullo
671 3224 769 3290 modo
792 3238 914 3306 potest.
961 3225 1047 3290 Nam
1071 3223 1229 3306 praesidia
1254 3222 1321 3288 illic
1345 3223 1500 3290 Lusitani

323 3336 414 3400 nulla
436 3335 567 3400 babent.
613 3335 706 3422 Quid
736 3334 827 3417 quod
858 3355 898 3402 ue
930 3335 1087 3418 reperisse
1116 3334 1248 3417 quidem
1271 3335 1397 3401 Indiam
1431 3337 1499 3400 ullo

323 3445 422 3511 modo
452 3445 516 3511 dici
544 3461 684 3530 possunt
705 3446 882 3529 Lusitani,
903 3468 991 3529 quae
1013 3461 1064 3512 tot
1086 3468 1103 3513 a
1127 3445 1266 3513 saeculis
1286 3445 1393 3513 fuerat
1416 3449 1498 3512 cele·

323 3557 483 3625 bertima?
505 3558 576 3643 Jam
598 3560 638 3624 ab
663 3557 794 3624 Horatii
815 3559 827 3600 ⁷
852 3573 996 3641 tempore

477 3671 625 3758 Impiger
646 3685 809 3737 extremos
832 3673 945 3735 currit
968 3683 1136 3735 mercator
1158 3668 1206 3734 ad
1227 3668 1325 3736 Indos

478 3783 546 3848 Per
568 3803 662 3848 mare
679 3785 875 3869 pauperiem
892 3763 1040 3866 fugiens.

323 3967 520 3987 -ύ--ανι-ι--ὀ-ι

357 4105 365 4138 ¹
384 4109 401 4154 l.
417 4106 438 4154 si
457 4107 620 4154 Barsatoram.
645 4107 674 4153 C.
699 4107 730 4154 de
746 4101 949 4160 fidejussoribus.
970 4101 1013 4166 [C.
1031 4105 1054 4150 8.
1071 4115 1113 4164 41.
1132 4102 1182 4167 13.]
1219 4101 1314 4151 ²N0n.
1332 4104 1416 4152 Marc.
1435 4119 1458 4152 c.
1473 4118 1496 4165 4.

222 4197 223 4200 ’
322 4198 348 4244 in
367 4213 392 4246 v.
411 4199 551 4257 occupare.
585 4193 1406 4252 ⁸V.c0nnanum.comm.ju1·isciviris.1.mc.ainfine.
1438 4196 1496 4242 ⁴V.

322 4291 466 4338 Donellum.
489 4290 519 4337 de
543 4287 599 4344 iure
621 4287 703 4336 civili.
728 4288 743 4333 l.
766 4299 789 4348 4.
813 4300 836 4335 c.
863 4300 901 4334 10.
937 4285 1025 4336 ilust.
1048 4288 1080 4336 de
1098 4299 1146 4334 rer.
1166 4287 1218 4336 div.
1237 4291 1258 4345 §-
1277 4286 1340 4334 illud
1355 4288 1495 4346 quaesitum

322 4392 367 4428 est.
387 4379 419 4444 [l.
439 4394 461 4428 a.
482 4394 503 4428 1.
522 4384 542 4439 3.
563 4379 613 4440 1³·]
649 4377 694 4424 ⁶1.
714 4389 736 4434 3.
754 4380 775 4435 5.
794 4377 918 4426 Neratius.
937 4378 963 4426 in
980 4378 999 4426 f.
1015 4377 1040 4424 ff.
1059 4379 1089 4426 de
1108 4391 1164 4438 aeq.
1179 4391 1250 4437 poss.
1270 4378 1313 4438 [D.
1331 4391 1372 4436 41.
1393 4391 1417 4426 2.
1435 4391 1457 4434 3.
1475 4382 1494 4435 ξ.

323 4470 358 4534 3.]
394 4469 404 4507 ⁷
422 4471 503 4532 Epist.
521 4472 537 4518 l.
556 4483 576 4517 1.
596 4483 616 4516 r.
637 4469 688 4530 [vs.
707 4480 748 4529 4⁵·
766 4469 836 4529 sq.]1
