3362 5504
462 629 508 674 DE
532 631 625 696 Junn
643 628 835 702 *tunsone
860 628 939 676 CAP.
964 629 1045 676 xm.
1276 627 1339 690 279

168 797 200 846 ct
232 798 332 868 parte
363 783 566 870 reipublicae
590 770 863 868 'satisfactionem
896 783 1055 870 accipere.
1105 782 1226 864 Neque
1260 800 1339 846 vero
1357 797 1497 897 ,522qu-

169 894 253 960 lides
286 894 479 961 Hollandica
512 897 578 960 ulla
610 915 649 959 ex
678 908 769 979 parte
799 895 943 961 accusari
964 909 1081 978 potest.
1127 893 1223 959 Nihil
1253 892 1339 959 enim
1353 883 1497 966 111·'p.11.‘

169 1021 218 1072 est
238 1007 408 1073 Lusitanis
430 1007 562 1090 publice
582 1006 796 1089 promissum:
831 1007 894 1074 nisi
918 1007 993 1089 quis
1024 1007 1088 1071 huc
1109 1007 1235 1070 trahere
1258 1004 1497 1121 velitfssim

151 1118 344 1201 diplomata
373 1117 466 1184 liberi
490 1131 712 1199 commeatus,
737 1139 821 1201 quae
843 1117 1012 1184 Lusitanis
1034 1136 1184 1184 concessa
1209 1115 1338 1198 fuisse,
1365 1106 1372 1119 ’
1445 1107 1452 1122 ’
1491 1107 1498 1122 ’

168 1229 203 1294 in
237 1229 459 1296 testimonium
501 1228 705 1296 innocentiae
740 1231 935 1297 Batavorum
968 1229 1046 1296 alibi
1076 1227 1339 1295 memoravimus.

170 1341 236 1406 Sed
265 1341 319 1406 illa
342 1341 424 1407 nihil
451 1341 592 1424 amplius
615 1361 713 1424 quam
737 1363 777 1407 ex
808 1340 891 1408 locis
923 1341 1101 1410 hostilibus
1135 1341 1167 1405 in
1200 1341 1341 1406 Batavos

168 1453 376 1533 transeundi,
388 1472 583 1535 rursumque
596 1453 773 1538 emigrandi
787 1453 950 1520 licentiam
963 1453 1135 1538 indulgent
1145 1477 1152 1518 :
1163 1471 1228 1519 non
1243 1451 1339 1517 etiam

168 1585 209 1628 ex
231 1563 314 1629 locis
337 1564 514 1630 hostilibus
536 1566 602 1631 alio
635 1565 755 1647 quovis
778 1565 1005 1646 commeandi,
1033 1566 1138 1630 multo
1169 1563 1278 1629 minus
1307 1563 1340 1628 in

169 1677 262 1742 locos
283 1676 443 1756 hostiles,
467 1675 871 1758 evidentissimaratione,
896 1676 975 1758 quia
995 1689 1205 1741 mercaturam
1218 1675 1340 1740 civium

169 1807 304 1853 suorum
328 1785 551 1872 benignissimi
574 1808 723 1870 proceres
743 1789 924 1870 provehere
953 1789 1154 1868 voluerunt,
1183 1805 1266 1869 quae
1291 1806 1342 1852 res

169 1898 266 1964 etiam
287 1897 409 1966 aerario
431 1897 660 1981 compendiosa
678 1913 750 1979 est,
774 1918 841 1965 non
864 1913 972 1965 autern
994 1898 1146 1965 hostibus
1163 1895 1341 1963 ditescendi

170 2007 373 2075 occasionem
396 2024 581 2092 praestare,
616 2010 708 2092 quod
738 2010 819 2092 ipsis
853 2029 919 2076 non
950 2011 1048 2076 modo
1079 2029 1146 2075 non
1175 2009 1341 2075 lucrosum

170 2140 283 2186 verum
302 2120 397 2187 etiam
409 2120 632 2203 periculosum
655 2121 752 2188 foret.
787 2121 1008 2188 Notissimum
1031 2136 1138 2187 autem
1160 2133 1209 2185 est
1230 2139 1342 2202 quam-

171 2251 269 2314 quam
304 2231 472 2300 beneficiis
501 2232 645 2315 publicis
679 2232 903 2299 liberalissima
927 2233 1125 2299 concedatur
1154 2230 1344 2314 interpreta-

171 2343 218 2410 tio
245 2348 276 2424 ¹,
298 2344 332 2409 id
354 2359 461 2410 tamen
486 2348 593 2411 locum
619 2365 685 2415 non
713 2347 833 2411 habere
862 2344 895 2409 in
917 2343 1098 2428 privilegiis
1124 2358 1156 2408 et
1177 2342 1342 2425 dispensa-

171 2454 343 2538 tionibus,
369 2476 450 2537 quas
471 2455 622 2522 dicimus.
671 2457 756 2522 Istae
779 2453 872 2522 enim
906 2455 1070 2521 communi
1096 2454 1162 2538 juri
1192 2474 1267 2519 cum
1294 2472 1345 2520 re·

171 2580 319 2650 pugnent
341 2566 381 2631 ad
400 2568 653 2650 consequentias
669 2568 843 2634 trahendae
868 2587 934 2633 non
957 2582 1052 2635 sunt:
1076 2581 1114 2632 ut
1134 2568 1200 2650 jam
1220 2580 1342 2631 taceam

171 2676 205 2742 in
228 2677 301 2744 aliis
322 2678 416 2742 etiam
439 2678 625 2757 beneficiis,
649 2678 835 2760 praesertim
860 2698 943 2760 quae
965 2678 1005 2743 ad
1024 2677 1125 2760 partis
1146 2676 1342 2743 desiderium

172 2807 326 2854 concessa
350 2803 429 2855 sunt
442 2836 472 2869 ,.
487 2790 514 2856 si
536 2789 619 2870 quid
649 2808 772 2856 novum
796 2804 896 2871 atque
917 2789 1109 2854 inusitatum
1131 2787 1341 2867 contineant,

171 2900 345 2983 praecipue
368 2919 447 2967 vero
476 2900 504 2964 si
537 2900 618 2983 quid
651 2899 794 2982 publicis
817 2899 1016 2965 utilitatibus
1039 2899 1257 2978 insidiosum,
1292 2917 1341 2964 se·

172 3011 339 3092 quendum
363 3031 431 3078 esse
454 3031 584 3078 sensum
605 3011 783 3094 parciorem
804 3008 830 3075 ¹.
862 3011 963 3098 Quod
995 3011 1101 3093 ipsum
1126 3025 1250 3092 quanto
1273 3029 1343 3077 cer-

171 3121 239 3188 tius
262 3122 323 3186 erit
343 3121 377 3187 in
400 3121 576 3204 hostibus,
610 3142 750 3204 quorum
783 3141 939 3204 personae
962 3121 1093 3186 minime
1117 3135 1194 3187 sunt
1217 3120 1344 3188 lavora-

172 3232 277 3311 biles,
301 3248 334 3298 et
356 3233 495 3314 quidem¹
523 3233 578 3298 ubi
595 3233 684 3300 ratio
717 3253 784 3300 non
805 3233 903 3298 modo
925 3232 1076 3309 diversa,
1107 3252 1222 3299 verum
1247 3231 1342 3298 etiam

173 3344 336 3409 contraria
354 3344 429 3410 est?
474 3344 524 3409 Ut
550 3345 616 3428 jam
648 3359 770 3410 taceam
799 3345 924 3410 etiamsi
956 3344 1148 3410 beneficium
1169 3345 1344 3426 hucusque

173 3455 296 3539 porrigi
318 3469 454 3537 posset,
478 3469 584 3520 tamen
607 3455 798 3537 quicunque
818 3454 903 3522 facta
926 3455 1159 3522 Lusitanorum
1181 3470 1257 3538 post
1268 3473 1345 3520 con·

173 3566 354 3632 cessionem
376 3565 514 3649 legerit,
539 3564 671 3631 minime
705 3566 930 3633 dubitaturum
955 3566 1035 3649 quin
1060 3587 1094 3631 se
1125 3566 1275 3632 Lusitani
1305 3585 1343 3631 eo

174 3677 329 3761 indignos
358 3676 570 3742 reddiderint.
628 3676 741 3741 Finem
774 3692 879 3742 autem
915 3692 984 3742 tum
1020 3679 1106 3743 bello
1141 3677 1353 3762 universim,
1384 3699 1501 3766 secono.

174 3801 242 3852 tum
266 3787 398 3871 proprie
427 3788 460 3852 in
494 3788 673 3853 Lusitanos
696 3809 763 3855 non
786 3788 885 3854 alium
909 3789 972 3854 sibi
995 3787 1100 3854 videri
1122 3803 1263 3870 possunt
1282 3788 1344 3853 Or·
1357 3757 1421 3852 [Ψ
1430 3764 1500 3802 ‘'⁸¹‘'

173 3899 265 3964 dines
286 3899 519 3982 proposuisse,
547 3921 644 3981 quam
668 3900 932 3966 consecutionem
953 3899 1059 3984 juris,
1085 3898 1176 3980 quod
1204 3913 1260 3964 aut
1280 3899 1344 3964 rei-

174 4010 324 4094 publicae
345 4025 402 4076 aut
433 4009 563 4076 civibus
584 4011 746 4092 debetur,
766 4026 804 4077 ut
832 4010 967 4094 fatigata
999 4011 1174 4093 aliquando
1198 4011 1343 4076 hostium

173 4121 297 4186 malitia
319 4141 383 4204 pax
405 4142 441 4187 ea
463 4120 630 4204 pariatur,
654 4143 738 4204 quae
770 4122 853 4188 nihil
882 4121 1033 4188 habitura
1064 4121 1106 4187 sit
1129 4120 1343 4203 insidiarum,

207 4381 216 4414 ¹
233 4384 284 4445 Jas.
300 4382 326 4430 in
344 4384 361 4430 l.
378 4380 530 4430 beneficium
548 4381 575 4430 n.
594 4382 625 4430 de
643 4392 725 4431 const.
743 4381 826 4430 Princ.
845 4380 891 4442 (D.
911 4395 919 4428 r
950 4395 974 4442 4.
994 4381 1031 4444 3.)
1051 4394 1075 4427 n.
1095 4393 1134 4438 3³·
1153 4392 1177 4428 ct
1197 4392 1237 4437 37.
1263 4378 1274 4412 ²
1294 4382 1344 4443 Jas.

173 4473 209 4521 ibi
227 4487 252 4522 n.
267 4485 307 4530 32.
