3362 5504
465 611 512 656 ua
536 611 629 676 June
656 610 837 656 antenna.
863 611 942 656 cnr.
968 611 1042 657 xrv.
1278 612 1339 677 313

167 782 204 832 ut
232 781 359 850 praeter
385 764 533 850 justitiae
567 765 695 830 laudem
726 763 932 831 fortitudinis
964 766 1060 831 etiam
1090 765 1189 832 decus
1221 767 1340 832 merito

164 879 228 944 sibi
256 878 434 945 vindicent.
481 878 600 959 Neque
629 897 707 943 vero
736 877 885 943 dubitare
914 877 1016 960 licet,
1042 898 1126 959 quae
1148 876 1230 944 facta
1250 879 1344 945 vitu-

165 990 312 1074 perium,
345 1009 428 1071 quae
458 1005 571 1056 contra
602 989 704 1074 gloria
732 1003 913 1071 sequatur,
948 1006 980 1056 et
999 1011 1083 1072 quae
1111 990 1144 1055 in
1165 1005 1340 1073 utramque

164 1117 289 1190 partem
324 1101 444 1185 sperari
480 1102 595 1168 debeat
630 1101 755 1186 generis
790 1103 923 1167 humani
959 1102 1171 1168 existimatio.
1223 1103 1342 1169 Memi-

165 1215 309 1281 nerimus
344 1215 574 1297 exprobratum
611 1214 784 1280 Hollandis
818 1212 922 1280 fuisse
957 1216 996 1280 ab
1031 1215 1120 1280 Indis
1145 1215 1340 1297 nobilibus,

166 1327 257 1409 quod
287 1327 393 1410 primo
427 1326 543 1392 itinere
575 1326 652 1391 dum
685 1327 756 1410 paci
790 1328 943 1407 student,
977 1343 1119 1409 quatuor
1151 1347 1249 1393 naves
1285 1327 1342 1393 uni

165 1439 400 1506 Lusitanorum
433 1459 581 1504 caruccae
614 1441 686 1504 vela
720 1439 945 1506 submiserant.
1002 1439 1254 1505 Meminerimus
1289 1440 1341 1505 in-

166 1552 285 1617 citatos
322 1571 390 1617 esse
426 1551 598 1617 eosdema
627 1551 842 1633 Sinensibus,
880 1572 919 1636 ne
953 1570 1099 1633 eousque
1124 1550 1240 1616 famam
1265 1571 1342 1618 con-

166 1677 372 1743 temnerent,
407 1678 445 1728 ut
478 1662 587 1728 socios
623 1663 834 1729 Macaiintem
868 1665 909 1729 ad
942 1665 1055 1729 urbem
1090 1663 1124 1727 in
1158 1663 1342 1746 patibulum

164 1778 315 1843 sublatos
343 1775 490 1857 marique
520 1777 725 1855 submersos,
749 1797 782 1842 se
807 1755 939 1858 quidem
965 1775 1195 1858 invitissimis,
1220 1776 1343 1843 inultos

165 1901 364 1972 paterentur.
401 1886 490 1952 Tum
511 1907 588 1953 vero
608 1887 715 1953 animo
735 1903 1012 1970 repraesentemus
1031 1886 1129 1952 festas
1149 1887 1341 1954 bantamen-

165 2003 252 2068 sium
289 2000 557 2080 acclamationes,
591 2000 648 2081 qui
677 2000 859 2065 imminenti
893 1999 1033 2065 excidio
1056 2001 1215 2065 subtracti
1248 2001 1342 2064 Rata-

167 2134 283 2180 vorum
307 2113 448 2192 virtute,
473 2115 606 2178 classem
631 2112 717 2177 illam
738 2112 904 2177 victricem
926 2127 963 2177 ut
982 2113 1110 2178 unicam
1129 2132 1207 2178 suae
1227 2112 1342 2178 salutis

165 2241 331 2291 auctorem
353 2226 545 2290 salutarunt.
578 2225 714 2310 Quanta
734 2224 810 2289 hinc
834 2223 919 2290 fama
943 2245 1002 2306 per
1022 2224 1172 2291 insulas?
1199 2239 1342 2306 quantus

165 2339 199 2402 in
233 2340 343 2403 hostes
373 2335 502 2402 terror?
553 2337 656 2423 Quod
688 2356 766 2403 vero
790 2337 875 2420 regis
894 2336 1039 2421 Jorensis
1064 2336 1241 2422 gaudium,
1267 2356 1340 2401 cum

165 2467 277 2534 captae
301 2469 450 2515 caraccae
478 2448 627 2514 transtris
650 2449 715 2532 jam
738 2468 896 2529 securus,
919 2449 983 2533 jam
1007 2448 1193 2515 vindicatus
1212 2447 1341 2513 insiste-

164 2564 239 2630 ret?
265 2564 356 2628 Haec
377 2561 432 2627 illa
453 2577 529 2627 sunt
552 2559 657 2641 facta,
683 2581 766 2643 quae
790 2560 925 2646 gloriam
946 2561 1084 2627 batavae
1096 2561 1201 2645 gentis
1215 2561 1248 2624 in
1261 2562 1341 2626 ulti-

164 2695 235 2742 mos
258 2673 371 2740 mundi
395 2673 549 2738 terminos
580 2674 779 2738 extulerunt.
830 2674 1010 2739 Fatendum
1034 2673 1143 2752 enim,
1168 2671 1337 2738 fatendum

164 2803 230 2853 est:
256 2802 288 2852 et
307 2786 383 2869 quis
403 2785 531 2851 nescit?
557 2786 798 2850 Hollandorum
820 2805 938 2850 laomen
961 2800 1034 2850 ante
1056 2786 1135 2850 haec
1160 2785 1244 2849 bella
1270 2784 1337 2850 exi-

165 2901 238 2986 guis
268 2899 403 2965 notitiae
432 2898 556 2964 finibus
579 2912 769 2963 contentum
793 2895 868 2962 fuit.
917 2898 1012 2962 Freta
1039 2897 1128 2976 duo,
1153 2896 1186 2960 in
1210 2911 1338 2978 septen·

163 3013 301 3079 trionem
336 3011 563 3091 Cimbricum,
596 3009 630 3074 in
665 3010 866 3075 occidentem
902 3008 1102 3075 Gaditanum
1137 3028 1188 3075 res
1225 3029 1337 3075 eorum

163 3125 348 3206 famamque
381 3144 489 3189 rerum
523 3123 731 3188 incluserant.
778 3121 895 3187 Hostis
920 3121 1061 3203 Hispani
1083 3121 1253 3187 celebritas
1278 3122 1337 3186 ali-

166 3252 326 3320 quantum
356 3235 490 3318 profuit.
544 3234 701 3308 Innotuit,
727 3234 811 3299 enim
835 3233 965 3317 longius
995 3232 1135 3316 positis,
1160 3234 1193 3299 in
1218 3233 1334 3300 ultimo

166 3348 280 3415 oceani
311 3349 432 3433 angulo
466 3347 615 3432 exiguam
650 3366 719 3413 esse
742 3346 932 3427 nationem,
957 3365 1040 3427 quae
1063 3364 1129 3411 non
1155 3345 1337 3412 dubitasset

166 3460 376 3544 Hispanicam
407 3459 663 3544 magnitudinem
697 3460 730 3527 in
754 3481 787 3527 se
809 3459 935 3525 irritare
959 3473 1058 3540 atque
1082 3458 1177 3524 etiam
1198 3458 1337 3526 feliciter

166 3588 216 3638 tot
237 3592 295 3655 per
314 3590 416 3638 annos
438 3572 621 3638 retundere.
659 3571 836 3654 Postquam
860 3572 902 3637 ad
924 3570 1023 3638 Indos
1042 3584 1201 3650 ventum,
1225 3570 1336 3636 habita

165 3685 212 3749 ibi
242 3669 479 3751 Hollandorum
503 3683 608 3765 ratio,
633 3683 739 3764 qualis
763 3683 876 3747 haberi
900 3697 1114 3750 mercatorum
1137 3682 1239 3746 solet:
1265 3682 1337 3748 lau·

165 3798 239 3864 data
269 3797 350 3864 fides
382 3812 413 3862 et
444 3795 628 3876 industria,
660 3810 692 3859 et
720 3794 812 3876 quod
838 3809 963 3860 tantum
988 3793 1084 3859 maris
1109 3792 1338 3877 enavigassent

165 3909 432 3977 commerciorum
465 3908 577 3992 gratia.
625 3907 691 3972 Sed
719 3891 942 3990 praeradiabat
964 3905 1074 3990 fulgor
1098 3905 1237 3971 eximius
1259 3905 1337 3990 His·

165 4043 348 4107 panorum‚
382 4021 440 4103 qui
465 4020 642 4085 domitores
665 4019 767 4086 totius
791 4040 891 4102 prope
918 4018 1006 4085 orbis
1028 4033 1060 4082 et
1083 4017 1145 4084 soli
1166 4018 1336 4084 hominum

166 4135 283 4201 invicti
317 4133 538 4199 credebantur.
597 4131 742 4198 Oderant
777 4131 908 4213 quidem
940 4130 1119 4196 Lusitanos
1149 4129 1245 4209 Indi,
1281 4132 1338 4196 sed

165 4247 296 4313 interim
318 4247 505 4312 metuebant
526 4260 557 4308 et
579 4245 818 4310 venerabantur
841 4243 960 4322 etiam,
986 4242 1070 4308 sicut
1090 4242 1238 4307 audimus
1251 4243 1338 4325 apud

168 4337 318 4425 barbaras
342 4373 454 4443 gentes
478 4357 605 4423 Genios
629 4359 732 4422 nralos
752 4357 794 4421 ob
807 4357 870 4421 hoc
884 4376 1007 4435 unum,
1031 4369 1244 4434 nenoteant,
1261 4355 1336 4420 coli.

167 4472 298 4536 Insulas
335 4484 366 4535 et
386 4469 519 4549 littora,
544 4489 627 4550 quae
649 4468 786 4552 imperio
808 4487 873 4534 non
896 4482 1066 4551 poterant,
1091 4467 1282 4532 auctoritate
1306 4481 1339 4531 et
