<?xml version="1.0" encoding="UTF-8"?>
<!DOCTYPE html PUBLIC "-//W3C//DTD XHTML 1.0 Transitional//EN"
    "http://www.w3.org/TR/xhtml1/DTD/xhtml1-transitional.dtd">
<html xmlns="http://www.w3.org/1999/xhtml" xml:lang="en" lang="en">
 <head>
  <title>
</title>
<meta http-equiv="Content-Type" content="text/html;charset=utf-8" />
  <meta name='ocr-system' content='tesseract 3.04.00' />
  <meta name='ocr-capabilities' content='ocr_page ocr_carea ocr_par ocr_line ocrx_word'/>
</head>
<body>
  <div class='ocr_page' id='page_1' title='image "./ledroitdeprised01hamagoog_0257.png"; bbox 0 0 3326 5506; ppageno 0'>
   <div class='ocr_carea' id='block_1_1' title="bbox 451 615 1321 686">
    <p class='ocr_par' dir='ltr' id='par_1_1' title="bbox 451 615 1321 686">
     <span class='ocr_line' id='line_1_1' title="bbox 451 615 1321 686; baseline 0.003 -20"><span class='ocrx_word' id='word_1_1' title='bbox 451 621 498 666; x_wconf 81' lang='lat' dir='ltr'><strong>DF.</strong></span> <span class='ocrx_word' id='word_1_2' title='bbox 521 619 614 686; x_wconf 86' lang='lat' dir='ltr'>JURE</span> <span class='ocrx_word' id='word_1_3' title='bbox 641 619 823 666; x_wconf 67' lang='lat' dir='ltr'><strong>tubunas.</strong></span> <span class='ocrx_word' id='word_1_4' title='bbox 849 618 927 665; x_wconf 85' lang='lat' dir='ltr'><strong>CAP.</strong></span> <span class='ocrx_word' id='word_1_5' title='bbox 954 620 1017 666; x_wconf 84' lang='lat' dir='ltr'><strong>XII.</strong></span> <span class='ocrx_word' id='word_1_6' title='bbox 1260 615 1321 679; x_wconf 78' lang='grc'><strong>335</strong></span> 
     </span>
    </p>
   </div>
   <div class='ocr_carea' id='block_1_2' title="bbox 154 770 1328 3983">
    <p class='ocr_par' dir='ltr' id='par_1_2' title="bbox 154 770 1328 3983">
     <span class='ocr_line' id='line_1_2' title="bbox 157 770 1323 859; baseline -0.005 -18"><span class='ocrx_word' id='word_1_7' title='bbox 157 777 270 841; x_wconf 92' lang='lat' dir='ltr'><strong>simum</strong></span> <span class='ocrx_word' id='word_1_8' title='bbox 300 790 407 842; x_wconf 88' lang='lat' dir='ltr'><strong>autem</strong></span> <span class='ocrx_word' id='word_1_9' title='bbox 433 791 465 842; x_wconf 90' lang='lat' dir='ltr'><strong>et</strong></span> <span class='ocrx_word' id='word_1_10' title='bbox 489 775 571 841; x_wconf 92' lang='lat' dir='ltr'><strong>illud</strong></span> <span class='ocrx_word' id='word_1_11' title='bbox 592 790 664 857; x_wconf 91' lang='lat' dir='ltr'><strong>est,</strong></span> <span class='ocrx_word' id='word_1_12' title='bbox 688 775 779 858; x_wconf 87' lang='lat' dir='ltr'><strong>quod</strong></span> <span class='ocrx_word' id='word_1_13' title='bbox 805 776 954 859; x_wconf 85' lang='lat' dir='ltr'><strong>Angelus</strong></span> <span class='ocrx_word' id='word_1_14' title='bbox 978 772 1112 854; x_wconf 91' lang='lat' dir='ltr'><strong>docuit,</strong></span> <span class='ocrx_word' id='word_1_15' title='bbox 1136 771 1261 838; x_wconf 89' lang='lat' dir='ltr'><strong>etiamsi</strong></span> <span class='ocrx_word' id='word_1_16' title='bbox 1282 770 1323 835; x_wconf 90' lang='lat' dir='ltr'><strong>ad</strong></span> 
     </span>
     <span class='ocr_line' id='line_1_3' title="bbox 157 883 1321 971; baseline -0.003 -20"><span class='ocrx_word' id='word_1_17' title='bbox 157 886 335 953; x_wconf 90' lang='lat' dir='ltr'><strong>dominium</strong></span> <span class='ocrx_word' id='word_1_18' title='bbox 367 887 579 971; x_wconf 88' lang='lat' dir='ltr'>praescriptio</span> <span class='ocrx_word' id='word_1_19' title='bbox 611 885 769 970; x_wconf 88' lang='lat' dir='ltr'><strong>prolicere</strong></span> <span class='ocrx_word' id='word_1_20' title='bbox 796 906 863 953; x_wconf 93' lang='lat' dir='ltr'><strong>non</strong></span> <span class='ocrx_word' id='word_1_21' title='bbox 893 900 1027 969; x_wconf 87' lang='lat' dir='ltr'><strong>posset,</strong></span> <span class='ocrx_word' id='word_1_22' title='bbox 1054 900 1161 951; x_wconf 90' lang='lat' dir='ltr'><strong>tamen</strong></span> <span class='ocrx_word' id='word_1_23' title='bbox 1185 883 1321 949; x_wconf 90' lang='lat' dir='ltr'><strong>dandam</strong></span> 
     </span>
     <span class='ocr_line' id='line_1_4' title="bbox 156 995 1322 1082; baseline -0.003 -20"><span class='ocrx_word' id='word_1_24' title='bbox 156 997 222 1064; x_wconf 90' lang='lat' dir='ltr'><strong>fore</strong></span> <span class='ocrx_word' id='word_1_25' title='bbox 243 998 427 1081; x_wconf 90' lang='lat' dir='ltr'>possidenti</span> <span class='ocrx_word' id='word_1_26' title='bbox 457 999 689 1082; x_wconf 86' lang='lat' dir='ltr'><strong>exceptionem.</strong></span> <span class='ocrx_word' id='word_1_27' title='bbox 735 999 820 1064; x_wconf 92' lang='lat' dir='ltr'><strong>Nam</strong></span> <span class='ocrx_word' id='word_1_28' title='bbox 841 997 1039 1081; x_wconf 84' lang='lat' dir='ltr'><strong>Papinianus</strong></span> <span class='ocrx_word' id='word_1_29' title='bbox 1062 995 1073 1033; x_wconf 91' lang='lat'>¹</span> <span class='ocrx_word' id='word_1_30' title='bbox 1097 995 1226 1062; x_wconf 87' lang='lat' dir='ltr'><strong>disertis</strong></span> <span class='ocrx_word' id='word_1_31' title='bbox 1249 1014 1322 1060; x_wconf 91' lang='lat' dir='ltr'><strong>ver·</strong></span> 
     </span>
     <span class='ocr_line' id='line_1_5' title="bbox 156 1105 1321 1196; baseline -0.003 -23"><span class='ocrx_word' id='word_1_32' title='bbox 156 1109 203 1174; x_wconf 89' lang='lat' dir='ltr'><strong>bis</strong></span> <span class='ocrx_word' id='word_1_33' title='bbox 233 1110 457 1193; x_wconf 87' lang='lat' dir='ltr'><strong>exceptionem</strong></span> <span class='ocrx_word' id='word_1_34' title='bbox 491 1125 588 1196; x_wconf 87' lang='lat' dir='ltr'><strong>negat</strong></span> <span class='ocrx_word' id='word_1_35' title='bbox 611 1125 643 1176; x_wconf 91' lang='lat' dir='ltr'><strong>et</strong></span> <span class='ocrx_word' id='word_1_36' title='bbox 665 1111 758 1178; x_wconf 91' lang='lat' dir='ltr'><strong>aliter</strong></span> <span class='ocrx_word' id='word_1_37' title='bbox 780 1128 846 1176; x_wconf 95' lang='lat' dir='ltr'><strong>non</strong></span> <span class='ocrx_word' id='word_1_38' title='bbox 875 1109 986 1193; x_wconf 92' lang='lat' dir='ltr'><strong>potuit</strong></span> <span class='ocrx_word' id='word_1_39' title='bbox 1008 1108 1151 1188; x_wconf 87' lang='lat' dir='ltr'><strong>sentire,</strong></span> <span class='ocrx_word' id='word_1_40' title='bbox 1175 1126 1248 1173; x_wconf 91' lang='lat' dir='ltr'><strong>curn</strong></span> <span class='ocrx_word' id='word_1_41' title='bbox 1273 1105 1321 1188; x_wconf 91' lang='lat' dir='ltr'><strong>ip·</strong></span> 
     </span>
     <span class='ocr_line' id='line_1_6' title="bbox 154 1217 1322 1314; baseline -0.004 -27"><span class='ocrx_word' id='word_1_42' title='bbox 154 1221 221 1287; x_wconf 90' lang='lat' dir='ltr'><strong>sius</strong></span> <span class='ocrx_word' id='word_1_43' title='bbox 254 1225 386 1314; x_wconf 80' lang='lat' dir='ltr'><strong>saeculo</strong></span> <span class='ocrx_word' id='word_1_44' title='bbox 420 1221 632 1306; x_wconf 87' lang='lat' dir='ltr'><strong>praescriptio</strong></span> <span class='ocrx_word' id='word_1_45' title='bbox 668 1222 751 1289; x_wconf 88' lang='lat' dir='ltr'><strong>nihil</strong></span> <span class='ocrx_word' id='word_1_46' title='bbox 781 1236 866 1288; x_wconf 90' lang='lat' dir='ltr'><strong>esset</strong></span> <span class='ocrx_word' id='word_1_47' title='bbox 900 1220 989 1286; x_wconf 91' lang='lat' dir='ltr'><strong>aliud</strong></span> <span class='ocrx_word' id='word_1_48' title='bbox 1023 1240 1120 1303; x_wconf 91' lang='lat' dir='ltr'><strong>quam</strong></span> <span class='ocrx_word' id='word_1_49' title='bbox 1162 1217 1322 1300; x_wconf 86' lang='lat' dir='ltr'><strong>exceptio.</strong></span> 
     </span>
     <span class='ocr_line' id='line_1_7' title="bbox 154 1327 1321 1420; baseline -0.004 -23"><span class='ocrx_word' id='word_1_50' title='bbox 154 1333 278 1398; x_wconf 91' lang='lat' dir='ltr'><strong>Verum</strong></span> <span class='ocrx_word' id='word_1_51' title='bbox 307 1333 408 1418; x_wconf 87' lang='lat' dir='ltr'><strong>igitur</strong></span> <span class='ocrx_word' id='word_1_52' title='bbox 438 1349 487 1399; x_wconf 89' lang='lat' dir='ltr'><strong>est</strong></span> <span class='ocrx_word' id='word_1_53' title='bbox 519 1334 612 1416; x_wconf 90' lang='lat' dir='ltr'><strong>quod</strong></span> <span class='ocrx_word' id='word_1_54' title='bbox 641 1347 673 1399; x_wconf 89' lang='lat' dir='ltr'><strong>et</strong></span> <span class='ocrx_word' id='word_1_55' title='bbox 693 1335 780 1420; x_wconf 86' lang='lat' dir='ltr'><strong>leges</strong></span> <span class='ocrx_word' id='word_1_56' title='bbox 805 1332 1001 1416; x_wconf 90' lang='lat' dir='ltr'><strong>Hispanicae</strong></span> <span class='ocrx_word' id='word_1_57' title='bbox 1025 1331 1211 1414; x_wconf 91' lang='lat' dir='ltr'><strong>exprimunt</strong></span> <span class='ocrx_word' id='word_1_58' title='bbox 1233 1327 1268 1409; x_wconf 82' lang='lat'><strong>²,</strong></span> <span class='ocrx_word' id='word_1_59' title='bbox 1288 1328 1321 1393; x_wconf 94' lang='lat' dir='ltr'><strong>in</strong></span> 
     </span>
     <span class='ocr_line' id='line_1_8' title="bbox 155 1442 1323 1528; baseline -0.003 -20"><span class='ocrx_word' id='word_1_60' title='bbox 155 1444 205 1510; x_wconf 92' lang='lat' dir='ltr'><strong>his</strong></span> <span class='ocrx_word' id='word_1_61' title='bbox 223 1445 347 1528; x_wconf 89' lang='lat' dir='ltr'><strong>rebus,</strong></span> <span class='ocrx_word' id='word_1_62' title='bbox 368 1465 452 1528; x_wconf 89' lang='lat' dir='ltr'><strong>quae</strong></span> <span class='ocrx_word' id='word_1_63' title='bbox 475 1445 640 1512; x_wconf 90' lang='lat' dir='ltr'><strong>communi</strong></span> <span class='ocrx_word' id='word_1_64' title='bbox 663 1445 833 1514; x_wconf 91' lang='lat' dir='ltr'><strong>hominum</strong></span> <span class='ocrx_word' id='word_1_65' title='bbox 854 1444 929 1512; x_wconf 91' lang='lat' dir='ltr'><strong>usui</strong></span> <span class='ocrx_word' id='word_1_66' title='bbox 941 1458 1019 1511; x_wconf 87' lang='lat' dir='ltr'><strong>sunt</strong></span> <span class='ocrx_word' id='word_1_67' title='bbox 1030 1443 1226 1522; x_wconf 89' lang='lat' dir='ltr'><strong>attributae,</strong></span> <span class='ocrx_word' id='word_1_68' title='bbox 1249 1442 1323 1506; x_wconf 92' lang='lat' dir='ltr'><strong>nul·</strong></span> 
     </span>
     <span class='ocr_line' id='line_1_9' title="bbox 155 1551 1323 1646; baseline -0.003 -26"><span class='ocrx_word' id='word_1_69' title='bbox 155 1555 217 1621; x_wconf 93' lang='lat' dir='ltr'><strong>lius</strong></span> <span class='ocrx_word' id='word_1_70' title='bbox 250 1556 385 1623; x_wconf 92' lang='lat' dir='ltr'><strong>omnino</strong></span> <span class='ocrx_word' id='word_1_71' title='bbox 413 1557 570 1640; x_wconf 87' lang='lat' dir='ltr'><strong>temporis</strong></span> <span class='ocrx_word' id='word_1_72' title='bbox 595 1556 883 1646; x_wconf 84' lang='lat' dir='ltr'><strong>praescriptionem</strong></span> <span class='ocrx_word' id='word_1_73' title='bbox 906 1555 1101 1640; x_wconf 87' lang='lat' dir='ltr'><strong>procedere:</strong></span> <span class='ocrx_word' id='word_1_74' title='bbox 1125 1554 1220 1637; x_wconf 88' lang='lat' dir='ltr'><strong>cujus</strong></span> <span class='ocrx_word' id='word_1_75' title='bbox 1243 1551 1323 1618; x_wconf 91' lang='lat' dir='ltr'><strong>deli-</strong></span> 
     </span>
     <span class='ocr_line' id='line_1_10' title="bbox 155 1665 1323 1753; baseline -0.002 -21"><span class='ocrx_word' id='word_1_76' title='bbox 155 1667 292 1734; x_wconf 91' lang='lat' dir='ltr'><strong>nitionis</strong></span> <span class='ocrx_word' id='word_1_77' title='bbox 322 1669 378 1735; x_wconf 91' lang='lat' dir='ltr'><strong>illa</strong></span> <span class='ocrx_word' id='word_1_78' title='bbox 405 1683 532 1753; x_wconf 89' lang='lat' dir='ltr'><strong>praeter</strong></span> <span class='ocrx_word' id='word_1_79' title='bbox 554 1683 694 1734; x_wconf 89' lang='lat' dir='ltr'><strong>caeteras</strong></span> <span class='ocrx_word' id='word_1_80' title='bbox 717 1668 800 1734; x_wconf 91' lang='lat' dir='ltr'><strong>ratio</strong></span> <span class='ocrx_word' id='word_1_81' title='bbox 823 1668 915 1733; x_wconf 90' lang='lat' dir='ltr'><strong>reddi</strong></span> <span class='ocrx_word' id='word_1_82' title='bbox 939 1682 1072 1751; x_wconf 88' lang='lat' dir='ltr'><strong>potest,</strong></span> <span class='ocrx_word' id='word_1_83' title='bbox 1097 1667 1189 1748; x_wconf 85' lang='lat' dir='ltr'><strong>quod</strong></span> <span class='ocrx_word' id='word_1_84' title='bbox 1211 1665 1323 1747; x_wconf 88' lang='lat' dir='ltr'><strong>quire</strong></span> 
     </span>
     <span class='ocr_line' id='line_1_11' title="bbox 155 1778 1323 1861; baseline -0.003 -17"><span class='ocrx_word' id='word_1_85' title='bbox 155 1779 321 1845; x_wconf 91' lang='lat' dir='ltr'><strong>communi</strong></span> <span class='ocrx_word' id='word_1_86' title='bbox 350 1780 456 1847; x_wconf 91' lang='lat' dir='ltr'><strong>utitur</strong></span> <span class='ocrx_word' id='word_1_87' title='bbox 490 1795 528 1846; x_wconf 93' lang='lat' dir='ltr'><strong>ut</strong></span> <span class='ocrx_word' id='word_1_88' title='bbox 555 1779 721 1847; x_wconf 91' lang='lat' dir='ltr'><strong>communi</strong></span> <span class='ocrx_word' id='word_1_89' title='bbox 748 1779 797 1846; x_wconf 91' lang='lat' dir='ltr'><strong>uti</strong></span> <span class='ocrx_word' id='word_1_90' title='bbox 827 1779 983 1860; x_wconf 90' lang='lat' dir='ltr'><strong>videtur,</strong></span> <span class='ocrx_word' id='word_1_91' title='bbox 1014 1799 1080 1845; x_wconf 92' lang='lat' dir='ltr'><strong>non</strong></span> <span class='ocrx_word' id='word_1_92' title='bbox 1114 1793 1221 1844; x_wconf 90' lang='lat' dir='ltr'><strong>autem</strong></span> <span class='ocrx_word' id='word_1_93' title='bbox 1250 1778 1323 1861; x_wconf 85' lang='lat' dir='ltr'><strong>jure</strong></span> 
     </span>
     <span class='ocr_line' id='line_1_12' title="bbox 155 1889 1322 1976; baseline -0.002 -20"><span class='ocrx_word' id='word_1_94' title='bbox 155 1891 310 1974; x_wconf 84' lang='lat' dir='ltr'><strong>propriu,</strong></span> <span class='ocrx_word' id='word_1_95' title='bbox 332 1892 426 1958; x_wconf 90' lang='lat' dir='ltr'><strong>etita</strong></span> <span class='ocrx_word' id='word_1_96' title='bbox 443 1891 661 1974; x_wconf 82' lang='lat' dir='ltr'><strong>praescribere</strong></span> <span class='ocrx_word' id='word_1_97' title='bbox 677 1910 743 1958; x_wconf 96' lang='lat' dir='ltr'><strong>non</strong></span> <span class='ocrx_word' id='word_1_98' title='bbox 755 1891 859 1976; x_wconf 84' lang='lat' dir='ltr'><strong>magis</strong></span> <span class='ocrx_word' id='word_1_99' title='bbox 870 1911 969 1973; x_wconf 89' lang='lat' dir='ltr'><strong>quam</strong></span> <span class='ocrx_word' id='word_1_100' title='bbox 979 1889 1178 1957; x_wconf 91' lang='lat' dir='ltr'><strong>fructuarius</strong></span> <span class='ocrx_word' id='word_1_101' title='bbox 1195 1905 1322 1973; x_wconf 87' lang='lat' dir='ltr'><strong>potest,</strong></span> 
     </span>
     <span class='ocr_line' id='line_1_13' title="bbox 155 2002 1322 2086; baseline -0.002 -18"><span class='ocrx_word' id='word_1_102' title='bbox 155 2003 239 2068; x_wconf 90' lang='lat' dir='ltr'><strong>vitio</strong></span> <span class='ocrx_word' id='word_1_103' title='bbox 260 2003 488 2086; x_wconf 88' lang='lat' dir='ltr'><strong>possessionis.</strong></span> <span class='ocrx_word' id='word_1_104' title='bbox 533 2005 647 2070; x_wconf 88' lang='lat' dir='ltr'><strong>Altera</strong></span> <span class='ocrx_word' id='word_1_105' title='bbox 670 2004 749 2069; x_wconf 94' lang='lat' dir='ltr'><strong>haec</strong></span> <span class='ocrx_word' id='word_1_106' title='bbox 766 2003 777 2040; x_wconf 81' lang='lat'>⁸</span> <span class='ocrx_word' id='word_1_107' title='bbox 796 2002 891 2068; x_wconf 90' lang='lat' dir='ltr'><strong>etiam</strong></span> <span class='ocrx_word' id='word_1_108' title='bbox 915 2021 980 2068; x_wconf 93' lang='lat' dir='ltr'><strong>non</strong></span> <span class='ocrx_word' id='word_1_109' title='bbox 1000 2003 1235 2068; x_wconf 88' lang='lat' dir='ltr'><strong>contemnenda</strong></span> <span class='ocrx_word' id='word_1_110' title='bbox 1254 2016 1322 2083; x_wconf 90' lang='lat' dir='ltr'><strong>est,</strong></span> 
     </span>
     <span class='ocr_line' id='line_1_14' title="bbox 156 2112 1323 2199; baseline -0.003 -19"><span class='ocrx_word' id='word_1_111' title='bbox 156 2115 247 2197; x_wconf 92' lang='lat' dir='ltr'><strong>quod</strong></span> <span class='ocrx_word' id='word_1_112' title='bbox 276 2114 310 2179; x_wconf 95' lang='lat' dir='ltr'><strong>in</strong></span> <span class='ocrx_word' id='word_1_113' title='bbox 337 2114 592 2199; x_wconf 86' lang='lat' dir='ltr'><strong>praescriptione</strong></span> <span class='ocrx_word' id='word_1_114' title='bbox 624 2113 778 2197; x_wconf 86' lang='lat' dir='ltr'><strong>temporis</strong></span> <span class='ocrx_word' id='word_1_115' title='bbox 806 2114 902 2198; x_wconf 82' lang='lat' dir='ltr'><strong>qu&#39;us</strong></span> <span class='ocrx_word' id='word_1_116' title='bbox 933 2112 1086 2179; x_wconf 89' lang='lat' dir='ltr'><strong>memoria</strong></span> <span class='ocrx_word' id='word_1_117' title='bbox 1109 2132 1175 2179; x_wconf 94' lang='lat' dir='ltr'><strong>non</strong></span> <span class='ocrx_word' id='word_1_118' title='bbox 1197 2127 1323 2192; x_wconf 87' lang='lat' dir='ltr'><strong>exstet,</strong></span> 
     </span>
     <span class='ocr_line' id='line_1_15' title="bbox 156 2224 1325 2309; baseline -0.002 -18"><span class='ocrx_word' id='word_1_119' title='bbox 156 2227 306 2308; x_wconf 90' lang='lat' dir='ltr'><strong>quamvis</strong></span> <span class='ocrx_word' id='word_1_120' title='bbox 328 2226 446 2294; x_wconf 88' lang='lat' dir='ltr'><strong>titulus</strong></span> <span class='ocrx_word' id='word_1_121' title='bbox 469 2241 502 2293; x_wconf 91' lang='lat' dir='ltr'><strong>et</strong></span> <span class='ocrx_word' id='word_1_122' title='bbox 520 2227 605 2292; x_wconf 86' lang='lat' dir='ltr'><strong>bona</strong></span> <span class='ocrx_word' id='word_1_123' title='bbox 625 2225 706 2293; x_wconf 90' lang='lat' dir='ltr'><strong>fides</strong></span> <span class='ocrx_word' id='word_1_124' title='bbox 725 2239 996 2309; x_wconf 83' lang='lat' dir='ltr'><strong>praesumantur,</strong></span> <span class='ocrx_word' id='word_1_125' title='bbox 1020 2225 1175 2290; x_wconf 87' lang='lat' dir='ltr'><strong>tamensi</strong></span> <span class='ocrx_word' id='word_1_126' title='bbox 1200 2245 1233 2288; x_wconf 92' lang='lat' dir='ltr'><strong>re</strong></span> <span class='ocrx_word' id='word_1_127' title='bbox 1254 2224 1325 2307; x_wconf 87' lang='lat' dir='ltr'><strong>ipsa</strong></span> 
     </span>
     <span class='ocr_line' id='line_1_16' title="bbox 155 2335 1325 2420; baseline -0.002 -18"><span class='ocrx_word' id='word_1_128' title='bbox 155 2352 308 2420; x_wconf 88' lang='lat' dir='ltr'><strong>appareat</strong></span> <span class='ocrx_word' id='word_1_129' title='bbox 339 2337 473 2404; x_wconf 91' lang='lat' dir='ltr'><strong>titulum</strong></span> <span class='ocrx_word' id='word_1_130' title='bbox 506 2337 639 2404; x_wconf 94' lang='lat' dir='ltr'><strong>omnino</strong></span> <span class='ocrx_word' id='word_1_131' title='bbox 671 2339 799 2403; x_wconf 91' lang='lat' dir='ltr'><strong>nullum</strong></span> <span class='ocrx_word' id='word_1_132' title='bbox 823 2336 892 2403; x_wconf 89' lang='lat' dir='ltr'><strong>dari</strong></span> <span class='ocrx_word' id='word_1_133' title='bbox 915 2356 1011 2418; x_wconf 91' lang='lat' dir='ltr'><strong>posse</strong></span> <span class='ocrx_word' id='word_1_134' title='bbox 1034 2351 1067 2401; x_wconf 90' lang='lat' dir='ltr'><strong>et</strong></span> <span class='ocrx_word' id='word_1_135' title='bbox 1088 2337 1135 2403; x_wconf 93' lang='lat' dir='ltr'><strong>sic</strong></span> <span class='ocrx_word' id='word_1_136' title='bbox 1155 2335 1325 2403; x_wconf 87' lang='lat' dir='ltr'><strong>manifesta</strong></span> 
     </span>
     <span class='ocr_line' id='line_1_17' title="bbox 156 2447 1324 2532; baseline -0.002 -18"><span class='ocrx_word' id='word_1_137' title='bbox 156 2449 198 2514; x_wconf 93' lang='lat' dir='ltr'><strong>sit</strong></span> <span class='ocrx_word' id='word_1_138' title='bbox 231 2448 315 2514; x_wconf 89' lang='lat' dir='ltr'><strong>fides</strong></span> <span class='ocrx_word' id='word_1_139' title='bbox 348 2451 453 2531; x_wconf 87' lang='lat' dir='ltr'><strong>mala,</strong></span> <span class='ocrx_word' id='word_1_140' title='bbox 489 2469 572 2530; x_wconf 89' lang='lat' dir='ltr'><strong>quae</strong></span> <span class='ocrx_word' id='word_1_141' title='bbox 605 2448 638 2512; x_wconf 93' lang='lat' dir='ltr'><strong>in</strong></span> <span class='ocrx_word' id='word_1_142' title='bbox 669 2450 794 2532; x_wconf 93' lang='lat' dir='ltr'><strong>populo</strong></span> <span class='ocrx_word' id='word_1_143' title='bbox 819 2447 956 2514; x_wconf 85' lang='lat' dir='ltr'><strong>maxime</strong></span> <span class='ocrx_word' id='word_1_144' title='bbox 981 2452 1072 2531; x_wconf 86' lang='lat' dir='ltr'><strong>quasi</strong></span> <span class='ocrx_word' id='word_1_145' title='bbox 1099 2468 1165 2515; x_wconf 91' lang='lat' dir='ltr'><strong>uno</strong></span> <span class='ocrx_word' id='word_1_146' title='bbox 1188 2467 1324 2530; x_wconf 90' lang='lat' dir='ltr'><strong>corpore</strong></span> 
     </span>
     <span class='ocr_line' id='line_1_18' title="bbox 158 2559 1325 2645; baseline -0.002 -20"><span class='ocrx_word' id='word_1_147' title='bbox 158 2574 313 2643; x_wconf 89' lang='lat' dir='ltr'><strong>perpetua</strong></span> <span class='ocrx_word' id='word_1_148' title='bbox 344 2579 413 2645; x_wconf 85' lang='lat' dir='ltr'><strong>esse</strong></span> <span class='ocrx_word' id='word_1_149' title='bbox 447 2575 619 2641; x_wconf 87' lang='lat' dir='ltr'><strong>censetur,</strong></span> <span class='ocrx_word' id='word_1_150' title='bbox 655 2581 695 2625; x_wconf 89' lang='lat' dir='ltr'><strong>ex</strong></span> <span class='ocrx_word' id='word_1_151' title='bbox 718 2560 842 2643; x_wconf 90' lang='lat' dir='ltr'><strong>duplici</strong></span> <span class='ocrx_word' id='word_1_152' title='bbox 866 2559 997 2627; x_wconf 91' lang='lat' dir='ltr'><strong>defectu</strong></span> <span class='ocrx_word' id='word_1_153' title='bbox 1019 2560 1232 2644; x_wconf 88' lang='lat' dir='ltr'><strong>praescriptio</strong></span> <span class='ocrx_word' id='word_1_154' title='bbox 1254 2578 1325 2624; x_wconf 91' lang='lat' dir='ltr'><strong>cor·</strong></span> 
     </span>
     <span class='ocr_line' id='line_1_19' title="bbox 158 2670 1325 2753; baseline 0 -19"><span class='ocrx_word' id='word_1_155' title='bbox 158 2672 224 2738; x_wconf 90' lang='lat' dir='ltr'><strong>ruit</strong></span> <span class='ocrx_word' id='word_1_156' title='bbox 243 2672 267 2737; x_wconf 76' lang='lat'><strong>⁴.</strong></span> <span class='ocrx_word' id='word_1_157' title='bbox 314 2671 428 2736; x_wconf 89' lang='lat' dir='ltr'><strong>Tertia</strong></span> <span class='ocrx_word' id='word_1_158' title='bbox 451 2691 555 2752; x_wconf 88' lang='lat' dir='ltr'><strong>vero,</strong></span> <span class='ocrx_word' id='word_1_159' title='bbox 579 2671 655 2753; x_wconf 88' lang='lat' dir='ltr'><strong>quia</strong></span> <span class='ocrx_word' id='word_1_160' title='bbox 673 2691 723 2738; x_wconf 92' lang='lat' dir='ltr'><strong>res</strong></span> <span class='ocrx_word' id='word_1_161' title='bbox 743 2671 822 2738; x_wconf 89' lang='lat' dir='ltr'><strong>haec</strong></span> <span class='ocrx_word' id='word_1_162' title='bbox 846 2687 895 2738; x_wconf 91' lang='lat' dir='ltr'><strong>est</strong></span> <span class='ocrx_word' id='word_1_163' title='bbox 918 2692 1022 2739; x_wconf 90' lang='lat' dir='ltr'><strong>merae</strong></span> <span class='ocrx_word' id='word_1_164' title='bbox 1043 2670 1225 2750; x_wconf 83' lang='lat' dir='ltr'><strong>facultatis,</strong></span> <span class='ocrx_word' id='word_1_165' title='bbox 1241 2690 1325 2750; x_wconf 89' lang='lat' dir='ltr'><strong>quae</strong></span> 
     </span>
     <span class='ocr_line' id='line_1_20' title="bbox 158 2781 1325 2864; baseline 0 -18"><span class='ocrx_word' id='word_1_166' title='bbox 158 2802 221 2846; x_wconf 91' lang='lat' dir='ltr'><strong>non</strong></span> <span class='ocrx_word' id='word_1_167' title='bbox 247 2781 502 2864; x_wconf 85' lang='lat' dir='ltr'><strong>praescribitur,</strong></span> <span class='ocrx_word' id='word_1_168' title='bbox 527 2797 565 2847; x_wconf 94' lang='lat' dir='ltr'><strong>ut</strong></span> <span class='ocrx_word' id='word_1_169' title='bbox 588 2781 673 2847; x_wconf 91' lang='lat' dir='ltr'><strong>infra</strong></span> <span class='ocrx_word' id='word_1_170' title='bbox 696 2782 1004 2849; x_wconf 84' lang='lat' dir='ltr'><strong>demonstrabimus.</strong></span> <span class='ocrx_word' id='word_1_171' title='bbox 1051 2783 1117 2848; x_wconf 87' lang='lat' dir='ltr'><strong>Sed</strong></span> <span class='ocrx_word' id='word_1_172' title='bbox 1139 2783 1252 2847; x_wconf 92' lang='lat' dir='ltr'><strong>nullus</strong></span> <span class='ocrx_word' id='word_1_173' title='bbox 1276 2795 1325 2848; x_wconf 89' lang='lat' dir='ltr'><strong>est</strong></span> 
     </span>
     <span class='ocr_line' id='line_1_21' title="bbox 158 2893 1325 2978; baseline 0 -21"><span class='ocrx_word' id='word_1_174' title='bbox 158 2893 231 2958; x_wconf 89' lang='lat' dir='ltr'><strong>linis</strong></span> <span class='ocrx_word' id='word_1_175' title='bbox 251 2893 462 2976; x_wconf 82' lang='lat' dir='ltr'><strong>argutiarum.</strong></span> <span class='ocrx_word' id='word_1_176' title='bbox 507 2893 636 2958; x_wconf 91' lang='lat' dir='ltr'><strong>Inventi</strong></span> <span class='ocrx_word' id='word_1_177' title='bbox 658 2907 736 2959; x_wconf 92' lang='lat' dir='ltr'><strong>sunt</strong></span> <span class='ocrx_word' id='word_1_178' title='bbox 758 2894 872 2976; x_wconf 91' lang='lat' dir='ltr'><strong>quiin</strong></span> <span class='ocrx_word' id='word_1_179' title='bbox 895 2895 958 2959; x_wconf 91' lang='lat' dir='ltr'><strong>hoc</strong></span> <span class='ocrx_word' id='word_1_180' title='bbox 984 2909 1174 2978; x_wconf 86' lang='lat' dir='ltr'><strong>argumento</strong></span> <span class='ocrx_word' id='word_1_181' title='bbox 1198 2915 1214 2958; x_wconf 88' lang='lat' dir='ltr'><strong>a</strong></span> <span class='ocrx_word' id='word_1_182' title='bbox 1235 2913 1325 2976; x_wconf 90' lang='lat' dir='ltr'><strong>prac-</strong></span> 
     </span>
     <span class='ocr_line' id='line_1_22' title="bbox 158 3003 1325 3090; baseline 0.002 -23"><span class='ocrx_word' id='word_1_183' title='bbox 158 3004 334 3086; x_wconf 89' lang='lat' dir='ltr'><strong>scriptione</strong></span> <span class='ocrx_word' id='word_1_184' title='bbox 357 3003 628 3070; x_wconf 90' lang='lat' dir='ltr'><strong>consuetudinem</strong></span> <span class='ocrx_word' id='word_1_185' title='bbox 650 3004 907 3090; x_wconf 85' lang='lat' dir='ltr'><strong>distinguerent,</strong></span> <span class='ocrx_word' id='word_1_186' title='bbox 926 3020 963 3071; x_wconf 94' lang='lat' dir='ltr'><strong>ut</strong></span> <span class='ocrx_word' id='word_1_187' title='bbox 981 3005 1036 3070; x_wconf 87' lang='lat' dir='ltr'><strong>illa</strong></span> <span class='ocrx_word' id='word_1_188' title='bbox 1055 3004 1180 3070; x_wconf 91' lang='lat' dir='ltr'><strong>scilicet</strong></span> <span class='ocrx_word' id='word_1_189' title='bbox 1201 3005 1325 3070; x_wconf 90' lang='lat' dir='ltr'><strong>exclusi</strong></span> 
     </span>
     <span class='ocr_line' id='line_1_23' title="bbox 158 3113 1327 3200; baseline 0.002 -22"><span class='ocrx_word' id='word_1_190' title='bbox 158 3116 197 3180; x_wconf 86' lang='lat' dir='ltr'><strong>ad</strong></span> <span class='ocrx_word' id='word_1_191' title='bbox 219 3118 303 3181; x_wconf 89' lang='lat' dir='ltr'><strong>bane</strong></span> <span class='ocrx_word' id='word_1_192' title='bbox 324 3113 547 3200; x_wconf 86' lang='lat' dir='ltr'><strong>confugerent.</strong></span> <span class='ocrx_word' id='word_1_193' title='bbox 593 3115 779 3183; x_wconf 91' lang='lat' dir='ltr'><strong>Discrimen</strong></span> <span class='ocrx_word' id='word_1_194' title='bbox 807 3131 915 3182; x_wconf 89' lang='lat' dir='ltr'><strong>autem</strong></span> <span class='ocrx_word' id='word_1_195' title='bbox 939 3115 1030 3198; x_wconf 86' lang='lat' dir='ltr'><strong>quod</strong></span> <span class='ocrx_word' id='word_1_196' title='bbox 1059 3116 1111 3181; x_wconf 91' lang='lat' dir='ltr'><strong>bic</strong></span> <span class='ocrx_word' id='word_1_197' title='bbox 1141 3130 1327 3182; x_wconf 90' lang='lat' dir='ltr'><strong>statuerunt</strong></span> 
     </span>
     <span class='ocr_line' id='line_1_24' title="bbox 158 3226 1326 3313; baseline 0 -20"><span class='ocrx_word' id='word_1_198' title='bbox 158 3245 233 3293; x_wconf 88' lang='lat' dir='ltr'><strong>sane</strong></span> <span class='ocrx_word' id='word_1_199' title='bbox 262 3226 436 3293; x_wconf 92' lang='lat' dir='ltr'><strong>ridiculum</strong></span> <span class='ocrx_word' id='word_1_200' title='bbox 461 3243 527 3294; x_wconf 91' lang='lat' dir='ltr'><strong>est:</strong></span> <span class='ocrx_word' id='word_1_201' title='bbox 553 3247 592 3292; x_wconf 91' lang='lat' dir='ltr'><strong>ex</strong></span> <span class='ocrx_word' id='word_1_202' title='bbox 615 3228 871 3311; x_wconf 88' lang='lat' dir='ltr'><strong>praescripti0ne</strong></span> <span class='ocrx_word' id='word_1_203' title='bbox 895 3229 987 3313; x_wconf 83' lang='lat' dir='ltr'><strong>ajunt</strong></span> <span class='ocrx_word' id='word_1_204' title='bbox 1012 3229 1066 3312; x_wconf 88' lang='lat' dir='ltr'><strong>jus</strong></span> <span class='ocrx_word' id='word_1_205' title='bbox 1089 3227 1211 3309; x_wconf 92' lang='lat' dir='ltr'><strong>unius,</strong></span> <span class='ocrx_word' id='word_1_206' title='bbox 1235 3228 1326 3310; x_wconf 91' lang='lat' dir='ltr'><strong>quod</strong></span> 
     </span>
     <span class='ocr_line' id='line_1_25' title="bbox 159 3338 1328 3425; baseline 0 -21"><span class='ocrx_word' id='word_1_207' title='bbox 159 3339 198 3404; x_wconf 88' lang='lat' dir='ltr'><strong>ab</strong></span> <span class='ocrx_word' id='word_1_208' title='bbox 222 3359 262 3403; x_wconf 90' lang='lat' dir='ltr'><strong>eo</strong></span> <span class='ocrx_word' id='word_1_209' title='bbox 283 3338 447 3421; x_wconf 88' lang='lat' dir='ltr'><strong>aufertur,</strong></span> <span class='ocrx_word' id='word_1_210' title='bbox 471 3338 562 3405; x_wconf 90' lang='lat' dir='ltr'><strong>alteri</strong></span> <span class='ocrx_word' id='word_1_211' title='bbox 585 3339 739 3422; x_wconf 86' lang='lat' dir='ltr'><strong>applicari</strong></span> <span class='ocrx_word' id='word_1_212' title='bbox 760 3339 790 3404; x_wconf 85' lang='lat'><strong>⁵:</strong></span> <span class='ocrx_word' id='word_1_213' title='bbox 814 3338 873 3404; x_wconf 88' lang='lat' dir='ltr'><strong>sed</strong></span> <span class='ocrx_word' id='word_1_214' title='bbox 895 3359 969 3405; x_wconf 93' lang='lat' dir='ltr'><strong>cum</strong></span> <span class='ocrx_word' id='word_1_215' title='bbox 993 3339 1129 3421; x_wconf 88' lang='lat' dir='ltr'><strong>aliquod</strong></span> <span class='ocrx_word' id='word_1_216' title='bbox 1146 3342 1200 3425; x_wconf 84' lang='lat' dir='ltr'><strong>jus</strong></span> <span class='ocrx_word' id='word_1_217' title='bbox 1214 3340 1257 3407; x_wconf 91' lang='lat' dir='ltr'><strong>ita</strong></span> <span class='ocrx_word' id='word_1_218' title='bbox 1270 3340 1328 3405; x_wconf 91' lang='lat' dir='ltr'><strong>ali-</strong></span> 
     </span>
     <span class='ocr_line' id='line_1_26' title="bbox 159 3449 1327 3532; baseline 0.003 -18"><span class='ocrx_word' id='word_1_219' title='bbox 159 3450 212 3514; x_wconf 91' lang='lat' dir='ltr'><strong>cui</strong></span> <span class='ocrx_word' id='word_1_220' title='bbox 241 3450 424 3532; x_wconf 90' lang='lat' dir='ltr'><strong>applicatur</strong></span> <span class='ocrx_word' id='word_1_221' title='bbox 456 3465 493 3516; x_wconf 93' lang='lat' dir='ltr'><strong>ut</strong></span> <span class='ocrx_word' id='word_1_222' title='bbox 521 3451 613 3516; x_wconf 91' lang='lat' dir='ltr'><strong>alteri</strong></span> <span class='ocrx_word' id='word_1_223' title='bbox 636 3471 702 3516; x_wconf 94' lang='lat' dir='ltr'><strong>non</strong></span> <span class='ocrx_word' id='word_1_224' title='bbox 726 3449 913 3532; x_wconf 85' lang='lat' dir='ltr'><strong>auferatur,</strong></span> <span class='ocrx_word' id='word_1_225' title='bbox 937 3465 1006 3516; x_wconf 93' lang='lat' dir='ltr'><strong>tum</strong></span> <span class='ocrx_word' id='word_1_226' title='bbox 1031 3452 1095 3517; x_wconf 93' lang='lat' dir='ltr'><strong>dici</strong></span> <span class='ocrx_word' id='word_1_227' title='bbox 1117 3452 1327 3519; x_wconf 90' lang='lat' dir='ltr'><strong>consuetudi·</strong></span> 
     </span>
     <span class='ocr_line' id='line_1_27' title="bbox 159 3562 1327 3647; baseline 0.004 -22"><span class='ocrx_word' id='word_1_228' title='bbox 159 3581 252 3626; x_wconf 74' lang='lat' dir='ltr'><strong>neme</strong></span> <span class='ocrx_word' id='word_1_229' title='bbox 284 3562 376 3645; x_wconf 89' lang='lat' dir='ltr'><strong>quasi</strong></span> <span class='ocrx_word' id='word_1_230' title='bbox 408 3583 486 3629; x_wconf 91' lang='lat' dir='ltr'><strong>vero</strong></span> <span class='ocrx_word' id='word_1_231' title='bbox 518 3583 591 3628; x_wconf 88' lang='lat' dir='ltr'><strong>cunr</strong></span> <span class='ocrx_word' id='word_1_232' title='bbox 612 3563 669 3646; x_wconf 86' lang='lat' dir='ltr'><strong>jus</strong></span> <span class='ocrx_word' id='word_1_233' title='bbox 691 3563 888 3647; x_wconf 86' lang='lat' dir='ltr'><strong>navigandi,</strong></span> <span class='ocrx_word' id='word_1_234' title='bbox 922 3564 1014 3645; x_wconf 92' lang='lat' dir='ltr'><strong>quod</strong></span> <span class='ocrx_word' id='word_1_235' title='bbox 1043 3564 1259 3630; x_wconf 91' lang='lat' dir='ltr'><strong>communiter</strong></span> <span class='ocrx_word' id='word_1_236' title='bbox 1287 3564 1327 3630; x_wconf 90' lang='lat' dir='ltr'><strong>ad</strong></span> 
     </span>
     <span class='ocr_line' id='line_1_28' title="bbox 159 3673 1326 3759; baseline 0.003 -22"><span class='ocrx_word' id='word_1_237' title='bbox 159 3692 271 3738; x_wconf 89' lang='lat' dir='ltr'><strong>omnes</strong></span> <span class='ocrx_word' id='word_1_238' title='bbox 290 3673 468 3756; x_wconf 91' lang='lat' dir='ltr'><strong>pertinuit,</strong></span> <span class='ocrx_word' id='word_1_239' title='bbox 489 3674 630 3740; x_wconf 92' lang='lat' dir='ltr'><strong>exclusis</strong></span> <span class='ocrx_word' id='word_1_240' title='bbox 649 3674 721 3740; x_wconf 90' lang='lat' dir='ltr'><strong>aliis</strong></span> <span class='ocrx_word' id='word_1_241' title='bbox 742 3676 782 3739; x_wconf 88' lang='lat' dir='ltr'><strong>ab</strong></span> <span class='ocrx_word' id='word_1_242' title='bbox 804 3693 870 3740; x_wconf 90' lang='lat' dir='ltr'><strong>uno</strong></span> <span class='ocrx_word' id='word_1_243' title='bbox 893 3691 1089 3759; x_wconf 87' lang='lat' dir='ltr'><strong>usurpatur,</strong></span> <span class='ocrx_word' id='word_1_244' title='bbox 1107 3695 1173 3740; x_wconf 94' lang='lat' dir='ltr'><strong>non</strong></span> <span class='ocrx_word' id='word_1_245' title='bbox 1195 3693 1326 3741; x_wconf 89' lang='lat' dir='ltr'><strong>necesse</strong></span> 
     </span>
     <span class='ocr_line' id='line_1_29' title="bbox 159 3783 1327 3869; baseline 0.003 -21"><span class='ocrx_word' id='word_1_246' title='bbox 159 3783 202 3848; x_wconf 89' lang='lat' dir='ltr'><strong>sit</strong></span> <span class='ocrx_word' id='word_1_247' title='bbox 222 3784 375 3850; x_wconf 92' lang='lat' dir='ltr'><strong>omnibus</strong></span> <span class='ocrx_word' id='word_1_248' title='bbox 396 3785 502 3869; x_wconf 90' lang='lat' dir='ltr'><strong>perite</strong></span> <span class='ocrx_word' id='word_1_249' title='bbox 527 3800 686 3867; x_wconf 90' lang='lat' dir='ltr'><strong>quantum</strong></span> <span class='ocrx_word' id='word_1_250' title='bbox 710 3785 768 3852; x_wconf 89' lang='lat' dir='ltr'><strong>uni</strong></span> <span class='ocrx_word' id='word_1_251' title='bbox 792 3784 951 3852; x_wconf 83' lang='lat' dir='ltr'><strong>accedit‘.</strong></span> <span class='ocrx_word' id='word_1_252' title='bbox 985 3787 1098 3852; x_wconf 89' lang='lat' dir='ltr'><strong>Errori</strong></span> <span class='ocrx_word' id='word_1_253' title='bbox 1119 3786 1196 3852; x_wconf 91' lang='lat' dir='ltr'><strong>huic</strong></span> <span class='ocrx_word' id='word_1_254' title='bbox 1218 3806 1327 3853; x_wconf 88' lang='lat' dir='ltr'><strong>ansam</strong></span> 
     </span>
     <span class='ocr_line' id='line_1_30' title="bbox 160 3894 1327 3983; baseline 0.003 -23"><span class='ocrx_word' id='word_1_255' title='bbox 160 3894 320 3960; x_wconf 91' lang='lat' dir='ltr'><strong>dederunt</strong></span> <span class='ocrx_word' id='word_1_256' title='bbox 348 3897 441 3963; x_wconf 91' lang='lat' dir='ltr'><strong>Pauli</strong></span> <span class='ocrx_word' id='word_1_257' title='bbox 473 3897 594 3977; x_wconf 90' lang='lat' dir='ltr'><strong>verba,</strong></span> <span class='ocrx_word' id='word_1_258' title='bbox 627 3916 693 3963; x_wconf 94' lang='lat' dir='ltr'><strong>non</strong></span> <span class='ocrx_word' id='word_1_259' title='bbox 723 3911 810 3963; x_wconf 90' lang='lat' dir='ltr'><strong>recte</strong></span> <span class='ocrx_word' id='word_1_260' title='bbox 840 3913 990 3983; x_wconf 89' lang='lat' dir='ltr'><strong>accepta,</strong></span> <span class='ocrx_word' id='word_1_261' title='bbox 1015 3897 1073 3981; x_wconf 88' lang='lat' dir='ltr'><strong>qui</strong></span> <span class='ocrx_word' id='word_1_262' title='bbox 1096 3919 1171 3964; x_wconf 91' lang='lat' dir='ltr'><strong>cum</strong></span> <span class='ocrx_word' id='word_1_263' title='bbox 1192 3899 1232 3963; x_wconf 91' lang='lat' dir='ltr'><strong>de</strong></span> <span class='ocrx_word' id='word_1_264' title='bbox 1253 3899 1327 3983; x_wconf 87' lang='lat' dir='ltr'><strong>jure</strong></span> 
     </span>
    </p>
   </div>
   <div class='ocr_carea' id='block_1_3' title="bbox 162 4088 371 4098">
    <p class='ocr_par' dir='ltr' id='par_1_3' title="bbox 162 4088 371 4098">
     <span class='ocr_line' id='line_1_31' title="bbox 162 4088 371 4098; baseline 0.01 -2"><span class='ocrx_word' id='word_1_265' title='bbox 162 4088 371 4098; x_wconf 47' lang='grc' dir='ltr'><strong>*Ἀ-</strong></span> 
     </span>
    </p>
   </div>
   <div class='ocr_carea' id='block_1_4' title="bbox 160 4190 1327 4527">
    <p class='ocr_par' dir='ltr' id='par_1_4' title="bbox 160 4190 1327 4527">
     <span class='ocr_line' id='line_1_32' title="bbox 195 4190 1327 4257; baseline 0.004 -19"><span class='ocrx_word' id='word_1_266' title='bbox 195 4191 202 4222; x_wconf 90' lang='lat'><strong>¹</strong></span> <span class='ocrx_word' id='word_1_267' title='bbox 230 4193 254 4239; x_wconf 88' lang='lat' dir='ltr'><strong>d.</strong></span> <span class='ocrx_word' id='word_1_268' title='bbox 279 4194 296 4238; x_wconf 95' lang='lat' dir='ltr'><strong>l.</strong></span> <span class='ocrx_word' id='word_1_269' title='bbox 327 4194 370 4240; x_wconf 89' lang='lat' dir='ltr'><strong>ult.</strong></span> <span class='ocrx_word' id='word_1_270' title='bbox 405 4190 416 4224; x_wconf 73' lang='lat'>²</span> <span class='ocrx_word' id='word_1_271' title='bbox 433 4206 459 4253; x_wconf 92' lang='lat' dir='ltr'><strong>p.</strong></span> <span class='ocrx_word' id='word_1_272' title='bbox 484 4205 506 4250; x_wconf 82' lang='lat'><strong>3.</strong></span> <span class='ocrx_word' id='word_1_273' title='bbox 525 4193 565 4242; x_wconf 89' lang='lat' dir='ltr'><strong>tit.</strong></span> <span class='ocrx_word' id='word_1_274' title='bbox 588 4208 628 4256; x_wconf 84' lang='lat'><strong>29.</strong></span> <span class='ocrx_word' id='word_1_275' title='bbox 646 4197 663 4242; x_wconf 94' lang='lat' dir='ltr'><strong>l.</strong></span> <span class='ocrx_word' id='word_1_276' title='bbox 683 4208 707 4253; x_wconf 82' lang='lat'><strong>7.</strong></span> <span class='ocrx_word' id='word_1_277' title='bbox 725 4195 751 4243; x_wconf 92' lang='lat' dir='ltr'><strong>in</strong></span> <span class='ocrx_word' id='word_1_278' title='bbox 769 4209 793 4245; x_wconf 91' lang='lat' dir='ltr'><strong>c.</strong></span> <span class='ocrx_word' id='word_1_279' title='bbox 805 4199 886 4257; x_wconf 89' lang='lat' dir='ltr'><strong>placa.</strong></span> <span class='ocrx_word' id='word_1_280' title='bbox 904 4197 971 4246; x_wconf 89' lang='lat' dir='ltr'><strong>Rod.</strong></span> <span class='ocrx_word' id='word_1_281' title='bbox 987 4196 1100 4252; x_wconf 85' lang='lat' dir='ltr'><strong>suarius,</strong></span> <span class='ocrx_word' id='word_1_282' title='bbox 1119 4197 1143 4244; x_wconf 88' lang='lat' dir='ltr'><strong>d.</strong></span> <span class='ocrx_word' id='word_1_283' title='bbox 1165 4207 1235 4243; x_wconf 90' lang='lat' dir='ltr'><strong>cons.</strong></span> <span class='ocrx_word' id='word_1_284' title='bbox 1255 4208 1280 4242; x_wconf 92' lang='lat' dir='ltr'><strong>n.</strong></span> <span class='ocrx_word' id='word_1_285' title='bbox 1301 4208 1327 4256; x_wconf 83' lang='lat'><strong>4.</strong></span> 
     </span>
     <span class='ocr_line' id='line_1_33' title="bbox 160 4279 1326 4347; baseline 0.005 -20"><span class='ocrx_word' id='word_1_286' title='bbox 160 4279 290 4329; x_wconf 68' lang='lat' dir='ltr'><strong>³llaclrin.</strong></span> <span class='ocrx_word' id='word_1_287' title='bbox 312 4285 328 4330; x_wconf 91' lang='lat'><strong>1.</strong></span> <span class='ocrx_word' id='word_1_288' title='bbox 354 4285 376 4330; x_wconf 92' lang='lat'><strong>8.</strong></span> <span class='ocrx_word' id='word_1_289' title='bbox 395 4297 418 4332; x_wconf 91' lang='lat' dir='ltr'><strong>c.</strong></span> <span class='ocrx_word' id='word_1_290' title='bbox 436 4285 475 4332; x_wconf 82' lang='lat'><strong>26.</strong></span> <span class='ocrx_word' id='word_1_291' title='bbox 495 4297 519 4332; x_wconf 92' lang='lat' dir='ltr'><strong>et</strong></span> <span class='ocrx_word' id='word_1_292' title='bbox 541 4297 580 4342; x_wconf 81' lang='lat'><strong>33.</strong></span> <span class='ocrx_word' id='word_1_293' title='bbox 598 4288 703 4334; x_wconf 85' lang='lat' dir='ltr'><strong>Covarr.</strong></span> <span class='ocrx_word' id='word_1_294' title='bbox 725 4288 756 4334; x_wconf 89' lang='lat' dir='ltr'><strong>de</strong></span> <span class='ocrx_word' id='word_1_295' title='bbox 772 4301 881 4347; x_wconf 87' lang='lat' dir='ltr'><strong>praescr.</strong></span> <span class='ocrx_word' id='word_1_296' title='bbox 901 4301 926 4347; x_wconf 88' lang='lat' dir='ltr'><strong>p.</strong></span> <span class='ocrx_word' id='word_1_297' title='bbox 948 4300 970 4335; x_wconf 82' lang='lat' dir='ltr'><strong>r.</strong></span> <span class='ocrx_word' id='word_1_298' title='bbox 986 4289 1007 4345; x_wconf 72' lang='lat'><strong>5.</strong></span> <span class='ocrx_word' id='word_1_299' title='bbox 1025 4301 1047 4334; x_wconf 84' lang='lat' dir='ltr'><strong>a.</strong></span> <span class='ocrx_word' id='word_1_300' title='bbox 1063 4300 1087 4334; x_wconf 95' lang='lat' dir='ltr'><strong>n.</strong></span> <span class='ocrx_word' id='word_1_301' title='bbox 1103 4289 1126 4333; x_wconf 89' lang='lat'><strong>8.</strong></span> <span class='ocrx_word' id='word_1_302' title='bbox 1142 4297 1166 4333; x_wconf 92' lang='lat' dir='ltr'><strong>et</strong></span> <span class='ocrx_word' id='word_1_303' title='bbox 1185 4290 1205 4344; x_wconf 71' lang='lat'><strong>5.</strong></span> <span class='ocrx_word' id='word_1_304' title='bbox 1225 4289 1247 4332; x_wconf 88' lang='lat'><strong>8.</strong></span> <span class='ocrx_word' id='word_1_305' title='bbox 1263 4299 1287 4333; x_wconf 94' lang='lat' dir='ltr'><strong>n.</strong></span> <span class='ocrx_word' id='word_1_306' title='bbox 1304 4299 1326 4341; x_wconf 86' lang='lat'><strong>5.</strong></span> 
     </span>
     <span class='ocr_line' id='line_1_34' title="bbox 161 4371 1326 4428; baseline 0.007 -12"><span class='ocrx_word' id='word_1_307' title='bbox 161 4383 184 4417; x_wconf 88' lang='lat' dir='ltr'><strong>et</strong></span> <span class='ocrx_word' id='word_1_308' title='bbox 201 4372 225 4418; x_wconf 89' lang='lat'><strong>6.</strong></span> <span class='ocrx_word' id='word_1_309' title='bbox 248 4371 259 4402; x_wconf 89' lang='lat'><strong>⁴</strong></span> <span class='ocrx_word' id='word_1_310' title='bbox 277 4374 379 4422; x_wconf 84' lang='lat' dir='ltr'><strong>Facbin.</strong></span> <span class='ocrx_word' id='word_1_311' title='bbox 395 4378 411 4422; x_wconf 93' lang='lat' dir='ltr'><strong>l.</strong></span> <span class='ocrx_word' id='word_1_312' title='bbox 428 4379 451 4422; x_wconf 90' lang='lat'><strong>8.</strong></span> <span class='ocrx_word' id='word_1_313' title='bbox 468 4390 491 4424; x_wconf 89' lang='lat' dir='ltr'><strong>c.</strong></span> <span class='ocrx_word' id='word_1_314' title='bbox 508 4379 548 4424; x_wconf 76' lang='lat'><strong>28.</strong></span> <span class='ocrx_word' id='word_1_315' title='bbox 575 4377 586 4406; x_wconf 78' lang='lat'><strong><em>⁶</em></strong></span> <span class='ocrx_word' id='word_1_316' title='bbox 603 4377 673 4424; x_wconf 81' lang='lat' dir='ltr'><strong>Aret.</strong></span> <span class='ocrx_word' id='word_1_317' title='bbox 688 4377 712 4424; x_wconf 90' lang='lat' dir='ltr'><strong>in</strong></span> <span class='ocrx_word' id='word_1_318' title='bbox 727 4378 795 4427; x_wconf 87' lang='lat' dir='ltr'><strong>rubr.</strong></span> <span class='ocrx_word' id='word_1_319' title='bbox 810 4378 835 4425; x_wconf 79' lang='lat' dir='ltr'><strong>u.</strong></span> <span class='ocrx_word' id='word_1_320' title='bbox 851 4380 882 4427; x_wconf 89' lang='lat' dir='ltr'><strong>de</strong></span> <span class='ocrx_word' id='word_1_321' title='bbox 900 4393 947 4426; x_wconf 88' lang='lat' dir='ltr'><strong>rer.</strong></span> <span class='ocrx_word' id='word_1_322' title='bbox 963 4379 1016 4428; x_wconf 91' lang='lat' dir='ltr'><strong>div.</strong></span> <span class='ocrx_word' id='word_1_323' title='bbox 1029 4380 1070 4425; x_wconf 89' lang='lat' dir='ltr'><strong>all.</strong></span> <span class='ocrx_word' id='word_1_324' title='bbox 1087 4378 1177 4426; x_wconf 87' lang='lat' dir='ltr'><strong>Balbus</strong></span> <span class='ocrx_word' id='word_1_325' title='bbox 1191 4379 1215 4425; x_wconf 84' lang='lat' dir='ltr'><strong>cl.</strong></span> <span class='ocrx_word' id='word_1_326' title='bbox 1230 4379 1247 4423; x_wconf 92' lang='lat' dir='ltr'><strong>l.</strong></span> <span class='ocrx_word' id='word_1_327' title='bbox 1264 4391 1288 4425; x_wconf 94' lang='lat' dir='ltr'><strong>n.</strong></span> <span class='ocrx_word' id='word_1_328' title='bbox 1304 4391 1326 4424; x_wconf 82' lang='lat' dir='ltr'><strong>a.</strong></span> 
     </span>
     <span class='ocr_line' id='line_1_35' title="bbox 160 4460 657 4527; baseline 0.014 -19"><span class='ocrx_word' id='word_1_329' title='bbox 160 4460 170 4490; x_wconf 62' lang='grc' dir='ltr'><strong>ὅ</strong></span> <span class='ocrx_word' id='word_1_330' title='bbox 187 4463 217 4507; x_wconf 93' lang='lat' dir='ltr'><strong>V.</strong></span> <span class='ocrx_word' id='word_1_331' title='bbox 236 4464 311 4522; x_wconf 80' lang='lat' dir='ltr'><strong>Vasq.</strong></span> <span class='ocrx_word' id='word_1_332' title='bbox 327 4477 408 4513; x_wconf 87' lang='lat' dir='ltr'><strong>contr.</strong></span> <span class='ocrx_word' id='word_1_333' title='bbox 426 4466 462 4514; x_wconf 93' lang='lat' dir='ltr'><strong>ill.</strong></span> <span class='ocrx_word' id='word_1_334' title='bbox 483 4481 505 4513; x_wconf 89' lang='lat' dir='ltr'><strong>c.</strong></span> <span class='ocrx_word' id='word_1_335' title='bbox 523 4481 562 4527; x_wconf 85' lang='lat'><strong>29.</strong></span> <span class='ocrx_word' id='word_1_336' title='bbox 577 4480 602 4514; x_wconf 90' lang='lat' dir='ltr'><strong>n.</strong></span> <span class='ocrx_word' id='word_1_337' title='bbox 618 4471 657 4522; x_wconf 80' lang='lat'><strong>38.</strong></span> 
     </span>
    </p>
   </div>
   <div class='ocr_carea' id='block_1_5' title="bbox 0 0 1676 5506">
    <p class='ocr_par' dir='ltr' id='par_1_5' title="bbox 0 0 1676 5506">
     <span class='ocr_line' id='line_1_36' title="bbox 0 0 1676 5506; baseline 0 0"><span class='ocrx_word' id='word_1_338' title='bbox 0 0 1676 5506; x_wconf 95' lang='lat' dir='ltr'><strong> </strong></span> 
     </span>
    </p>
   </div>
  </div>
 </body>
</html>
