3316 5494
441 625 489 671 na
512 625 606 692 June.
632 625 986 675 proconnesum
1241 621 1302 683 149

125 797 225 860 quarn
258 777 355 844 militi
382 779 532 863 praedam
562 795 619 846 aut
641 780 813 864 pecuniam
836 786 942 848 ex'ea
968 781 1136 848 'redactam
1167 775 1302 846 concedi

124 892 256 973 solere,
289 889 324 956 id
343 889 442 956 ferme
461 890 506 956 ita
528 887 669 976 contigit
691 907 729 958 ut
752 887 825 976 his,
850 893 909 976 qui
934 893 1093 959 tributum
1116 891 1156 957 ad
1178 891 1301 956 bellum

124 1003 359 1084 contulerant,
391 1003 593 1069 tantumdem
624 1003 823 1070 redderetur.
867 1003 959 1091 Quin
977 1018 1009 1069 et
1029 1002 1126 1070 ludos
1150 1023 1167 1068 e
1189 1021 1303 1068 manu·

123 1113 191 1178 biis
226 1113 405 1180 instructos
434 1114 499 1198 iam
530 1116 593 1180 sub
626 1115 776 1200 Regibus
808 1131 944 1183 annotes
967 1119 988 1182 ¹.
1033 1115 1154 1197 Neque
1174 1127 1302 1180 tantum

125 1223 225 1291 bellis
255 1224 391 1292 diversis
420 1225 513 1292 aliter
543 1240 642 1309 atque
674 1227 768 1294 aliter
790 1227 972 1310 placitum,
994 1227 1052 1293 sed
1075 1226 1184 1292 eadem
1208 1241 1302 1306 saepe

124 1336 248 1420 praeda
281 1337 391 1419 plures
413 1355 494 1404 usus
516 1337 655 1420 habuit,
680 1339 834 1421 portione
858 1352 916 1405 aut
937 1339 1009 1422 ipso
1031 1357 1146 1424 genere
1167 1334 1302 1402 distinc-

124 1461 194 1513 tos.
226 1447 403 1529 Ponione,
428 1462 465 1514 ut
487 1445 648 1516 Camillus
672 1469 712 1514 ex
732 1465 813 1517 voto
836 1449 992 1516 decimam
1014 1449 1135 1534 Pythio
1154 1447 1244 1514 dedit
1265 1449 1302 1528 ¹,

128 1559 333 1625 Graecorum
366 1558 562 1626 imitatione.
625 1560 755 1627 Genera
786 1561 923 1645 praedae
957 1562 1036 1628 haec
1069 1559 1170 1626 ferme
1199 1574 1303 1640 sunt,

128 1670 281 1738 homines
310 1670 454 1754 captivi,
478 1686 621 1738 armenta
653 1687 687 1738 et
717 1691 854 1758 greges,
883 1691 968 1755 quae
990 1669 1110 1738 Graeci
1133 1689 1208 1737 cum
1228 1689 1305 1754 pro·

126 1782 201 1865 prie
230 1784 414 1866 loquuntur
442 1788 525 1854 aaran
548 1798 691 1867 vocant,
715 1784 876 1868 pecunia,
900 1803 952 1851 res
968 1783 1106 1850 mobiles
1128 1782 1209 1849 aliae
1231 1801 1304 1866 pre-

128 1893 234 1960 tiosae
257 1907 314 1961 aut
334 1894 479 1961 viliores.
503 1893 664 1979 Exempla
684 1915 890 1980 peromnem
912 1894 1081 1963 historiam
1105 1893 1204 1959 obvia
1215 1907 1304 1960 sunt.

128 2005 177 2092 Q.
210 2005 333 2072 Fabius
371 2005 505 2074 Volscis
540 2007 680 2074 devictis
708 2012 791 2077 ariao
819 2023 851 2074 et
881 2006 987 2090 spolia
1013 2026 1070 2089 per
1098 2019 1330 2088 quaestorem·

127 2116 230 2183 vendi
251 2118 367 2202 jubet,
391 2132 559 2204 argentum
585 2119 654 2203 ipse
677 2118 780 2186 defert
798 2117 820 2184 ⁸.
851 2118 941 2185 Idem
963 2117 1095 2185 Volscis
1119 2131 1152 2183 et
1175 2115 1304 2198 Aequis

129 2229 271 2296 devictis
297 2229 444 2313 captivos
469 2245 571 2304 entra⁴
585 2230 792 2296 Tusculanos
818 2229 915 2296 militi
942 2229 1042 2296 donat
1060 2226 1093 2310 ⁴,
1118 2227 1202 2294 etin
1226 2247 1303 2313 agro

129 2339 294 2406 Ecetrano
316 2341 465 2407 homines
485 2361 520 2409 ac
538 2361 655 2425 pecora
673 2341 855 2425 diripienda
874 2341 1037 2408 concedit.
1062 2340 1103 2407 L.
1128 2339 1306 2406 Cornelius

128 2450 235 2518 Antio
255 2467 352 2536 capto
373 2472 509 2536 aurum,
533 2468 723 2539 argentum,
748 2471 799 2519 res
819 2453 853 2520 in
873 2453 1031 2520 aerarium
1052 2451 1159 2518 defert
1177 2449 1205 2515 ⁸:
1230 2471 1304 2534 cap·

128 2562 220 2630 tivos
243 2577 275 2630 et
296 2565 446 2646 praedam
476 2585 534 2650 per
567 2580 773 2648 quaestorem
803 2565 938 2634 vendita
970 2564 1068 2630 militi
1095 2580 1238 2645 eaquae
1264 2561 1306 2628 ad

127 2674 255 2740 victum
278 2690 312 2740 et
332 2691 454 2742 vestem
486 2677 694 2760 pertinebant
722 2677 893 2762 permittit.
939 2677 1013 2743 Nec
1046 2670 1303 2748 dissimilehuic

130 2785 321 2852 Cincinnati
346 2769 533 2854 institutum
554 2793 588 2872 ⁸,
612 2790 671 2873 qui
696 2790 864 2856 Corbione
888 2788 1082 2871 Aequorum
1105 2785 1228 2870 oppido
1252 2803 1303 2849 ac-

129 2911 224 2980 cepto
253 2898 445 2982 pretiosiora
476 2901 612 2984 praedae
642 2901 780 2967 Romam
808 2900 918 2981 misit,
950 2911 1074 2965 caetera
1095 2895 1303 2963 centuriatim

130 3009 256 3076 divisit.
305 3011 463 3077 Camillus
483 3011 494 3051 ²
514 3011 598 3080 fusis
618 3012 753 3079 Faliscis
772 3026 805 3078 et
825 3010 1048 3095 Capenatibus
1069 3022 1191 3092 partem
1212 3025 1304 3090 prae·

130 3120 190 3186 dae
211 3121 379 3187 maximam
403 3123 444 3189 ad
471 3123 845 3208 quaestorem'redegit,
870 3123 958 3188 haud
980 3122 1024 3187 ita
1046 3122 1186 3186 multum
1207 3116 1303 3184 militi

131 3231 231 3298 dedit.
262 3231 350 3298 Idem
372 3233 474 3316 captis
497 3234 592 3319 Vejis
614 3250 740 3320 praeter
763 3234 935 3318 pecuniam
959 3253 998 3299 ex
1019 3229 1210 3299 venditione
1229 3250 1305 3313 cap-

130 3341 276 3410 tivorum
305 3343 388 3410 nilril
415 3345 448 3410 in
476 3346 645 3430 publicum
672 3347 814 3432 redegitt
852 3344 1027 3412 Hetruscis
1059 3343 1198 3412 devictis
1229 3362 1305 3427 cap-

115 3453 278 3536 tivisque
306 3452 450 3522 venditis
474 3477 514 3522 ex
537 3476 573 3523 ea
595 3458 735 3541 pecunia
757 3477 871 3524 aurum
894 3455 1051 3524 matronis
1074 3454 1167 3538 quod
1187 3469 1305 3521 contu·

132 3567 236 3632 lerant
274 3566 452 3650 persolvit,
491 3583 617 3652 pateras
657 3582 724 3636 tres
762 3589 875 3635 aureas
910 3568 943 3633 in
977 3565 1145 3651 Capitolio
1179 3565 1303 3650 posuit.

133 3678 303 3745 Fabricius
319 3675 331 3712 ⁸
349 3679 510 3762 superatis
543 3680 708 3762 Lucanis,
742 3680 899 3761 Bruttiis,
932 3657 1137 3745 ¹Samnitibus
1168 3677 1304 3743 militem

134 3789 272 3874 ditavit,
295 3791 419 3858 tributa
437 3792 567 3868 civibus
585 3792 748 3874 reddidit,
772 3792 1008 3876 quadringenta
1026 3792 1145 3856 talenta
1163 3789 1198 3856 in
1218 3807 1306 3854 aera·
1355 3816 1357 3822 ·

133 3903 216 3969 rium
240 3903 362 3970 retulit.
402 3904 447 3990 Q.
471 3903 610 3970 Fulvius
633 3919 666 3970 et
687 3904 818 3988 Appius
842 3903 1108 3971 Claudius⁸cum
1132 3900 1305 3967 Hannonis

137 4115 332 4127 ——n—

166 4257 251 4310 ¹trv.
270 4262 288 4308 1.
308 4274 329 4309 1.
349 4261 385 4323 [c.
404 4261 456 4326 aa]
493 4261 576 4313 ’tra
595 4267 612 4313 r.
632 4277 654 4322 ⁵.
673 4265 709 4327 [c.
728 4277 768 4322 2³.
786 4275 811 4313 et
829 4278 853 4314 c.
873 4264 926 4326 aa]
961 4260 1202 4312 lupanariae
1221 4264 1245 4310 a.
1265 4259 1305 4325 [p.

136 4364 190 4413 ⁵49·
213 4366 253 4402 vs.
281 4352 332 4417 11.]
367 4353 379 4386 ⁴
403 4355 472 4404 ldem
495 4357 513 4403 l.
540 4369 578 4404 10.
604 4356 642 4421 [p.
668 4357 725 4418 ⁶47·
750 4369 789 4405 vs.
808 4355 862 4420 an]
897 4354 965 4403 ¹lbi
984 4352 1023 4418 [p.
1042 4353 1099 4416 ⁶47·
1118 4366 1156 4402 vs.
1175 4365 1216 4410 ³3·
1235 4353 1303 4416 sqq]

134 4441 229 4492 ⁸ltlenr
247 4446 266 4492 l.
284 4457 327 4506 ro..
339 4445 377 4506 [p.
395 4446 453 4502 652.
468 4461 507 4496 vs.
525 4446 559 4511 r.]
595 4445 679 4496 ⁷Liv.
696 4450 713 4496 l.
730 4460 753 4504 5.
771 4449 807 4509 [c.
828 4462 867 4511 ¹9·
885 4457 910 4496 et
928 4461 952 4496 c.
971 4446 1025 4508 aa]
1061 4445 1072 4478 ³
1089 4443 1166 4493 Dion.
1182 4444 1264 4494 Halic.
1279 4445 1305 4493 in

135 4533 220 4595 rago.
240 4533 279 4598 lo·
298 4547 356 4597 747·
373 4550 411 4586 vs.
430 4537 482 4603 aa]
519 4537 604 4588 ων.
622 4542 640 4588 r.
658 4551 699 4595 ας.
718 4539 752 4604 [a.
775 4537 825 4603 14.]
