3326 5506
438 627 485 677 DE
509 627 601 696 JURE
627 627 810 674 PRAEDAE.
836 629 915 676 CAP.
940 630 989 678 XI.
1243 625 1303 694 179

125 781 380 865 profiterentur,
404 782 496 863 quod
517 783 706 848 nocentium
731 801 832 868 genus
858 796 907 848 est
929 783 1130 865 pesslmum,
1153 780 1304 848 venirent

126 913 223 977 saepe
242 894 277 960 in
295 912 411 972 naves,
434 892 576 977 benigne
596 893 838 976 acciperentur,
862 909 1017 962 vocarent
1034 891 1195 971 vicissim,
1220 911 1303 973 quas

127 1004 251 1070 interea
285 1005 509 1088 proditiones,
543 1025 629 1086 quos
661 1004 756 1069 dolos
786 1004 988 1086 struxerint,
1019 1024 1135 1088 operae
1164 1002 1303 1087 pretium

127 1131 179 1182 est
196 1115 330 1183 referre.
353 1115 558 1182 Rasadauma
577 1130 665 1196 erat,
689 1114 717 1184 is
737 1135 835 1197 quem
855 1115 947 1196 dixi,
971 1115 1095 1194 totius,
1115 1128 1153 1179 ut
1171 1112 1303 1195 quidem

125 1223 1304 1312 tmmMQmQWMMQOQffl

126 1339 326 1421 obsequium
350 1338 608 1408 detrectantibus
632 1358 704 1404 cum
730 1339 817 1404 bello
837 1337 1066 1419 contenderet,
1091 1355 1157 1402 non
1178 1350 1303 1403 tantum

126 1447 1307 1534 mmmmmmammmwmmmmfflfflmm

126 1563 237 1629 batur.
283 1561 350 1628 Res
383 1575 433 1626 est
463 1561 616 1628 audaciae
648 1561 742 1644 plena
765 1561 798 1626 in
823 1560 955 1636 homine
986 1559 1090 1626 nobili
1121 1572 1305 1642 paupertas.

127 1673 189 1738 Ille
212 1673 323 1754 itaque
353 1693 413 1755 pro
437 1670 525 1738 omni
551 1671 677 1756 jactura
700 1671 767 1736 duo
791 1672 869 1741 haec
891 1683 1026 1744 tanturn·
1040 1684 1304 1752 comparaverat,

127 1781 1305 1867 ammmmfflmffmmmqmmmmmmmmmmm

127 1894 349 1978 singularem,
386 1909 418 1962 et
442 1894 532 1976 quod
554 1913 643 1960 nunc
666 1893 713 1959 ibi
737 1895 836 1962 rebus
859 1892 1035 1976 desperatis
1058 1891 1211 1960 ultimum
1233 1911 1306 1974 per-

126 2003 261 2090 fugium
283 2021 355 2086 est,
378 2005 612 2074 Lusitanorum
637 2005 845 2072 societatem:
869 2025 886 2070 a
906 2004 1029 2086 quibus
1048 2018 1117 2068 tum
1136 2003 1307 2068 colebatur

126 2117 229 2182 titulo
244 2117 462 2200 Imperatoris.
487 2118 587 2183 Hunc
607 2116 655 2182 illi
676 2132 797 2182 emtum
817 2115 850 2182 in
871 2116 1110 2182 Hollandorum
1129 2113 1306 2197 perniciem

128 2228 322 2294 Barrtamum
354 2229 594 2312 perduxerant,
619 2228 676 2294 ubi
709 2243 778 2294 turn
801 2247 901 2294 naves
929 2241 1019 2294 erant
1041 2225 1234 2305 Batavicae,
1257 2223 1307 2288 in·

130 2354 385 2422 struxerantque
395 2334 527 2420 dolum,
551 2354 589 2406 ut
608 2339 812 2406 Rasadauma
827 2337 973 2406 invitatis
993 2337 1034 2402 ad
1052 2338 1164 2420 epulas
1175 2334 1307 2402 navium

128 2451 273 2518 ducibus
288 2471 383 2533 mox,
404 2451 497 2534 quasi
510 2450 640 2518 eosdem
661 2450 853 2530 reduceret,
874 2467 974 2515 naves
987 2446 1166 2531 improviso
1179 2446 1305 2529 impetu

128 2561 326 2630 adoriretur.
384 2562 459 2628 Hoc
492 2560 674 2644 praefectus
708 2559 855 2626 Bantami
902 2559 973 2626 sive
1016 2557 1171 2642 prodicus
1213 2558 1307 2641 (nam

131 2673 253 2755 pupilli
279 2673 410 2756 cognati
442 2672 573 2738 nomine
596 2692 733 2756 regnum
755 2670 1001 2754 administrat),
1026 2670 1121 2754 cujus
1145 2667 1307 2734 auxilium

129 2803 203 2850 eam
236 2783 277 2850 ad
307 2803 374 2850 rem
406 2783 559 2850 Lusitani
593 2798 830 2866 poposcerant,
865 2781 1005 2864 primum
1037 2801 1098 2864 per
1131 2779 1307 2859 nuntium,

129 2894 250 2960 deinde
284 2894 398 2980 legatis
422 2915 439 2960 e
462 2895 602 2961 navibus
635 2914 743 2960 coram
778 2893 847 2976 ipse
881 2891 1052 2958 indicavit.
1106 2890 1180 2956 Nec
1212 2909 1306 2957 secus

130 3025 232 3088 quam
264 3005 467 3088 praedixerat
499 3005 618 3072 evenit.
664 3005 849 3072 Invitantur
881 3004 922 3070 ad
953 3003 1142 3070 condictum
1175 3001 1307 3067 Batavi:

130 3130 301 3184 excusant.
333 3117 432 3184 Unus
454 3116 687 3183 Lusitanorum
712 3117 828 3182 Petrus
851 3114 986 3196 Taid0,
1011 3114 1229 3198 gubernator,
1252 3112 1308 3176 de·

130 3227 266 3294 vinctus
297 3229 434 3295 honesta
465 3227 707 3298 Hollandorum
735 3225 977 3308 familiaritate,
1012 3225 1070 3292 tali
1094 3223 1233 3294 facinori
1258 3242 1308 3290 as-

129 3357 265 3404 sensum
288 3358 355 3406 non
377 3340 659 3407 commodaveratt
691 3316 779 3405 unde
806 3337 903 3406 veriti
927 3336 1045 3404 caeteri
1068 3357 1109 3401 ne
1132 3350 1190 3418 per
1214 3335 1305 3400 illum

132 3451 233 3518 dolus
265 3449 509 3533 enuntiaretur,
538 3451 686 3533 quinque
710 3469 845 3517 suorum
870 3467 886 3516 e
909 3469 1045 3517 numero
1069 3448 1225 3528 mittunt,
1248 3445 1307 3528 qui

132 3581 286 3627 securum
320 3559 353 3627 in
385 3561 521 3632 aedibus
544 3562 613 3627 suis
638 3576 670 3626 et
692 3562 776 3628 lecto
801 3560 986 3626 trucident:
1019 3579 1078 3624 nec
1100 3557 1213 3624 sceleri
1234 3576 1309 3624 suc-

133 3691 249 3738 cessus
281 3670 396 3741 abfuit.
441 3672 554 3755 Atque
588 3672 718 3738 interim
751 3673 840 3738 elusa
872 3669 984 3740 fraude
1012 3669 1248 3736 Rasadaumam
1269 3667 1310 3733 ad

135 3784 310 3867 parandam
329 3803 439 3850 secum
450 3783 539 3864 vim,
560 3783 843 3864 exornandamque
855 3783 986 3848 classem
999 3780 1032 3846 in
1044 3779 1165 3862 oppido
1183 3779 1309 3862 Jacatra

135 3898 329 3962 hortantur:
361 3893 418 3962 sed
444 3895 544 3979 huius
573 3894 669 3962 etiam
699 3892 827 3961 consilii
848 3892 927 3959 ordo
948 3891 1054 3958 omnis
1072 3911 1128 3973 per
1148 3889 1309 3958 Taidonis

136 4007 259 4076 mortui
287 4005 471 4075 ministrum
500 4004 664 4085 defertur,
689 4003 746 4086 qui
771 4023 846 4072 cum
870 4003 1043 4068 Hollandis
1065 4021 1193 4085 operam
1217 4020 1307 4068 suam

136 4117 337 4200 addixisset,
366 4116 569 4186 aLusitanis
599 4117 635 4182 in
669 4116 793 4199 oppido
825 4115 980 4180 Bantamo
1009 4113 1154 4196 pervim
1179 4125 1308 4194 ereptus

138 4222 1309 4304 emwmwmmeWffimfflstmmmffll

138 4338 336 4420 effecturos,
359 4339 491 4410 favente
509 4340 639 4409 Batavis
656 4340 795 4422 prodico
822 4337 1044 4407 Bantamensi:
1068 4335 1175 4418 ipsum
1197 4334 1308 4414 itaque

140 4449 223 4520 dolis
258 4465 290 4518 et
324 4452 420 4521 donis
455 4451 703 4536 aggrediuntur:
738 4471 797 4516 nec
832 4449 880 4516 illi
913 4469 931 4513 a
962 4447 1185 4530 qualicunque
1216 4447 1308 4512 lucro

1120 4559 1177 4622 12*
