3326 5506
448 625 492 670 DE
518 627 610 692 JURE
638 623 820 671 PRAEDAE.
851 625 929 670 Clll‘.
956 624 1019 670 XII.
1255 626 1316 688 223

144 781 307 864 pediamr.
354 779 445 846 Ante
478 781 575 846 aedes
603 780 705 865 igitur
728 799 813 846 meas
838 794 895 845 aut
917 778 1117 863 praetorium
1141 792 1178 844 ur
1201 777 1318 861 piscari

144 893 286 976 aliquem
311 891 526 976 prohibeam,
551 905 743 974 usurpatum
769 891 901 972 quidem
926 905 997 970 est,
1023 889 1080 956 sed
1103 890 1196 956 nullo
1223 890 1317 975 jure:

144 1004 225 1070 adeo
248 1003 383 1087 quidem
405 1019 443 1070 ut
465 1003 630 1086 Ulpianus
652 1005 660 1037 ¹
680 1017 844 1069 contemta
868 1023 904 1070 ea
927 1001 1165 1084 usurpatione,
1190 1002 1218 1068 si
1243 1001 1319 1084 quis

144 1115 379 1199 prohibeatur,
403 1115 597 1200 injuriarum
622 1114 708 1180 dieat
727 1114 779 1197 agi
799 1127 906 1197 posse.
932 1114 1007 1180 Hoc
1027 1113 1207 1196 Imperator
1225 1113 1318 1178 Leo²

145 1226 263 1311 (eujus
295 1226 424 1312 legibus
455 1245 520 1292 non
552 1225 695 1310 utimur)
729 1225 842 1292 contra
871 1225 956 1310 juris
989 1225 1145 1291 rationem
1178 1224 1319 1290 mutavit

143 1338 320 1420 voluitque
351 1340 488 1422 erptiam,
521 1339 585 1404 hoc
619 1352 672 1404 est
694 1337 859 1404 vestibula
882 1336 1067 1416 maritima,
1104 1353 1217 1402 eorum
1249 1355 1318 1403 esse

145 1450 301 1534 propria,
326 1448 385 1532 qui
409 1467 503 1514 oram·
520 1448 703 1514 habitarent
724 1447 838 1530 ibique
860 1468 915 1514 eos
935 1451 991 1534 jus
1011 1446 1159 1531 piscandi
1181 1447 1318 1514 habere:

145 1561 239 1644 quod
271 1575 378 1627 tamen
401 1559 443 1625 ita
468 1562 645 1644 procedere
675 1559 807 1642 voluit,
842 1575 880 1634 ut
911 1560 1012 1644 septis
1048 1559 1244 1642 quibusdam
1269 1579 1319 1626 rt·

145 1672 357 1754 moratoriis,
391 1691 473 1753 quas
499 1675 614 1758 ἐποχάς
638 1671 757 1738 Graeci
779 1687 923 1754 vocant,
948 1674 1042 1738 locus
1066 1672 1120 1738 ille
1143 1690 1319 1754 occupare·

146 1800 202 1851 tur
220 1785 251 1850 ³:
277 1783 464 1852 existimans
487 1783 642 1876 nimirum
664 1803 730 1850 non
762 1783 858 1866 fore,
883 1799 921 1850 ut
949 1783 1025 1866 quis
1048 1782 1198 1866 exiguam
1223 1781 1318 1848 maris

144 1896 332 1980 portionem
355 1895 447 1962 alteri
470 1894 653 1977 invideret,
689 1895 748 1978 qui
772 1895 842 1979 ipse
867 1910 939 1962 toto
961 1894 1040 1962 mari
1064 1895 1105 1960 ad
1128 1894 1316 1977 piscandum

144 2007 384 2074 admitteretur.
431 2006 529 2072 Certe
558 2021 596 2072 ut
624 2007 700 2088 quis
728 2027 875 2092 magnam
906 2005 1003 2074 maris
1023 2020 1170 2089 partem,
1195 2005 1319 2071 etiamsi

144 2119 274 2202 possit,
307 2119 451 2204 publicis
483 2117 683 2186 utilitatibus
716 2118 854 2202 eripiat,
890 2138 957 2185 non
980 2117 1165 2184 tolerandae
1188 2131 1237 2182 est
1260 2116 1320 2182 im-

145 2230 337 2314 probitatis:
371 2230 404 2296 in
437 2251 534 2313 quam
562 2230 679 2296 merito
707 2229 759 2298 vir
788 2245 921 2298 sanctus
941 2229 952 2266 ⁴
973 2228 1152 2296 invehitur.
1197 2229 1319 2315 Spatia

146 2346 253 2408 maris
287 2343 351 2408 sibi
382 2341 558 2411 vindicant
581 2343 665 2427 jure
698 2344 881 2427 nrancr'pr'r',
900 2344 1107 2426 pisciumque
1121 2341 1209 2426 jura
1234 2343 1319 2404 sicut

144 2454 428 2536 ternaculorum,
451 2453 636 2520 conditione
658 2454 722 2518 sibi
744 2457 877 2522 seruitii
897 2453 1042 2538 subjecta
1054 2465 1317 2516 commemorant.

146 2567 237 2646 Istc,
261 2569 397 2652 inquit,
421 2569 512 2632 sinus
536 2568 641 2632 maris
664 2585 751 2630 meru
774 2579 846 2648 est,
870 2565 928 2634 ille
950 2564 1104 2630 alterius.
1149 2561 1320 2630 Dividunt

146 2677 306 2744 clementa
338 2678 402 2742 sibi
427 2689 586 2764 potentes.
608 2687 610 2690 ’
632 2675 695 2742 Est
727 2675 829 2761 igitur
860 2691 947 2742 mare
979 2676 1013 2742 in
1043 2695 1178 2741 numero
1210 2694 1317 2752 earum

147 2809 279 2869 rerum,
304 2808 386 2870 quae
415 2787 448 2854 in
471 2787 667 2856 commercio
689 2807 756 2854 non
779 2802 880 2869 sunt,
904 2789 968 2855 hoc
993 2801 1063 2866 est,
1088 2805 1171 2867 quae
1194 2785 1318 2868 proprii

144 2901 228 2986 juris
251 2900 322 2966 fieri
346 2921 411 2966 non
435 2915 576 2984 possunt
595 2904 616 2967 ⁵.
662 2899 782 2980 Unde,
807 2913 941 2964 censent
964 2897 1182 2977 eruditiores,
1207 2895 1318 2978 sequi·

146 3027 223 3092 tur,
256 3012 284 3078 si
316 3027 403 3080 reete
436 3027 468 3078 et
498 3011 629 3095 proprie
653 3013 848 3093 loquamur,
864 3012 994 3079 nullam
1018 3009 1115 3076 maris
1139 3023 1262 3092 partem
1285 3008 1319 3074 in

147 3123 315 3190 territorio
347 3124 463 3207 populi
487 3124 628 3208 alicujus
652 3142 748 3206 posse
772 3121 915 3190 censeri:
940 3122 1032 3204 quod
1054 3121 1162 3205 ipsum
1186 3121 1320 3188 Placen-

147 3236 239 3302 tinus
271 3235 410 3302 sensisse
441 3234 598 3316 videtur,
632 3255 707 3301 cum
741 3234 825 3300 dixit
854 3253 939 3300 mare
962 3233 1008 3300 ita
1032 3251 1102 3299 esse
1124 3250 1319 3312 commune,

148 3362 186 3414 ut
209 3346 244 3414 in
266 3346 391 3413 nullius
415 3346 561 3414 dominio
585 3346 629 3414 sit
651 3345 716 3412 nisi
738 3345 844 3412 solius
860 3344 948 3426 Dei,
972 3345 1321 3431 etJoharmesFaber⁶

149 3479 225 3526 cum
248 3479 334 3526 mare
358 3458 474 3526 asserit
496 3457 646 3525 relictum
670 3458 701 3528 in
726 3477 789 3526 suo
808 3458 880 3543 jure
902 3471 935 3524 et
955 3475 1025 3526 esse
1045 3457 1229 3540 primaevo,
1254 3477 1322 3539 quo

150 3569 258 3638 omnia
291 3585 382 3636 erant
409 3570 605 3638 communia.
646 3569 793 3653 Alioqui
816 3568 900 3638 nihil
923 3569 1114 3650 differrent,
1139 3582 1323 3651 quaesunt

150 3682 296 3748 omnium
321 3682 529 3765 communia,
554 3683 593 3748 ab
617 3681 670 3748 his
694 3702 778 3764 quae
794 3681 928 3766 publica
940 3681 1071 3765 proprie
1084 3680 1261 3760 dicuntur,
1285 3694 1323 3745 ut

150 3814 236 3860 mare
261 3815 278 3859 a
300 3794 446 3860 flumine.
493 3795 632 3860 Flumen
664 3795 809 3877 populus
842 3811 1002 3874 occupare
1034 3791 1168 3875 potuit,
1202 3806 1240 3857 ut
1273 3791 1322 3856 in-

150 3908 281 3973 clusum
304 3905 428 3970 finibus
452 3905 543 3988 suis,
567 3925 654 3972 mare
678 3923 744 3974 non
767 3903 887 3988 potuit.
913 3901 1096 3970 Territoria
1119 3891 1226 3970 autem
1247 3917 1323 3969 sunt

152 4075 345 4086 n———n—n-n-

187 4192 193 4224 ¹
213 4193 239 4240 d.
256 4193 273 4238 l.
291 4189 446 4246 iniuriarum.
462 4194 483 4248 5.
502 4189 523 4238 sl
542 4190 598 4249 quis
617 4203 665 4238 me.
686 4187 729 4252 [D.
747 4202 789 4250 47.
809 4203 848 4238 10.
869 4201 906 4245 13·
925 4191 947 4248 5.
966 4185 1001 4250 7.]
1038 4184 1048 4220 ²
1067 4187 1136 4236 Nov.
1152 4186 1192 4243 56.
1225 4182 1236 4217 ³
1255 4187 1324 4238 Nov.

152 4282 245 4330 Leonis
275 4294 329 4328 roo.
357 4294 410 4338 10³·
436 4294 491 4342 ¹04·
515 4282 545 4327 V.
568 4280 655 4330 Cuiac.
680 4280 788 4330 Observ.
808 4283 827 4329 l.
854 4293 892 4340 14.
919 4293 940 4327 r.
978 4277 989 4310 ⁴
1012 4280 1132 4328 Hexnem.
1153 4280 1170 4325 l.
1195 4290 1217 4332 5.
1242 4291 1265 4325 c.
1287 4291 1324 4325 ro.

153 4371 283 4420 ‘Donell
300 4374 318 4419 l.
336 4385 360 4432 4.
379 4385 401 4418 c.
425 4371 448 4418 6.
482 4370 542 4420 r‘ud
564 4373 588 4420 d.
614 4375 636 4430 ξ.
659 4371 783 4420 littorum.
806 4373 865 4419 lnsr.
889 4371 921 4418 de
943 4383 991 4418 rer.
1015 4369 1068 4418 div.
1093 4369 1125 4430 [Ι.
1151 4383 1174 4416 2.
1199 4381 1220 4416 1.
1242 4371 1263 4426 ξ.
1287 4369 1323 4429 5.]

154 4463 227 4511 Adde
246 4463 295 4510 Del.
313 4461 339 4509 in
357 4464 375 4509 1.
394 4457 492 4516 ἀξίωσις,
510 4461 536 4510 ff.
554 4463 585 4510 ad
604 4463 621 4510 l.
639 4463 724 4510 Rhod.
744 4463 788 4522 [D.
809 4475 847 4522 ι4.
866 4475 889 4508 2.
907 4461 943 4522 9.]
