3310 5482
475 541 522 588 DE
547 542 640 607 Just,
666 539 853 587 PRABDAB·
876 539 958 586 GAP.
983 541 1006 588 1.
1307 539 1328 607 7

157 711 222 764 est:
254 695 337 764 dicit
360 696 444 763 enim
477 714 545 764 non
573 717 591 760 a
615 695 774 778 praetoris
798 693 928 772 edicto,
951 711 989 762 ut
1009 711 1087 763 tunc
1109 696 1257 780 plerique
1279 695 1328 762 fa

158 809 310 892 ciebant,
333 829 442 893 neque
464 830 482 875 a
505 810 569 876 XII
591 808 734 887 tabulis,
767 823 805 875 ut
826 808 1034 892 superiores,
1057 808 1116 875 sed
1136 807 1269 894 penitus
1288 828 1328 874 ex

159 921 270 988 intima
296 921 507 1006 philosophia
530 921 738 989 hauriendam
760 921 843 1005 juris
864 920 1081 1004 disciplinam.
1125 921 1162 988 In
1181 922 1245 988 hoc
1266 921 1328 1006 igi-

158 1049 207 1100 tur
237 1034 344 1118 prima
377 1053 445 1102 esse
478 1033 576 1100 debet
599 1053 693 1099 cura:
716 1053 777 1100 nec
797 1053 909 1117 parum
933 1048 1040 1100 tamen
1064 1033 1104 1099 ad
1133 1033 1328 1100 confirman-

159 1146 229 1212 dam
253 1145 350 1214 fidem
385 1148 494 1228 valet,
518 1146 546 1212 si
570 1146 661 1228 quod
681 1146 746 1231 jam
767 1144 863 1211 nobis
886 1145 1026 1210 naturali
1048 1145 1174 1212 ratione
1196 1165 1328 1229 persua-

158 1279 227 1324 sum
257 1273 333 1341 est,
365 1279 456 1325 sacra
479 1258 672 1325 auctoritate
696 1257 950 1340 comprobetur,
974 1272 1030 1322 aut
1053 1257 1138 1323 idem
1159 1258 1328 1324 videamus

157 1370 360 1455 sapientibus
395 1370 558 1454 quondam
592 1370 673 1437 viris
708 1384 740 1435 et
770 1368 1001 1436 laudatissimis
1037 1370 1225 1436 nationibus
1261 1373 1330 1454 pla·

159 1484 274 1550 tuisse.
323 1467 416 1548 Ordo
448 1498 555 1548 autem
590 1481 742 1549 instituto
774 1481 828 1547 hic
854 1481 1030 1564 convenit,
1063 1497 1101 1549 ut
1122 1482 1217 1548 initio
1249 1483 1331 1566 quid
1343 1485 1416 1534 Μ’·

158 1596 337 1662 universim
369 1610 468 1677 atque
491 1595 525 1661 in
547 1613 662 1680 genere
682 1614 795 1660 verum
818 1594 863 1660 sit
884 1593 1077 1677 videamus,
1101 1594 1201 1677 idque
1222 1594 1329 1678 ipsum

159 1709 386 1774 contrahamus
407 1706 562 1790 paulatim
588 1707 628 1772 ad
649 1706 846 1790 propositam
868 1703 944 1771 facti
964 1705 1117 1790 speciem.
1142 1706 1208 1772 Sed
1218 1727 1330 1789 quem·

159 1821 332 1886 admodum
384 1817 628 1900 mathematici,
671 1818 860 1901 priusquam
902 1818 988 1902 ipsas
1040 1819 1331 1886 demonstrationes

159 1932 409 2017 aggrediantur,
434 1949 622 1998 communes
643 1930 799 2013 quasdam
819 1932 928 1997 solent
951 1931 1126 2012 notiones,
1145 1931 1186 1997 de
1209 1932 1330 2014 quibus

162 2044 244 2110 inter
286 2063 400 2109 omnes
433 2041 529 2109 facile
559 2058 687 2109 constat
719 2043 959 2126 praescribere,
993 2057 1031 2108 ut
1066 2041 1169 2108 fixum
1207 2043 1332 2126 aliquid

160 2156 222 2238 sit,
258 2156 293 2222 in
325 2176 392 2238 quo
415 2170 502 2222 retro
520 2155 649 2220 desinat
679 2154 885 2237 sequentium
916 2155 1092 2238 probatio,
1116 2154 1160 2221 ita
1183 2175 1243 2222 nos
1265 2178 1331 2240 quo

144 2266 406 2340 ,hindamentum
439 2269 583 2350 positum
620 2267 818 2349 habeamus,
862 2267 915 2332 cui
957 2281 1029 2332 tuto
1067 2282 1333 2350 superstruantur
1364 2331 1368 2340 .

162 2395 309 2460 caetera,
333 2382 460 2466 regulas
483 2380 637 2463 quasdam
660 2394 693 2445 et
713 2381 801 2464 leges
824 2379 961 2446 maxime
982 2381 1146 2464 generales
1173 2380 1332 2446 indicabi-

162 2512 257 2566 mus,
293 2495 388 2558 velut
419 2492 693 2575 anticipationes,
729 2509 810 2572 quas
843 2510 908 2556 non
942 2505 1007 2556 tam
1036 2490 1157 2557 discere
1189 2492 1331 2574 aliquis,

163 2625 255 2686 quam
268 2605 433 2671 reminisci
446 2604 569 2670 debeat.
616 2603 698 2668 Eam
722 2602 763 2667 ad
780 2622 847 2668 rem
858 2593 1015 2670 novitatis
1027 2603 1105 2668 mihi
1118 2653 1126 2683 ,
1138 2601 1223 2669 forte
1236 2603 1331 2670 etiam

162 2717 356 2800 prolixitatis
378 2716 473 2782 venia
485 2716 606 2782 oranda
618 2729 676 2781 est.
722 2715 896 2780 Lectorum
909 2715 1019 2798 itaque
1030 2713 1217 2798 patientiam
1230 2735 1331 2800 rogo,

163 2844 203 2894 ut
228 2829 320 2912 quod
343 2849 377 2894 re
401 2828 470 2911 ipsa
490 2826 776 2910 comprobabitur,
800 2826 834 2892 id
853 2846 939 2892 nunc
969 2827 1049 2892 mihi
1072 2828 1106 2892 in
1133 2842 1332 2894 antecessum

165 2940 319 3022 credant,
354 2940 383 3004 si
414 2939 505 3022 quod
538 2939 681 3004 taedium
705 2937 885 3004 creaverint
915 2938 1096 3021 principia,
1120 2953 1157 3003 ut
1186 2939 1333 3022 plerique
1426 3021 1428 3028 Ι

164 3052 395 3118 existimabunt
416 3052 495 3118 satis
516 3050 668 3136 cognita,
693 3066 731 3116 ut
762 3069 872 3116 omnes
896 3049 992 3116 altius
1015 3050 1176 3133 repetita,
1199 3051 1263 3114 hoc
1285 3049 1334 3133 ip-

162 3184 230 3230 sum
253 3163 467 3230 defluentium
489 3163 565 3228 inde
586 3175 849 3248 argumentorum
874 3161 1068 3227 certitudine
1090 3175 1333 3245 compensatum

144 3276 209 3342 iri.
256 3275 366 3341 Etiam
397 3273 481 3340 illud
504 3274 592 3340 haud
614 3273 698 3340 falso
718 3274 833 3357 utique
856 3273 1102 3354 affirmaverim,
1126 3274 1334 3356 quaestiones

161 3389 240 3472 juris
265 3387 397 3462 bellici.
423 3407 505 3468 quae
528 3385 824 3469 perturbatissimae
846 3387 1003 3451 hactenus
1030 3384 1185 3464 fuerunt,
1209 3386 1333 3452 etiamsi

165 3501 215 3565 hic
235 3519 349 3565 omnes
382 3516 550 3581 expressae
581 3511 786 3578 nonerunt,
816 3517 856 3562 ex
879 3497 991 3563 iisdem
1023 3513 1130 3564 tamen
1164 3498 1333 3582 principiis

166 3627 195 3676 et
219 3612 330 3677 eadem
351 3610 492 3676 docendi
514 3609 639 3675 ratione
663 3609 809 3692 expediri
839 3628 935 3692 posse
964 3623 1062 3692 atque
1093 3610 1232 3677 definiri.
1279 3610 1334 3674 Sa-

165 3737 315 3808 quuntur
336 3721 526 3808 dogmatica
547 3720 585 3786 da
599 3721 682 3805 jura
700 3720 861 3806 praedae.

609 3904 813 3971 CAPUT
846 3906 887 3970 ΙΙ.

186 4082 491 4158 Pnouaoomurta,
516 4098 554 4144 ru
580 4097 711 4150 uorsus
735 4077 922 4146 Raouaar
948 4100 986 4144 rx
1005 4100 1053 4145 nr
1078 4079 1206 4146 Lacus
1230 4101 1311 4148 xrrr.

207 4340 305 4407 Unde
338 4338 433 4403 nobis
453 4336 672 4420 principium,
695 4337 758 4404 nisi
782 4339 821 4402 ab
841 4338 912 4421 ipso
932 4339 1122 4422 principio?
1146 4340 1252 4406 Prima
1275 4339 1335 4424 igi-

168 4466 218 4518 tur
239 4467 309 4518 esto
333 4452 467 4535 regula,
490 4469 589 4532 supra
611 4468 707 4531 quam
730 4449 829 4516 nihil:
856 4447 951 4532 Quod
968 4449 1060 4515 Deus
1081 4472 1112 4516 sa
1130 4451 1213 4518 nella
1232 4455 1336 4538 signi·
1352 4470 1449 4530 nogara
1458 4469 1479 4515 1.
