3326 5506
330 593 393 672 236
651 606 696 652 na
720 605 813 671 juna
839 605 1022 650 ernanus.
1048 606 1128 652 cnr.
1154 605 1218 652 x11.

326 759 460 844 proprio
495 759 591 826 maris
622 759 665 826 ad
695 759 838 841 aliquem
869 757 1052 842 pertinente
1082 760 1295 842 loqueretur,
1330 756 1400 822 lieri
1441 758 1506 823 hoc

325 892 422 954 posse
453 870 536 936 dixit
571 869 752 936 Accursius
776 875 786 913 ¹
811 890 870 952 per
889 868 1100 953 privilegium
1129 885 1187 937 aut
1210 867 1507 936 consuetudinem:

326 981 419 1065 quod
439 981 696 1048 additamentum
720 980 762 1046 ad
779 979 1008 1064 jurisconsulti
1032 995 1158 1048 textum
1177 982 1270 1048 nullo
1288 979 1386 1046 modo
1410 999 1508 1044 acce-

328 1094 406 1160 dens
435 1093 511 1158 mali
530 1093 644 1176 potius
667 1092 862 1176 conjectoris
882 1110 952 1158 esse
975 1091 1107 1158 videtur
1126 1113 1224 1174 quam
1245 1091 1323 1156 boni
1343 1091 1509 1172 interpre-

326 1206 379 1271 tis.
427 1204 526 1270 Mens
553 1203 646 1270 Pauli
676 1222 774 1285 supra
806 1202 966 1285 explicata
999 1217 1058 1269 est.
1105 1203 1279 1270 Caeterum
1312 1202 1361 1268 illi
1392 1201 1420 1268 si
1451 1203 1508 1267 vel

326 1318 395 1383 sola
418 1314 550 1398 Ulpiani
572 1318 584 1354 ¹
605 1314 728 1393 verba,
753 1333 837 1395 quae
859 1315 959 1396 paulo
982 1328 1056 1380 ante
1076 1315 1299 1396 praecedunt,
1324 1314 1403 1380 satis
1424 1334 1508 1380 con-

324 1426 547 1506 siderassent,
571 1427 668 1510 longe
691 1424 783 1490 aliud
802 1423 921 1490 dicturi
944 1439 1044 1490 erant.
1070 1424 1343 1505 Fatetur²eni1n‚
1366 1440 1404 1490 ut
1426 1424 1507 1506 quis

326 1553 401 1604 ante
423 1537 520 1604 aedes
541 1556 626 1602 meas
647 1535 765 1618 piscari
784 1535 1020 1618 prohibeatur,
1045 1555 1116 1602 esse
1136 1536 1269 1617 quidem
1290 1551 1506 1619 usurpatum,

328 1649 392 1714 hoc
424 1663 473 1714 est
504 1662 669 1730 receptum
692 1646 954 1727 consuetudine,
977 1647 1035 1714 sed
1055 1649 1148 1713 nullo
1168 1648 1265 1731 jure,
1289 1647 1433 1730 ideoque
1456 1646 1507 1712 in-

326 1759 485 1844 juriarum
518 1759 679 1824 actionem
709 1756 880 1840 prohibito
914 1776 980 1823 non
1013 1757 1243 1843 denegandam.
1310 1758 1508 1825 Contemnit

328 1870 430 1955 igitur
451 1872 538 1937 hunc
559 1890 681 1936 morem
701 1885 734 1935 et
756 1869 1002 1953 usurpationem
1020 1885 1141 1950 vocat,
1165 1884 1203 1935 ut
1227 1884 1259 1936 et
1279 1870 1364 1936 inter
1388 1870 1506 1936 Chris-

326 1982 433 2048 tianos
455 1982 608 2048 doctores
631 1980 829 2048 Ambrosius
846 1980 868 2046 ⁴.
915 1980 962 2046 Et
982 1980 1113 2046 merito·
1161 1980 1252 2068 Quid
1274 1982 1358 2048 enim
1380 1982 1505 2048 clarius

329 2114 427 2176 quam
452 2113 517 2160 non
547 2095 655 2159 valere
679 2091 977 2174 consuetudinem,
1002 2113 1086 2174 quae
1103 2092 1172 2177 juri
1191 2107 1325 2160 naturae
1345 2109 1404 2159 aut
1428 2114 1507 2179 gen·

327 2204 410 2271 tium
442 2225 481 2270 ex
512 2204 650 2271 adverso
681 2202 861 2286 opponitur
881 2202 920 2268 ⁶?
955 2203 1172 2270 Consuetudo
1196 2203 1432 2286 enim'species
1456 2221 1506 2273 est

327 2315 412 2400 juris
434 2313 595 2397 positivi,
619 2314 711 2397 quod
732 2314 796 2400 legi
819 2329 996 2398 perpetuae
1018 2316 1176 2400 obrogare
1198 2335 1264 2382 non
1286 2331 1406 2398 potest.
1443 2318 1507 2384 Est

329 2442 437 2493 autem
470 2429 523 2492 lex
546 2426 601 2492 illa
621 2440 801 2509 perpetua,
827 2441 863 2491 ut
886 2446 972 2492 mare
991 2426 1145 2492 omnibus
1165 2447 1228 2494 usu
1254 2446 1429 2494 commune
1451 2428 1504 2496 sit.

327 2539 430 2625 Quod
449 2552 559 2604 autem
581 2538 614 2604 in
637 2536 895 2620 praescriptione
920 2536 1082 2620 diximus,
1104 2537 1189 2604 idem
1210 2539 1243 2604 in
1264 2539 1503 2607 consuetudine

327 2670 442 2717 verum
471 2663 544 2731 est,
577 2648 605 2714 si
638 2647 714 2730 quis
746 2667 858 2714 eorum
889 2648 947 2731 qui
977 2649 1142 2715 diversum
1164 2649 1367 2716 tradiderunt
1388 2669 1504 2716 sensus

329 2760 497 2842 excutiat,
522 2779 589 2826 non
618 2759 708 2824 aliud
733 2774 962 2842 reperturum,
987 2781 1083 2842 quam
1107 2761 1377 2828 consuetudinem
1402 2762 1503 2846 privi-

327 2872 414 2959 legio
435 2872 648 2955 aequiparari.
672 2870 778 2953 Atqui
799 2871 956 2938 adversus
978 2890 1081 2956 genus
1103 2872 1280 2938 humanum
1303 2873 1503 2940 concedendi

327 2982 538 3068 privilegium
561 3002 657 3050 nemo
676 2983 777 3048 habet
796 2996 1013 3065 potestatem:
1037 3003 1138 3065 quare
1163 2983 1246 3050 inter
1266 2983 1413 3051 diversas
1438 3003 1503 3050 res·

326 3094 475 3178 publicas
507 3094 715 3162 consuetudo
750 3093 812 3159 ista
847 3092 914 3159 vim
948 3114 1014 3160 non
1047 3095 1156 3161 habet.
1216 3096 1341 3166 Verum
1375 3116 1503 3162 omnem

327 3210 410 3272 hanc
439 3206 666 3290 quaestionem
690 3204 940 3290 diligentissime
969 3206 1123 3274 tractavit
1149 3207 1319 3289 Vasquius
1342 3205 1378 3288 ⁶,
1404 3207 1503 3273 decus

328 3318 413 3384 illud
441 3317 642 3400 Hispaniae,
665 3317 851 3401 cujus'nee
883 3316 916 3380 in
944 3316 1144 3399 explorando
1163 3319 1237 3403 iure
1262 3317 1502 3400 subtilitatem,

328 3428 444 3495 necin
467 3427 615 3494 docendo
634 3427 818 3492 libertatem
839 3447 995 3510 umquam
1019 3410 1192 3496 desideres.
1215 3430 1247 3494 Is
1270 3429 1372 3514 igitur
1395 3430 1502 3514 posita

329 3538 432 3607 thesi:
454 3539 526 3604 loca
544 3538 683 3626 publica
707 3552 738 3603 at
751 3539 836 3622 jure
853 3543 1004 3625 gentium
1026 3544 1211 3605 communia
1227 3542 1419 3626 praescribi
1440 3562 1502 3606 non

321 3667 438 3738 possa,
474 3671 571 3732 quam
605 3649 717 3716 multis
750 3649 856 3715 firmat
888 3651 1104 3731 auctoribus,
1134 3651 1344 3735 exceptiones
1383 3651 1502 3718 deinde

327 3762 500 3847 subjungit
522 3763 562 3828 ab
586 3763 716 3845 Angelo
742 3775 774 3826 et
797 3760 868 3826 aliis
890 3761 1066 3842 confictas,
1090 3783 1173 3844 quas
1195 3782 1293 3846 supra
1313 3763 1501 3829 retulimus.

327 3875 398 3940 Has
416 3889 524 3940 autem
548 3871 793 3939 examinaturus
816 3887 903 3938 recte
923 3872 1069 3956 indicat,
1094 3874 1228 3940 istarum
1250 3894 1358 3940 rerum
1382 3875 1504 3942 verita-

333 4063 528 4074 ——--—-—-

364 4171 371 4203 ¹
390 4173 421 4220 ad
440 4173 464 4220 d.
481 4172 500 4218 l.
514 4182 582 4217 sane.
602 4169 646 4230 [D.
659 4181 702 4230 47.
722 4183 760 4218 10.
781 4169 831 4234 14.]
861 4168 871 4201 ²
889 4170 915 4219 in
934 4173 958 4220 d.
973 4174 991 4219 l.
1008 4170 1165 4230 injuriarum.
1182 4175 1204 4230 §-
1220 4174 1266 4220 ult.
1278 4171 1321 4232 [D.
1336 4183 1378 4231 47.
1394 4183 1432 4218 ιο,
1451 4170 1501 4231 ra]

328 4262 422 4311 ³Vlde
446 4263 479 4321 gl.
502 4274 533 4308 eo
557 4262 628 4308 loco.
662 4260 721 4309 ⁴de
744 4262 787 4310 off.
811 4265 827 4310 l.
851 4276 872 4312 ι.
895 4277 918 4312 c.
941 4266 981 4312 28.
1017 4263 1135 4312 Gentilis.
1158 4265 1176 4310 1.
1203 4277 1224 4312 r.
1246 4278 1267 4311 c.
1293 4277 1331 4324 ¹9·
1350 4261 1396 4310 sub
1421 4261 1504 4310 smum.

329 4355 435 4404 ⁵Auth.
454 4355 471 4400 l.
488 4351 552 4401 nulli
575 4350 629 4409 jud.
653 4355 674 4411 ς.
699 4367 720 4400 1.
741 4353 784 4414 [C.
802 4369 826 4416 9.
844 4357 885 4416 48.
906 4353 938 4420 1.]
960 4369 983 4404 c.
1002 4369 1058 4404 curn
1080 4367 1160 4404 tanto.
1184 4357 1214 4404 de
1231 4366 1345 4404 consuet.
1365 4354 1504 4415 [Decretal.

333 4461 354 4496 1.
371 4460 395 4508 4.
417 4443 467 4509 1l.]
503 4443 513 4475 ⁶
533 4445 621 4492 Contr.
639 4444 676 4492 ill.
695 4458 717 4493 c.
738 4449 777 4506 89.
795 4459 820 4493 n.
841 4459 879 4494 re.
898 4458 990 4506 etseq.
