3326 5506
363 589 425 650 260
667 606 713 651 nu
736 605 829 671 Junrt
856 604 1040 652 aurnuns.
1067 605 1147 656 cna.
1171 605 1237 650 xn.

361 762 557 846 congregati
577 758 632 827 tel
652 762 688 824 in
711 779 869 824 summam
894 763 1048 846 reputati
1063 759 1204 844 faciunt
1226 762 1409 828 universos.
1442 757 1539 824 Talis

363 885 411 938 est
441 870 498 936 illa
526 867 759 936 Lusitanorum
792 870 1056 954 pervicacissima
1079 864 1283 953 obstinatio,
1319 892 1385 953 qua
1409 885 1442 937 et
1466 871 1540 937 uni·

361 981 449 1050 versi
470 996 503 1047 et
531 981 653 1066 singuli
676 984 741 1048 huc
772 979 937 1061 fortunis,
961 982 1026 1047 huc
1057 983 1252 1066 corporibus
1275 982 1403 1049 collatis
1427 982 1541 1048 nitun-

362 1110 439 1174 tur,
463 1094 699 1176 nequisquam
721 1093 865 1159 Batavus
887 1093 919 1157 in
942 1092 1035 1158 India
1058 1108 1151 1160 tutus
1171 1092 1223 1160 sit.
1270 1094 1315 1159 Et
1336 1114 1453 1160 causae
1480 1095 1542 1178 igi·

362 1222 417 1272 tur
438 1204 658 1285 subfuerunt,
683 1220 715 1270 et
735 1204 782 1269 illi
803 1203 912 1270 meriti
934 1220 971 1270 ut
994 1204 1141 1271 hostium
1164 1225 1300 1272 numero
1325 1207 1539 1274 haberentur.

363 1319 400 1382 In
422 1338 460 1383 eo
484 1317 657 1384 difficultas
679 1317 822 1397 residet,
846 1317 938 1399 quod
961 1337 1027 1382 non
1051 1316 1147 1383 facile
1170 1317 1308 1401 privatis
1328 1319 1541 1383 concedenda

217 1447 259 1493 cx
279 1448 349 1514 ..nat
364 1430 496 1497 videtur
517 1450 679 1495 armorum
689 1429 937 1495 ‘movendorum
961 1427 1068 1511 copia.
1113 1428 1179 1495 Sed
1202 1430 1461 1494 demonstratum
1485 1431 1541 1494 ha-

216 1503 349 1605 Lu'a'm'
364 1544 502 1621 bemus,
527 1555 691 1623 quatenus
709 1539 871 1624 iudicium
890 1540 1002 1604 haberi
1022 1559 1089 1605 non
1113 1556 1246 1623 potest,
1270 1556 1406 1606 eatenus
1430 1541 1540 1624 priva-

365 1668 417 1720 tos
437 1653 559 1718 bellum
584 1649 701 1717 inferre
725 1670 790 1716 non
813 1650 1002 1734 prohiberi:
1027 1671 1126 1734 quare
1150 1673 1225 1718 cum
1253 1650 1398 1717 defectus
1417 1652 1540 1737 judicii

365 1779 414 1831 est
432 1763 634 1845 continuuS,
658 1762 767 1828 omnia
784 1762 913 1844 privato
933 1762 1055 1844 licent,
1074 1783 1158 1846 quae
1179 1763 1251 1847 jure
1274 1764 1414 1829 naturali
1437 1764 1541 1830 licue-

364 1891 451 1942 runt.
497 1877 612 1957 Itaque
633 1875 781 1941 debitum
803 1873 899 1941 armis
919 1872 1005 1958 exigi
1026 1894 1122 1957 posse
1145 1894 1258 1940 omnes
1281 1873 1435 1941 fatentur.
1464 1877 1540 1942 Nos

365 2007 405 2052 ex
434 1985 683 2070 prudentiorum
716 1985 851 2050 arbitrio
873 1985 1058 2052 addidimus
1082 1986 1177 2051 etiam
1198 1985 1429 2069 punitionem,
1454 2007 1540 2069 quae

363 2099 405 2164 ad
425 2099 572 2184 justitiae
593 2118 736 2163 normam
761 2097 939 2179 adaequata
962 2097 1024 2176 sit,
1047 2097 1104 2162 tali
1125 2098 1232 2180 specie
1252 2098 1456 2164 necessitatis
1471 2119 1540 2164 non

364 2210 598 2296 denegandam.
658 2209 826 2274 Continuo
857 2224 964 2274 autem
997 2208 1118 2294 judicis
1144 2209 1281 2292 penuria
1313 2208 1368 2274 hic
1402 2209 1540 2291 quidem

365 2320 500 2388 evidens
530 2335 588 2387 est.
635 2321 702 2386 Res
725 2319 791 2385 iere
815 2340 948 2402 omncs,
973 2340 1012 2386 ex
1044 2321 1168 2402 quibus
1191 2321 1313 2386 bellum
1338 2320 1402 2384 hoc
1426 2335 1539 2386 ortum

217 2461 293 2515 supra
311 2447 437 2512 tuest,
470 2432 503 2498 in
535 2433 607 2516 ipso
640 2452 762 2498 oceano
795 2431 1016 2517 contigerunt.
1063 2433 1101 2497 In
1133 2453 1255 2498 oceano
1284 2447 1391 2498 autem
1413 2433 1539 2498 nullam

217 2523 267 2571 ‘ap'
365 2563 434 2610 esse
451 2543 614 2626 propriam
635 2558 785 2626 respectu
808 2542 872 2608 loci
893 2541 1155 2627 jurisdictionem
1181 2558 1291 2623 recte,
1315 2562 1353 2609 ut
1374 2543 1538 2624 arbitror,

365 2654 606 2720 affirmavimus.
632 2653 721 2720 Tum
745 2654 772 2718 si
797 2673 863 2736 qua
883 2668 990 2734 esset,
1011 2675 1046 2719 ea
1062 2669 1146 2720 esset
1157 2654 1313 2720 Indorum
1329 2654 1538 2737 Principum,

365 2766 423 2848 qui
455 2787 515 2832 nec
538 2768 656 2832 volunt
678 2785 794 2832 causae
818 2765 1016 2845 immisceri,
1039 2784 1099 2830 nec
1123 2786 1139 2830 a
1162 2765 1329 2832 Lusitanis
1352 2781 1390 2831 ut
1407 2767 1538 2852 judices

365 2893 600 2964 agnoscuntur.
625 2877 710 2943 Loci
734 2876 836 2961 igitur
859 2876 984 2943 ratione
997 2877 1166 2962 quajure,
1190 2897 1254 2959 qua
1271 2876 1358 2944 facto
1373 2878 1538 2962 judicium

365 2989 488 3056 deficit.
535 2991 703 3072 Respecto
724 3008 961 3072 personarum,
985 3004 1059 3054 cunr
1082 3009 1131 3053 res
1152 2989 1237 3054 inter
1260 2989 1441 3055 Lusitanos
1463 3010 1537 3056 vcr-

363 3116 454 3168 setur
477 3116 509 3167 et
530 3101 694 3183 batavos,
726 3100 828 3184 judex
848 3099 933 3166 alius
956 3119 1112 3166 essenon
1136 3100 1270 3183 potuit,
1304 3121 1401 3182 quam
1424 3119 1539 3182 respu-

364 3213 450 3279 blica
489 3213 687 3296 Princepsve
721 3211 980 3293 Lusitanorum,
1024 3226 1081 3278 aut
1110 3212 1294 3294 respublica
1328 3212 1539 3277 Batavorum.

363 3323 567 3407 Respublica
590 3340 622 3391 et
644 3324 797 3407 Princeps
819 3324 1052 3389 Lusitanorum
1077 3323 1200 3407 priores
1227 3323 1290 3407 ipsi
1313 3322 1446 3389 Batavis
1470 3343 1538 3388 non

363 3450 490 3502 tantum
520 3435 670 3520 injuriam
694 3437 826 3519 publice
849 3435 1020 3516 fecerunt,
1044 3435 1103 3502 sed
1125 3450 1157 3500 et
1178 3435 1300 3500 bellum
1325 3435 1537 3514 intulerunt,

364 3567 433 3628 quo
465 3545 551 3612 facto
581 3562 711 3613 constat
740 3548 888 3614 amissam
916 3545 1084 3631 judicandi
1107 3561 1318 3629 potestatem:
1341 3561 1379 3612 ut
1399 3548 1465 3631 jam
1490 3561 1539 3611 ta·

363 3679 451 3723 ceam
471 3673 548 3741 post
570 3674 658 3725 tanta
680 3658 834 3742 perfidiae
856 3660 1024 3742 exempla,
1048 3678 1123 3723 curn
1147 3658 1300 3724 Lusitani
1311 3658 1430 3743 legatis
1443 3658 1539 3723 Bata-

366 3790 481 3836 vorum
505 3791 545 3837 ne
569 3792 609 3836 ex
633 3770 784 3836 condicto
809 3770 943 3852 quidem
963 3784 1153 3853 parcerent,
1175 3772 1248 3854 jure
1272 3790 1400 3835 omnem
1424 3770 1465 3834 ad
1482 3789 1539 3834 eos

365 3900 529 3946 accessum
561 3880 728 3956 formidari
761 3883 918 3965 potuisse.
962 3881 1124 3947 Adeunda
1144 3881 1246 3966 igitur
1269 3881 1335 3947 fuit
1353 3881 1541 3965 respublica

365 3992 587 4073 batavorum,
622 3993 715 4075 quod
748 3993 817 4058 fieri
849 4013 916 4060 non
948 3993 1059 4077 potuit
1093 3994 1136 4058 ob
1167 3993 1355 4058 immensam
1388 3996 1538 4058 locorum

359 4104 561 4205 distantiam.
608 4106 688 4171 Non
708 4120 930 4172 momentanea
951 4104 1052 4189 igitur
1073 4105 1129 4171 sed
1149 4105 1306 4170 continua
1326 4119 1358 4169 et
1379 4118 1539 4198 perpetua

361 4215 479 4300 judicii
503 4216 639 4299 penuria
658 4215 747 4297 fuit,
777 4216 915 4282 maxime
934 4216 962 4283 si
982 4237 1088 4280 rerum
1111 4215 1198 4298 apud
1221 4215 1320 4281 Indos
1349 4231 1537 4298 gestarum,

217 4370 258 4414 E,
279 4328 408 4416 „mita
436 4342 474 4394 ut
504 4331 579 4395 loco
611 4343 643 4394 et
675 4343 821 4412 ternpore
853 4329 1050 4408 cohaerent,
1086 4327 1200 4392 seriem
1222 4342 1322 4409 atque
1345 4341 1537 4393 contextum

216 4424 350 4538 iff‘ssfiffi
364 4441 616 4507 consideremus.
663 4442 764 4528 Quod
794 4442 821 4506 si
855 4441 976 4504 bellum
1002 4441 1128 4523 justum
1150 4438 1231 4518 fuit,
1258 4454 1418 4520 quantum
1443 4440 1475 4504 in
1495 4458 1537 4502 eo
