3326 5506
447 613 493 658 uu
517 611 610 678 June
636 585 819 666 annuunt.
844 608 925 654 cnr.
950 609 1018 655 xu.
1256 606 1318 670 219

144 768 276 853 legibus
297 781 458 832 vocantur
479 775 513 849 ¹,
538 768 601 834 hoc
624 781 673 832 est
692 765 876 833 communia
897 765 1067 845 omnium,
1092 763 1223 847 proptia
1245 765 1319 829 nul·

143 880 224 946 lius.
272 880 383 964 Hujus
415 877 542 964 generis
573 893 622 944 est
647 881 721 958 adr,
747 877 871 962 duplici
894 875 1044 958 ratione,
1068 889 1137 941 tum
1162 874 1247 958 quia·
1263 895 1319 942 oc-

143 990 259 1074 cupari
291 1011 359 1056 non
390 1005 521 1074 potest,
554 1005 624 1056 tum
658 990 735 1072 quia
759 1007 856 1056 usum
879 987 1103 1072 promiscuum
1127 986 1318 1054 hominibus

144 1103 257 1168 debet.
306 1103 359 1169 Et
383 1102 503 1168 eisdem
535 1102 575 1168 de
610 1102 717 1168 causis
752 1119 923 1168 commune
959 1113 1007 1166 est
1041 1099 1187 1166 omnium
1222 1093 1319 1164 maris

145 1216 368 1297 elementum,
401 1213 567 1279 infinitum
600 1212 727 1280 scilicet
759 1213 828 1293 ita,
864 1228 902 1278 ut
924 1211 1084 1296 possideri
1107 1229 1173 1277 non
1197 1223 1319 1293 queat,

146 1341 184 1392 et
205 1326 349 1394 omnium
383 1326 500 1392 usibus
531 1325 833 1405 accommodatum,
857 1327 924 1392 siva
946 1325 1193 1411 navigationem
1217 1325 1320 1408 respi-

145 1441 271 1518 cimus,
293 1442 360 1506 sive
379 1443 480 1503 etiam
495 1441 709 1524 piscaturam
730 1435 752 1502 ¹.
793 1436 901 1520 Cujus
920 1451 1026 1502 auteur
1044 1434 1129 1521 juris
1149 1448 1199 1500 est
1217 1454 1319 1512 mare,

147 1549 295 1634 ejusdem
327 1564 428 1631 sunt,
462 1549 490 1614 si
512 1569 579 1631 qua
601 1567 688 1614 mare
710 1546 782 1614 aliis
805 1547 920 1634 usibus
945 1547 1112 1631 eripiendo
1136 1565 1195 1612 sua
1217 1545 1320 1627 fecit,

148 1676 189 1727 ut
210 1682 325 1728 arenae
356 1661 477 1742 maris,
509 1681 651 1744 quotum
675 1677 751 1744 pars
774 1659 868 1725 tetris
891 1659 1047 1727 continua
1069 1658 1163 1724 littus
1186 1658 1320 1724 dicitur.

148 1775 254 1839 Recte
278 1773 380 1858 igitur
404 1772 523 1839 Cicero
543 1781 575 1837 ³:
609 1770 702 1856 Quid
722 1786 791 1838 tam
815 1791 981 1836 commune
1003 1789 1102 1856 quam
1126 1789 1220 1836 mare
1237 1771 1321 1856 fluc-

147 1886 350 1965 tuantibus,
382 1886 480 1951 littus
512 1885 652 1970 mertis?
699 1882 809 1950 Etiam
832 1882 996 1967 Virgilius
1020 1899 1153 1961 auram,
1176 1881 1320 1963 undam,

148 1997 244 2064 littus
279 1996 409 2064 cunctis
432 2010 543 2080 patere
566 1995 658 2062 dicit.
704 1996 794 2060 Haec
818 1994 919 2080 igitur
941 2007 1019 2060 sunt
1042 1995 1120 2074 illa,
1144 2012 1228 2076 quae
1253 1993 1322 2058 Ro-

148 2109 234 2175 mani
255 2108 268 2145 ⁴
287 2123 408 2174 vocant
439 2108 624 2174 communia
658 2107 804 2174 omnium
834 2109 909 2192 jure
944 2106 1106 2187 naturali,
1140 2119 1197 2170 aut
1231 2105 1322 2186 quod

149 2220 235 2286 idem
270 2237 339 2286 esse
371 2220 538 2302 diximus,
571 2220 703 2302 publica
732 2219 816 2304 J‘uris
849 2219 1017 2304 gentium,
1049 2218 1137 2284 sicut
1171 2233 1203 2282 et
1226 2235 1320 2282 usum

148 2352 262 2399 eorum
286 2333 385 2400 modo
405 2349 612 2398 communem
631 2331 730 2400 modo
750 2330 918 2414 publicum
941 2345 1068 2397 vocant.
1115 2329 1320 2416 Quamquam

147 2464 228 2512 vero
262 2443 358 2509 etiam
383 2463 420 2509 ea
442 2443 568 2510 nullius
599 2463 693 2524 esse,
727 2443 818 2525 quod
848 2442 889 2507 ad
918 2441 1149 2526 proprietatem
1182 2440 1321 2523 attinet,

150 2571 238 2622 recte
260 2555 430 2638 dicantur,
452 2557 592 2622 multum
616 2569 723 2622 tamen
747 2552 906 2621 differunt
929 2556 970 2620 ab
992 2555 1066 2636 his,
1091 2573 1175 2636 quae
1198 2553 1323 2620 nullius

149 2684 229 2734 sunt
251 2683 285 2734 et
307 2667 471 2734 communi
496 2667 571 2734 usui
596 2666 754 2733 attributa
777 2685 844 2734 non
869 2681 969 2747 sunt,
1000 2681 1037 2732 ut
1060 2665 1169 2746 ferae,
1192 2665 1321 2748 pisces,

150 2800 247 2846 aves:
281 2799 352 2846 nam
387 2779 445 2846 ista
477 2779 503 2844 si
528 2778 605 2861 quis
636 2793 802 2863 occupet,
835 2778 867 2844 in
897 2779 953 2862 jus
984 2779 1154 2862 proprium
1187 2775 1323 2842 transire

148 2905 313 2974 possunt,
342 2891 398 2957 illa
420 2909 499 2956 vero
524 2891 628 2956 totius
652 2887 864 2956 humanitatis
887 2907 1050 2956 consensu
1072 2887 1265 2973 proprietati
1288 2887 1322 2952 in

150 3018 345 3087 perpetuum
367 3017 501 3086 excepta
521 3017 622 3082 sunt,
646 3016 780 3085 propter
799 3019 919 3082 usum,
944 3000 1086 3084 quicum
1099 2999 1323 3081 sitomnium,

150 3133 216 3182 non
248 3115 352 3200 magis
383 3115 539 3181 omnibus
571 3115 611 3180 ab
644 3132 712 3180 uno
746 3113 826 3195 eripi
859 3127 993 3196 potest,
1027 3131 1124 3195 quam
1148 3132 1165 3176 a
1187 3127 1220 3178 te
1242 3112 1324 3177 mihi

103 3279 106 3286 .
151 3228 243 3311 quod
273 3246 380 3296 meum
413 3241 472 3292 est.
519 3226 594 3291 Hoc
626 3240 676 3291 est
707 3225 799 3308 quod
833 3225 951 3291 Cicero
972 3224 984 3258 ⁵
1004 3223 1086 3290 dicit
1116 3223 1199 3290 inter
1221 3223 1326 3308 prima

153 3359 223 3406 esse
251 3338 401 3425 justitiae
433 3357 587 3420 munera,
621 3338 718 3404 rebus
752 3337 983 3404 communibus
1013 3357 1073 3420 pro
1097 3336 1327 3404 communibus

154 3451 215 3518 uti.
272 3449 466 3518 Scholastici
507 3450 653 3516 dicerent
693 3467 767 3515 esse
803 3447 989 3515 communia
1022 3447 1084 3512 alia
1115 3448 1326 3529 affirmative,

151 3562 212 3628 alia
244 3561 419 3647 privative.
466 3560 649 3627 Distiuctio
685 3561 764 3626 haec
797 3578 864 3626 non
897 3559 995 3626 modo
1022 3559 1326 3644 jurisprudentibus

152 3674 272 3742 usitata
302 3688 374 3754 est,
407 3673 465 3740 sed
496 3672 589 3758 vulgi
622 3671 718 3738 etiam
752 3671 993 3739 confessionem
1029 3671 1200 3755 exprimit:
1237 3671 1323 3737 unde

188 3935 231 3982 ¹1.
256 3937 301 3982 ult.
327 3934 352 3982 ff.
377 3936 408 3982 de
426 3948 497 3983 usuc.
518 3934 561 3998 [D.
579 3948 621 3995 41.
641 3935 677 3997 3.]
713 3932 757 3982 ²1.
776 3935 872 3983 Aristo.
890 3935 915 3983 ff.
935 3937 966 3983 tle
983 3948 1031 3982 rer.
1049 3934 1102 3984 div.
1123 3933 1166 3999 [D.
1188 3949 1208 3982 t.
1229 3938 1252 3983 8.
1275 3935 1325 3996 10.]

151 4023 240 4073 ³loco
258 4039 334 4085 supra
356 4025 444 4075 citato.
478 4023 488 4057 ⁴
507 4028 567 4074 [nst.
594 4028 625 4074 de
643 4040 692 4074 rer.
711 4025 764 4075 div.
783 4031 804 4086 ᾗ.
823 4038 847 4074 et
866 4026 968 4086 quidem
986 4026 1102 4074 naturali.
1121 4038 1146 4074 ct
1164 4030 1185 4084 ξ.
1204 4026 1326 4074 littorum.

154 4115 187 4179 [l.
213 4131 236 4164 2.
266 4129 286 4164 1.
313 4119 334 4175 §-
359 4129 379 4164 ι.
404 4129 428 4165 et
453 4120 474 4175 §.
499 4115 533 4180 5.]
563 4117 619 4178 Dig.
647 4119 678 4166 de
705 4117 824 4167 rendiv.
843 4120 859 4165 l.
880 4131 900 4166 1.
921 4130 944 4166 et
964 4119 981 4164 l.
1001 4131 1024 4166 2.
1043 4130 1067 4166 et
1086 4119 1103 4164 1.
1122 4117 1268 4165 Aristaeo
1287 4117 1326 4166 tit.

154 4207 199 4268 [D.
225 4221 245 4256 1.
269 4206 304 4271 8.]
329 4209 346 4255 l.
369 4209 439 4267 quod
462 4208 487 4256 in
511 4207 605 4257 littore.
629 4220 653 4256 et
676 4211 693 4256 l.
717 4209 841 4269 quamvis.
859 4209 884 4257 ff.
903 4211 933 4258 de
952 4223 1007 4269 acq.
1025 4222 1074 4257 ter.
1094 4209 1161 4256 dom.
1182 4206 1226 4271 [D.
1244 4222 1284 4269 4¹·
1306 4221 1326 4256 1.

156 4310 195 4357 ¹4·
218 4309 244 4345 et
270 4298 323 4360 so]
349 4301 367 4346 l.
393 4297 550 4355 iniuriarum.
569 4302 590 4357 5.
608 4299 630 4348 si
647 4299 703 4360 quis
721 4313 770 4348 me.
786 4299 812 4348 ff.
831 4302 861 4348 de
881 4299 989 4358 injuriis.
1010 4301 1054 4361 [D.
1072 4311 1113 4360 47.
1135 4312 1171 4348 ιο.
1193 4311 1230 4354 13·
1249 4303 1270 4357 ξ.
1290 4299 1326 4361 7.]

151 4392 169 4436 l.
187 4390 274 4438 littora
298 4390 324 4438 ff.
349 4404 381 4438 ne
405 4390 468 4451 quid
491 4390 517 4439 in
534 4393 586 4440 loc.
604 4391 674 4452 publ.
694 4392 739 4453 [D.
756 4405 798 4454 4³·
817 4395 840 4439 8.
859 4391 896 4455 3.]
917 4405 973 4440 cum
992 4394 1009 4440 l.
1027 4405 1080 4451 seq.
1114 4391 1125 4422 δ
1144 4389 1194 4439 off.
1213 4391 1230 4438 l.
1252 4403 1273 4438 t.
1292 4390 1338 4458 [c.

154 4493 177 4538 7·
196 4485 217 4540 t·
237 4480 291 4542 aa]
