3362 5504
340 585 401 664 298
641 600 686 647 ou
709 601 802 668 Junn
828 601 1012 648 aracusa.
1038 601 1118 648 cun.
1143 603 1223 650 xur.

339 755 465 839 Ecquis
488 755 589 841 igitur
612 771 685 838 est,
710 756 766 840 qui
791 757 922 842 negabit
946 756 1076 824 illorum
1103 757 1237 843 injurias
1261 758 1301 824 ad
1325 758 1512 827 Hollandos

206 883 326 982 Quem·
338 868 526 953 pertinere?
550 868 613 936 nisi
636 867 720 936 forte
744 869 939 936 arbitramur
961 870 1045 936 nihil
1069 889 1138 937 esse
1151 891 1226 937 cum
1239 871 1304 938 illis
1317 891 1511 951 commune,

256 967 262 982 ’
339 980 397 1062 qui
421 1001 437 1046 a
462 981 650 1047 Christiana
671 982 830 1068 religione
853 982 950 1049 alieni
972 997 1063 1050 sunt.
1110 985 1214 1071 Quod
1232 985 1271 1050 ab
1292 984 1479 1069 Augustini
1500 988 1510 1022 ¹

337 1092 458 1176 pietate
480 1093 668 1178 longissime
691 1094 835 1175 recedit,
869 1095 927 1177 qui
951 1095 1087 1161 Domini
1110 1112 1319 1180 praeceptum
1345 1116 1512 1180 exponens

338 1226 405 1287 quo
427 1205 613 1288 proximum
637 1205 773 1291 diligere
794 1207 971 1291 jobemur,
995 1206 1203 1274 manifestum
1228 1226 1298 1274 esse
1321 1207 1366 1273 ait
1388 1230 1511 1274 omnam

337 1319 496 1384 hominem
524 1323 718 1405 proximum
743 1318 826 1384 dici:
859 1339 966 1403 neque
989 1340 1068 1386 vero
1092 1321 1134 1387 ob
1158 1321 1348 1405 religionem
1373 1320 1511 1388 distrahi

337 1430 550 1496 humanitatis
588 1430 717 1511 officia,
746 1432 845 1497 docet
881 1431 1008 1498 illustre
1044 1433 1078 1497 in
1114 1432 1283 1518 evangelio
1315 1431 1509 1498 Samaritani

338 1544 519 1625 exemplum
531 1545 553 1608 ².
576 1542 674 1608 Unde
698 1562 772 1608 cum
796 1543 945 1610 infideles
969 1545 1055 1610 tueri
1079 1545 1236 1612 adversus
1257 1544 1394 1629 injurias
1414 1544 1509 1611 etiam

339 1654 602 1721 Christianorum
625 1673 803 1738 numquam
836 1675 902 1721 non
933 1657 1057 1741 Justum
1094 1676 1205 1722 omnes
1229 1655 1414 1738 fateantur,
1439 1671 1509 1722 tum

336 1767 421 1832 illud
441 1781 605 1850 praeterea
629 1783 835 1850 asseverant,
861 1768 919 1850 qui
943 1769 1006 1834 hoc
1030 1783 1255 1853 argumentum
1280 1775 1509 1851 tractarunt⁸‚

337 1879 451 1945 multis
482 1879 611 1945 casibus
644 1880 774 1945 evenire
804 1901 921 1963 posse,
950 1896 988 1946 ut
1007 1881 1093 1966 juris
1117 1881 1213 1946 etiam
1236 1881 1289 1946 sui
1313 1879 1510 1946 defendendi

339 1991 441 2076 gratia
475 2012 548 2057 cum
588 1991 776 2058 infidelibus
810 1992 948 2060 societas
983 2007 1015 2058 et
1049 1991 1179 2058 foedera
1211 1993 1299 2078 juste
1334 1993 1509 2076 ineantur,

338 2103 436 2169 sicuti
470 2103 681 2184 Abrahamo‚
714 2104 849 2184 Isaaco,
882 2104 1026 2185 Davidi‚
1052 2104 1223 2171 Solomoni
1246 2119 1279 2169 et
1302 2103 1512 2170 Maccabaeis

194 2238 232 2284 ux
255 2239 325 2284 coner.
339 2214 462 2281 factum
485 2215 669 2298 accepimus
689 2219 712 2282 ⁴.
762 2216 811 2281 At
832 2216 919 2300 regis
942 2231 1028 2282 certe
1046 2216 1194 2302 Jorensis
1215 2235 1311 2283 causa
1329 2215 1511 2300 justissima

181 2293 221 2339 VI.
228 2292 298 2338 artic.
305 2293 326 2337 1.

180 2326 418 2461 ,ss⁸„f'’'³‘⁰'·f¹¹it·
465 2326 558 2414 Quid
589 2327 673 2393 enim
706 2327 854 2410 iniquius
884 2349 981 2410 quam
1004 2331 1166 2412 populum
1198 2344 1409 2395 mercatorem
1443 2328 1512 2413 regi

179 2455 249 2500 aruc.
260 2400 327 2501 icu‘
339 2439 443 2505 libero
474 2439 640 2521 indicere,
673 2458 714 2505 ne
741 2460 814 2505 cum
839 2442 940 2508 altero
964 2441 1178 2526 negotietur?
1203 2456 1261 2507 aut
1283 2439 1365 2522 quid
1389 2454 1459 2522 est,
1484 2440 1512 2507 si

339 2570 405 2617 non
429 2552 493 2617 hoc
517 2566 588 2631 est,
620 2565 652 2615 et
679 2552 733 2636 jus
767 2552 913 2636 gentium
938 2566 971 2618 et
993 2552 1179 2618 distinctam
1202 2551 1393 2635 Principum
1410 2551 1513 2636 juris-

339 2663 516 2728 dictionem
549 2662 707 2728 turbare?
754 2663 865 2749 Quare
897 2685 971 2730 cum
1004 2665 1083 2730 haec
1114 2664 1163 2729 illi
1186 2663 1305 2748 injuria
1328 2663 1525 2747 publicitus·

339 2775 454 2858 fieret,
480 2777 567 2842 ultro
591 2774 686 2840 etiam
710 2775 832 2842 bellum
856 2775 1127 2857 denuntiaretur,
1151 2776 1185 2841 ni
1208 2791 1357 2860 pareret,
1382 2790 1414 2842 et
1434 2796 1513 2842 con·

194 2911 234 2955 rx
255 2913 325 2977 congr.
339 2888 433 2954 tinuo
466 2886 661 2968 inferretur,
704 2887 820 2953 merito
853 2888 908 2953 ille
939 2888 1117 2955 Lusitanos
1151 2908 1263 2953 omnes
1296 2902 1327 2954 et
1361 2888 1513 2973 singulos

194 2965 235 3065 Τι’
255 2976 325 3011 '⁷³¹⁶'
339 2999 484 3067 hostium
508 2999 625 3065 habuit
647 3000 744 3080 loco,
769 3019 842 3065 cum
866 3000 978 3066 hostes
1003 3021 1072 3067 esse
1093 3019 1189 3066 nemo
1212 2999 1287 3067 illos
1309 3015 1430 3085 neget,
1454 2999 1513 3083 qui

195 3133 231 3178 aa
255 3135 326 3202 confr.
340 3112 461 3178 bellum
485 3111 581 3178 nobis
605 3111 819 3177 decreverunt
837 3118 859 3177 ⁵.
893 3111 970 3199 Qua
992 3112 1117 3179 ratione
1140 3131 1196 3176 rex
1216 3111 1362 3197 Jorensis
1387 3113 1513 3178 bellum

180 3189 234 3289 ssu.
254 3200 326 3237 ‘'m‘’
340 3244 424 3306 opus
454 3243 521 3289 non
552 3224 669 3290 habuit
701 3223 864 3304 indicere,
897 3223 1085 3306 praesertim
1109 3245 1184 3290 cum
1208 3223 1334 3307 priores
1356 3223 1513 3290 Lusitani

339 3333 467 3401 infestis
498 3334 638 3420 navigiis
671 3352 787 3420 portus
819 3337 890 3422 ejus
925 3336 1113 3403 obsiderent
1136 3350 1168 3400 et
1191 3357 1207 3402 e
1230 3336 1342 3402 littore
1374 3337 1514 3419 praedas

180 3465 326 3565 fimat.
339 3461 482 3532 agerent.
530 3446 594 3512 His
623 3467 700 3532 ergo
732 3447 932 3514 facinoribus
967 3448 1103 3533 obligati
1126 3447 1300 3528 Lusitani,
1325 3466 1363 3514 ut
1395 3448 1515 3514 damna

180 3573 228 3619 111.
251 3584 274 3619 a
294 3589 327 3619 ca
341 3574 538 3642 sumtusque
560 3560 771 3626 restituerent
795 3576 826 3626 et
849 3561 983 3644 insuper
1005 3580 1126 3644 poenas
1150 3560 1263 3626 darent
1285 3574 1350 3625 tam
1374 3559 1515 3645 insignis

180 3628 325 3727 wil-'m'
340 3671 500 3756 injuriae,
525 3671 607 3754 quin
638 3672 724 3757 regis
745 3673 841 3757 Jorae
861 3672 1019 3756 auspiciis
1037 3671 1172 3755 spoliari
1191 3672 1360 3756 potuerint
1378 3672 1514 3738 minime

194 3818 230 3864 Ε,
256 3821 326 3865 „mg
340 3783 460 3867 ambigi
493 3783 657 3849 convenit.
713 3783 807 3850 Sicut
839 3799 946 3851 autem
979 3784 1063 3868 regis
1096 3784 1201 3867 ipsius
1233 3783 1394 3867 optimum
1429 3783 1514 3850 illud

180 3873 326 3972 fisum·
340 3895 527 3962 institutum
562 3915 622 3978 pro
654 3895 728 3979 jure
763 3913 824 3961 suo
864 3896 1097 3978 consequendo
1136 3895 1335 3978 tuendisque
1369 3895 1512 3962 subditis

374 4105 438 4154 1De
462 4107 542 4154 doctr.
563 4106 666 4155 Christi.
702 4103 789 4156 ²Luc.
815 4121 854 4156 10.
870 4122 906 4158 vs.
931 4123 971 4171 29.
987 4120 1012 4157 er
1038 4121 1108 4169 seqq.
1143 4106 1258 4157 ³Franc.
1275 4108 1364 4170 Arias,
1382 4110 1414 4156 de
1433 4107 1511 4155 bello.

339 4213 364 4246 n.
385 4211 440 4260 192.
459 4199 516 4246 Pan.
539 4198 691 4258 mequod
708 4212 791 4260 super.
810 4202 841 4249 de
863 4212 936 4250 voto.
959 4199 1049 4263 [Decr.
1069 4213 1092 4258 5.
1111 4203 1152 4261 84.
1171 4199 1206 4262 8.]
1226 4214 1250 4247 n.
1272 4199 1470 4256 15.Vict.Rel.
1490 4212 1511 4246 1.

338 4303 366 4349 p.
395 4302 418 4336 a.
444 4301 469 4336 n.
500 4299 538 4344 ι5.
563 4299 587 4337 et
616 4301 645 4347 17
688 4288 808 4342 ⁴Genes.
832 4305 872 4340 ar.
898 4292 924 4339 in
951 4291 1002 4340 fine
1029 4303 1054 4340 et
1073 4292 1104 4339 26
1122 4291 1149 4340 in
1167 4289 1226 4340 fine.
1247 4304 1257 4339 r
1281 4293 1344 4338 Sam.
1360 4302 1401 4347 27.
1417 4301 1442 4338 et
1459 4303 1511 4350 seq.

339 4379 383 4428 ubl
402 4379 462 4428 vide
483 4379 618 4428 Nicolaum
640 4381 765 4430 Liranum.
786 4396 808 4431 r.
825 4385 931 4443 Regum.
954 4395 977 4439 5.
1000 4393 1025 4430 et
1048 4394 1071 4439 5.
1092 4381 1154 4431 silv.
1177 4381 1203 4430 in
1228 4382 1301 4431 verb.
1317 4383 1426 4430 Bellum.
1444 4395 1469 4428 n.
1485 4394 1509 4442 9.

340 4472 425 4519 concl.
442 4484 465 4529 5.
500 4469 511 4501 ⁵
528 4472 546 4518 1.
563 4473 658 4520 hostes.
675 4471 701 4520 ff.
718 4473 749 4520 de
767 4475 798 4522 V.
813 4476 835 4522 s.
855 4473 899 4535 [D.
916 4485 956 4529 5ο.
976 4473 1014 4521 16.
1033 4471 1099 4536 118.]
