3244 5496
200 2964 270 3014 Nm
284 2965 323 3014 ds·

200 3020 308 3068 clarmo-

333 587 373 666 78
636 601 683 652 ns
708 601 802 672 jures
830 601 1013 652 rannone.
1039 600 1119 650 ono.
1144 601 1209 650 vn.

332 775 441 844 regem
463 757 588 826 subditi
612 758 781 826 rationem.
826 757 1004 826 Consentit
1026 756 1250 843 Hieronymus
1272 761 1280 798 ¹
1303 755 1366 840 qui
1388 753 1433 820 de
1453 774 1514 822 ser·

331 869 384 936 vis
407 884 440 936 et
462 867 539 936 filiis
562 871 720 952 locutus,
743 871 894 951 inillis,
918 868 1050 952 inquit,
1074 883 1207 934 tantum
1218 867 1363 935 debeant
1374 866 1516 934 dominis

326 981 592 1070 parentibusque
616 999 684 1048 esse
713 981 871 1066 subjecti,
903 1001 990 1066 quae
1019 994 1140 1046 cantra
1168 978 1236 1046 Des·
1258 977 1433 1046 mandata
1457 999 1517 1043 non

330 1105 419 1159 sunt.
464 1091 586 1175 Neque
609 1091 657 1158 illi
681 1091 783 1178 igitur
805 1107 895 1158 extra
918 1093 1070 1175 culpam,
1094 1089 1152 1174 qui
1174 1105 1232 1156 aut
1252 1090 1372 1158 mortis
1391 1105 1516 1156 metum

331 1219 388 1270 aut
410 1205 572 1270 bonorum
594 1201 780 1272 amissionis
800 1202 1133 1287 praetendunt,dum
1144 1201 1312 1270 ministros
1334 1221 1371 1269 se
1390 1200 1518 1267 faciunt

331 1315 484 1400 cognitae
514 1328 571 1382 aut
603 1313 745 1381 creditae
778 1313 972 1400 injustitiae.
1017 1314 1139 1381 Comes
1161 1313 1246 1380 enim
1270 1312 1426 1400 justitiae
1450 1311 1517 1380 for-

331 1425 440 1492 titudo
469 1424 583 1510 potius
614 1425 781 1508 quaelibet
811 1428 895 1492 malt
926 1428 1063 1492 tolerare
1095 1425 1262 1507 decemit,
1295 1445 1396 1508 quam
1430 1427 1516 1490 malo

331 1535 543 1620 commone,
575 1551 613 1604 ut
647 1535 680 1602 in
702 1555 737 1603 re
758 1535 857 1604 simili
881 1535 965 1603 dixit
989 1536 1200 1622 Augustinus
1219 1535 1241 1603 ¹.
1287 1535 1379 1602 Cum
1403 1551 1516 1603 autem

330 1648 414 1716 ratio
435 1667 503 1716 non
526 1646 553 1714 it
575 1646 610 1714 in
633 1647 859 1731 contrarium,
881 1647 1008 1715 etiamsi
1031 1647 1196 1714 contineat
1217 1647 1251 1712 in
1273 1667 1308 1713 se
1331 1647 1516 1732 injuriam,

330 1761 454 1827 bellum
476 1774 583 1826 tamen
605 1773 758 1843 respectu
779 1757 987 1826 subditorum
1012 1777 1078 1824 non
1102 1773 1153 1824 est
1173 1755 1332 1842 iniustum
1356 1765 1384 1824 ⁸.
1408 1759 1517 1846 Quod

331 1873 439 1938 locum
471 1871 590 1937 habere
616 1870 715 1936 debet
745 1867 841 1936 etiam
871 1868 905 1934 in
936 1869 1069 1936 subdito
1103 1870 1145 1936 de
1163 1869 1292 1954 justitia
1313 1869 1516 1950 dubitante,

331 1997 370 2048 ut
386 1982 485 2048 docet
505 1995 619 2048 contra
639 1979 821 2046 Adrianum
840 1979 990 2047 Victoria
1009 1979 1032 2047 ⁸.
1077 1979 1188 2048 Posita
1205 1979 1290 2046 enirn
1308 1984 1423 2066 regula
1446 1999 1514 2062 est,

331 2093 549 2161 obediendum
570 2091 789 2178 potestatibus
807 2100 841 2172 ⁸,
866 2112 884 2157 a
903 2111 969 2175 qua
987 2091 1135 2159 recedere
1154 2111 1250 2158 nemo
1268 2091 1368 2158 debet
1388 2096 1425 2174 ⁸,
1451 2093 1514 2160 nisi

331 2223 391 2290 per
421 2203 711 2289 apprehensionem
746 2201 829 2289 legis
847 2202 991 2270 decimae
1013 2203 1139 2270 tertiae.
1184 2201 1252 2290 Qui
1271 2223 1351 2270 vero
1373 2204 1513 2290 ambigit

331 2315 545 2400 apprehendit
565 2313 662 2382 nihil.
698 2314 772 2382 Nec
795 2315 926 2396 obstat,
951 2314 1042 2396 quod
1062 2314 1253 2381 dubitasne
1275 2313 1407 2383 feceris.
1431 2317 1512 2384 Non

333 2427 419 2496 enim
452 2427 510 2511 qui
540 2427 669 2495 dubitat
696 2428 817 2493 bellum
846 2426 937 2509 quod
967 2425 1144 2510 imperatur
1175 2425 1300 2511 justum
1319 2426 1364 2493 sit
1386 2446 1511 2510 necne,

332 2538 441 2606 statim
463 2554 495 2606 et
517 2537 600 2606 illud
623 2537 770 2620 dubitat,
794 2557 835 2604 an
857 2536 890 2604 in
912 2535 1014 2604 dubio
1038 2535 1255 2604 obediendum
1279 2537 1332 2604 sit.
1377 2538 1427 2605 Et
1449 2541 1511 2606 boc

334 2651 493 2736 quidem,
526 2671 600 2718 cum
632 2665 737 2718 cessat
768 2649 873 2730 ratio,
906 2667 965 2716 seu
992 2647 1075 2714 nihil
1096 2647 1220 2714 definit.
1266 2648 1380 2715 Multo
1405 2665 1512 2717 autem

333 2763 437 2849 magis
455 2763 519 2830 hoc
542 2762 648 2847 ipsum
672 2763 823 2841 dicetur,
845 2780 920 2826 cum
943 2758 1025 2826 ratio
1048 2759 1255 2826 subditorum
1276 2779 1293 2826 a
1314 2760 1406 2828 bello
1430 2777 1509 2829 stat:

334 2876 426 2959 quod
456 2874 571 2942 merito
599 2876 793 2958 plerumque
824 2861 953 2937 accidit.
995 2870 1055 2956 Jns
1086 2869 1171 2938 enim
1206 2891 1246 2937 ex
1274 2869 1364 2940 facto
1394 2873 1511 2940 oritur.

334 2989 431 3056 Facta
451 3001 584 3070 autem,
606 3000 723 3069 utpote
743 2982 941 3069 singularia,
965 3003 1025 3048 nec
1045 3002 1102 3066 per
1121 2999 1221 3051 artem
1241 3003 1301 3051 nec
1323 3005 1382 3068 per
1406 2986 1514 3053 scien-

332 3099 411 3166 tiam
443 3112 709 3185 cognoscuntur,
744 3109 932 3179 quaesunt
958 3094 1380 3164 duntaxatuniversalium.
1427 3098 1513 3164 Pau·

332 3209 463 3276 tissima
485 3225 594 3276 autem
615 3222 717 3288 sunt,
737 3225 822 3290 quae
854 3204 1004 3273 sensibus
1024 3205 1273 3291 percipiuntur,
1297 3209 1376 3290 quia
1396 3211 1511 3276 eodem

332 3337 479 3404 tempore
509 3337 577 3386 uno
606 3334 733 3386 tantum
763 3316 798 3382 in
829 3318 903 3382 loco
927 3335 997 3383 esse
1020 3337 1207 3401 possumus.
1253 3319 1378 3386 Sensus
1401 3337 1510 3388 autem

333 3431 397 3500 nisi
422 3431 568 3516 proxima
592 3449 658 3497 non
687 3427 845 3514 percipit:
878 3445 937 3492 nec
967 3429 1057 3494 ullus
1082 3445 1131 3497 est
1149 3430 1234 3496 alius
1253 3451 1329 3498 vere
1349 3433 1512 3499 noscendi

333 3544 460 3612 modus.
508 3542 579 3610 Hac
608 3540 800 3608 necessitate
830 3539 971 3604 humana
991 3539 1074 3607 ratio
1095 3544 1263 3626 compulsa
1283 3541 1324 3608 ad
1345 3541 1511 3611 factorum

330 3653 453 3740 judicia
482 3656 609 3741 regulas
636 3650 700 3720 sibi
734 3650 890 3736 quasdam
917 3648 1145 3719 verisimilium
1163 3651 1234 3721 sive
1252 3665 1308 3724 τῶν
1328 3657 1443 3724 εἰκότων
1462 3655 1511 3721 sa·

332 3765 483 3833 bricavit.
530 3766 601 3833 Hae
620 3779 698 3831 sunt
716 3767 872 3848 προλήψεις
893 3761 1069 3845 quaedam,
1094 3763 1211 3833 Latine
1227 3770 1509 3851 praesumtiones,

333 3896 398 3942 non
422 3891 460 3942 ut
482 3875 516 3942 in
527 3875 711 3961 disciplinis
723 3889 830 3941 certae
840 3886 939 3955 atque
951 3890 1151 3958 perpetuae,
1175 3877 1233 3944 sed
1245 3879 1359 3960 quales
1369 3877 1510 3944 maxime

366 4050 374 4083 ¹
393 4050 418 4099 in
442 4049 518 4112 epist.
539 4053 572 4100 ad
594 4053 657 4113 Eph.
684 4051 777 4101 citatur
798 4052 825 4101 in
848 4067 872 4104 c.
893 4055 915 4104 si
941 4053 1067 4103 dominus.
1086 4052 1174 4114 [Dect.
1197 4052 1266 4100 Grat.
1284 4065 1311 4112 p.
1326 4065 1349 4100 a.
1369 4065 1407 4100 11.
1427 4065 1450 4109 ³·
1466 4065 1510 4114 93.

331 4141 416 4191 Hodie
437 4142 481 4191 hic
494 4145 614 4204 allegatur
649 4143 817 4203 Hieronymus
836 4145 862 4194 in
877 4146 953 4208 epist.
970 4147 1002 4193 ad
1018 4143 1113 4192 Titum.
1130 4142 1196 4191 Vide
1216 4142 1360 4191 notationes
1378 4155 1509 4192 correcto·

331 4245 386 4281 rum
403 4234 435 4282 ad
452 4235 519 4283 hunc
537 4234 682 4294 canonem]
717 4230 777 4283 ²de
801 4236 874 4285 civit.
897 4239 915 4285 l.
937 4233 1195 4299 1.[c.18.]citatnr
1218 4232 1244 4281 in
1266 4247 1289 4282 c.
1316 4231 1392 4282 itane.
1419 4233 1509 4295 [Dect.

332 4324 534 4384 carpana.
561 4321 636 4386 5·s·]
668 4321 775 4386 ”Ayala
792 4329 823 4376 de
839 4327 894 4385 jure
909 4327 971 4377 belli
984 4330 1000 4376 l.
1022 4340 1043 4375 1.
1059 4341 1082 4375 c.
1100 4339 1123 4374 2.
1136 4339 1162 4373 n.
1178 4322 1289 4387 39·⁴n·
1310 4336 1349 4382 31.
1380 4323 1440 4372 ¹V.
1458 4339 1509 4386 reg.

331 4428 356 4476 4
373 4426 398 4463 et
413 4416 437 4464 6.
451 4429 474 4464 c.
490 4428 514 4464 a.
530 4416 595 4464 adde
620 4427 652 4464 ex
667 4418 804 4466 demonstr.
819 4418 892 4467 inart.
908 4431 931 4467 a.
945 4418 1017 4467 artic.
1036 4431 1057 4465 1.
1076 4418 1151 4464 concl
1172 4429 1193 4464 1.
1209 4428 1233 4463 c.
1253 4427 1276 4472 ³·
1309 4415 1321 4446 ⁸
1338 4417 1429 4464 Thorn.
1447 4429 1471 4465 n„
1486 4431 1510 4464 2.

331 4506 588 4566 mmmgmg
