3362 5504
495 611 542 657 DE
566 611 659 677 Juxta
686 610 869 659 PRAEDAE.
895 611 976 658 CAP.
1002 613 1061 657 XV.
1297 611 1359 677 325

190 778 223 828 et
246 767 315 849 ipse
346 781 377 831 et
398 765 509 850 regina
532 786 607 832 cum
629 766 740 832 liberis
762 767 909 852 Belgicas
931 787 1032 833 voces
1053 786 1221 834 aourscere
1242 788 1359 850 coepe·

189 894 285 958 rant,
310 878 354 943 ita
377 893 415 943 ut
436 859 582 944 dicerent
603 900 642 944 ex
666 879 811 946 Candiae
835 899 936 962 regno
957 878 1073 944 factam
1098 899 1167 946 esse
1180 879 1357 944 bataviam.

189 991 345 1055 Addebat
355 1010 411 1055 rex
423 991 507 1056 velle
530 1011 564 1054 se
586 990 691 1056 filium
703 1004 782 1056 natu
800 990 998 1071 maximum,
1011 990 1068 1055 ubi
1091 989 1305 1070 adolevisset,
1320 990 1360 1056 ad

188 1101 372 1184 Principem
405 1102 602 1168 Mauritium
637 1102 789 1184 mittere,
814 1116 940 1168 utrem
969 1102 1139 1167 militarem
1171 1103 1233 1167 sub
1267 1117 1358 1167 tanto

189 1213 272 1278 duce
293 1213 481 1278 addisceret.
528 1214 680 1298 Rogabat
699 1214 853 1298 eligerent
866 1213 978 1280 Batavi
996 1213 1029 1278 in
1048 1233 1149 1297 regno
1170 1233 1230 1278 suo
1249 1215 1358 1278 locum

188 1325 255 1389 arci
276 1325 470 1400 struendae,
489 1325 679 1407 ubicunque
701 1325 784 1392 situs
804 1325 980 1390 arrisisset:
1000 1325 1173 1407 ipsumque
1193 1344 1227 1389 se
1248 1324 1360 1408 potius

189 1452 222 1502 et
250 1456 384 1502 uxorem
415 1451 447 1501 et
480 1437 584 1502 filium
618 1436 784 1518 filiamque
809 1455 884 1501 saxa
914 1456 952 1501 eo
977 1438 1178 1516 collaturos,
1204 1455 1300 1516 quam
1322 1450 1360 1500 ut

188 1569 240 1614 res
272 1548 352 1615 adeo
385 1547 447 1614 sibi
481 1563 591 1630 optata
623 1530 911 1614 intennitteretun
960 1545 1064 1611 Venit
1092 1549 1289 1630 paulopost
1320 1547 1360 1612 ad

189 1679 298 1744 regern
322 1660 471 1725 eumdem
496 1659 653 1726 Siboldus
676 1658 877 1738 Waertius,
891 1659 953 1723 sub
975 1657 1159 1723 Wibrando
1177 1657 1359 1723 Warwicio
1409 1681 1415 1684 ·

191 1771 285 1838 classi
306 1770 515 1854 praefectus,
540 1792 638 1852 quern
662 1791 719 1836 rex
740 1772 889 1836 obsecrat
911 1785 949 1835 ut
971 1769 1034 1834 sibi
1055 1767 1176 1835 auxilio
1190 1790 1259 1836 esse
1279 1769 1361 1835 velit

189 1883 230 1948 ad
253 1883 505 1967 expugnandum
528 1883 696 1949 castellum
720 1881 987 1962 Columbanum,
1008 1881 1098 1963 quod
1121 1880 1153 1946 in
1175 1883 1245 1965 ejus
1269 1881 1359 1965 regni

189 1993 312 2086 finibus
336 1995 489 2061 Lusitani
520 1995 700 2073 tenebant,
731 2009 763 2058 et
792 1993 855 2060 sibi
886 1993 1156 2077 expugnationem
1187 1992 1358 2075 deposcit,

188 2105 282 2170 illum
317 2120 438 2189 rogat,
465 2120 503 2170 ut
534 2125 607 2170 cum
639 2106 780 2172 navibus
804 2105 888 2171 adsit
911 2121 943 2170 et
966 2104 1041 2172 Goa
1064 2105 1285 2170 subventuros
1310 2125 1359 2169 ar-

109 2286 110 2290 ,
189 2231 281 2297 ceat,
315 2217 494 2299 propositis
527 2216 554 2281 ei
588 2217 634 2282 rei
666 2217 819 2300 praemiis
851 2232 949 2299 atque
976 2217 1061 2281 inter
1085 2230 1207 2281 caetera
1228 2232 1359 2298 paratus

190 2343 300 2410 erepta
323 2328 412 2394 hosti
436 2329 508 2394 loca
531 2328 727 2394 batavorum
748 2327 910 2411 praesidio
934 2327 1129 2411 permittere.
1176 2328 1300 2393 Evenit
1323 2344 1360 2392 ut

189 2439 400 2520 Siboldus,e
423 2439 726 2506 CeloneAchinum
746 2439 912 2524 profectus
936 2455 974 2505 ut
996 2439 1103 2505 socios
1124 2439 1265 2521 acciret,
1279 2461 1359 2522 qua·

189 2565 267 2616 tuor
300 2552 333 2617 in
368 2551 440 2634 ipso
472 2551 587 2616 itinere
621 2567 749 2635 caperet
779 2571 879 2618 naves
906 2551 1153 2617 Lusitanorum.
1203 2551 1360 2618 Oraverat

187 2677 296 2728 autem
320 2683 376 2727 rex
405 2678 605 2745 praesentem
630 2678 662 2728 et
681 2665 747 2747 jam
769 2661 954 2747 profectum
986 2663 1089 2728 literis
1118 2678 1185 2728 erat
1217 2664 1359 2729 obtesta-

189 2789 243 2840 tus
275 2793 333 2857 per
365 2774 472 2839 Deum
509 2795 632 2857 perque
666 2773 829 2857 Principis
861 2773 1012 2840 Mauritii
1047 2775 1202 2840 virtutem
1236 2794 1359 2856 perque

188 2886 364 2951 amicitiam
387 2906 501 2968 suam,
535 2902 572 2953 ut
595 2887 622 2952 si
646 2905 731 2969 quos
753 2885 933 2951 Lusitanos
955 2885 1195 2951 nancisceretur
1218 2904 1274 2950 eos
1296 2885 1359 2949 sibi

188 2997 338 3063 traderet.
383 2998 430 3063 At
461 2999 516 3064 ille
549 2997 642 3080 quasi
676 2997 870 3063 dementiam
892 2996 986 3063 facile
1009 3011 1245 3076 excusaturus,
1274 3015 1359 3077 quos

188 3124 318 3192 ceperat
353 3111 461 3175 statim
495 3108 617 3176 liberos
651 3109 786 3175 dimisit.
840 3110 914 3174 Rex
948 3123 1079 3188 autem,
1113 3106 1171 3188 qui
1205 3107 1267 3173 sibi
1303 3127 1359 3172 eos

189 3221 344 3287 traditum
367 3221 407 3285 iri
430 3240 496 3288 non
520 3221 710 3301 dubitabat,
735 3241 809 3286 curn
832 3220 873 3285 ad
893 3219 1004 3284 urbem
1026 3220 1207 3284 Vintanum
1229 3219 1358 3285 obviam

189 3352 224 3398 se
247 3347 423 3398 venturum
458 3333 684 3415 promisisset,
708 3335 796 3398 ultro
821 3331 917 3397 officii
941 3351 1039 3397 causa
1061 3331 1260 3396 Matecalum
1283 3349 1358 3412 pro-

189 3443 310 3525 cessit,
335 3465 402 3525 quo
425 3459 495 3509 tum
518 3463 618 3510 naves
641 3444 813 3510 Batavicae
837 3444 1044 3510 advenerant.
1093 3442 1142 3507 Ibi
1165 3461 1217 3507 res
1241 3440 1360 3506 accidit

190 3555 406 3636 miserabilis,
443 3571 479 3621 ut
512 3576 570 3621 rex
603 3556 658 3621 cui
688 3557 806 3621 mirum
839 3555 1011 3622 videbatur
1042 3553 1192 3620 homines
1218 3552 1357 3635 primum

189 3681 363 3746 nocentes,
388 3667 504 3734 deinde
527 3667 633 3732 victos
656 3666 849 3750 impunitate
871 3667 1003 3746 laetari,
1029 3686 1120 3731 suam
1143 3685 1222 3730 vero
1244 3679 1358 3747 postu·

190 3778 343 3843 lationem
375 3798 444 3844 esse
477 3777 680 3860 contemtui,
714 3777 886 3844 Siboldunr
919 3776 1146 3844 contumacius
1178 3776 1241 3842 sibi
1265 3777 1358 3842 oblo-

191 3903 343 3970 quentem
368 3909 441 3954 cum
466 3889 538 3955 aliis
562 3888 627 3954 fere
652 3890 891 3974 quinquaginta
916 3890 1101 3956 obtruncari
1123 3890 1263 3974 juberet.
1310 3889 1359 3953 Ita

191 4000 283 4081 quod
301 4000 429 4066 inultus
445 3981 622 4079 manserat,
643 4002 705 4067 hoc
727 4001 833 4084 ipsum
854 4003 944 4067 ultus
964 4015 1027 4066 est:
1042 4001 1218 4082 eademque
1229 3999 1358 4079 lenitas,

189 4111 218 4177 si
241 4126 349 4177 tamen
373 4111 488 4177 lenitas
511 4113 656 4179 vocanda
682 4128 753 4192 est,
777 4113 930 4178 hostibus
953 4111 1119 4190 ludibrio,
1156 4109 1254 4176 sociis
1288 4128 1358 4175 sus·

190 4223 337 4305 picioni,
373 4224 501 4289 Batavis
525 4224 625 4289 exitio
649 4222 722 4289 suit.
770 4225 856 4290 Cum
881 4224 981 4308 igitur
1005 4237 1116 4306 gentes
1140 4221 1242 4300 istae,
1276 4241 1359 4302 quae

190 4336 273 4400 bella
305 4338 409 4401 multo
443 4357 539 4417 quam
572 4337 735 4418 Europaei
759 4335 903 4401 ferocius
928 4349 1098 4426 exercent,
1122 4333 1179 4398 vix
1202 4335 1283 4398 hanc
1308 4352 1360 4397 ac·

190 4446 313 4529 cipiunt
332 4448 430 4514 moris
450 4448 552 4513 nostri
574 4449 836 4524 excusationem,
861 4447 951 4529 quod
972 4448 1083 4511 hostes
1104 4465 1176 4510 cunr
1197 4443 1360 4527 possimus
