3310 5482
339 652 381 714 34
637 651 685 698 DE
707 649 800 718 JURE
826 649 1010 697 PRAEDAE.
1036 649 1118 698 CAP·
1145 648 1201 696 111.

338 804 549 891 mogenianus
570 814 578 847 ¹
598 804 639 871 ad
666 806 721 890 J‘us
751 807 895 890 gentium
917 806 1031 886 resert,
1060 822 1091 871 et
1112 803 1322 871 Florentinus
1341 807 1352 844 ²
1373 805 1512 870 tutelam

338 917 487 1000 eorporis
515 931 548 981 et
578 916 685 981 omnis
716 916 853 1001 injuriae
882 919 1171 1003 propulsationem.
1217 917 1313 982 Vidit
1341 916 1405 982 hoc
1438 916 1513 982 Bal-

331 1028 440 1110 'dus³,
461 1028 519 1112 qui
538 1028 622 1094 inter
636 1027 889 1113 jurisconsultos
906 1031 1028 1114 optime
1046 1029 1316 1113 philosophatur,
1336 1048 1411 1093 cum
1428 1027 1514 1093 dixit

338 1141 452 1206 armari
480 1140 661 1222 rationem,
695 1141 826 1222 quoties
853 1143 983 1227 justitia
1012 1143 1082 1209 sine
1113 1140 1210 1206 armis
1237 1153 1308 1205 tuta
1341 1157 1411 1205 esse
1443 1158 1511 1204 non

337 1267 456 1337 potest.
503 1253 595 1339 Quin
625 1267 657 1317 et
686 1254 764 1318 orbe
790 1254 856 1337 jam
888 1253 953 1319 fere
984 1253 1073 1319 omni
1105 1251 1298 1336 percognito
1322 1269 1400 1336 gens
1421 1253 1513 1316 nulla

338 1379 388 1430 est
408 1380 553 1447 reperta,
577 1384 661 1446 quae
682 1383 749 1430 non
767 1363 816 1429 fas
836 1380 930 1448 putet
948 1369 1003 1452 jus
1024 1385 1119 1431 suum
1142 1364 1196 1430 vel
1219 1363 1315 1428 armis
1336 1364 1509 1447 persequi:

337 1490 435 1559 atque
458 1475 539 1542 adeo
560 1477 624 1540 alta
644 1476 739 1541 etiam
756 1496 835 1559 pace
855 1477 985 1544 urbium
998 1477 1266 1561 propugnacula,
1290 1474 1407 1540 finium
1418 1495 1511 1558 prae-

338 1587 443 1669 sidia,
473 1602 638 1671 portarum
669 1587 825 1653 custodes
856 1588 938 1671 quid
971 1589 1061 1655 aliud
1084 1607 1181 1672 quam
1205 1587 1325 1653 bellum
1346 1587 1512 1653 minantur

338 1700 611 1767 adversantibus?
658 1700 759 1786 Quod
787 1699 814 1765 si
844 1701 997 1766 omnibus
1021 1716 1053 1766 et
1074 1700 1110 1766 in
1130 1717 1245 1766 omnes
1264 1700 1319 1784 jus
1340 1714 1410 1783 est,
1434 1719 1511 1783 pro-

336 1810 427 1878 fecto
460 1811 556 1878 etiam
590 1812 787 1877 Christianis
820 1811 854 1877 in
888 1813 1097 1879 Christianos
1129 1812 1210 1892 erit,
1243 1811 1511 1894 quandoquidem

314 1906 545 1991 'Christianos
575 1923 743 1989 hominum
774 1943 910 1990 numero
942 1923 1173 2010 comprehendi
1199 1925 1266 1989 non
1298 1943 1455 2008 negamus
1480 1938 1512 1989 et

337 2036 420 2101 ratio
439 2035 572 2119 insuper
593 2035 702 2102 eadem
724 2051 782 2101 est.
827 2035 914 2100 Nam
934 2035 1114 2102 Christiani
1128 2050 1160 2101 et
1172 2033 1291 2120 injuria
1304 2034 1511 2115 alliciuntur,

338 2160 370 2212 et
390 2147 510 2233 injuria
529 2148 696 2229 afficiunt,
720 2147 882 2213 interdurn
903 2148 998 2214 etiam
1020 2162 1148 2214 armata.
1178 2147 1265 2214 Cum
1287 2148 1372 2212 enim
1395 2147 1512 2212 Chris-

337 2259 443 2324 tianos
473 2260 527 2325 hic
557 2259 719 2341 dicimuS,
749 2257 910 2346 professio
931 2260 1073 2325 nominis
1091 2258 1306 2344 intelligitur,
1332 2279 1400 2324 non
1426 2260 1512 2326 vitae

337 2371 498 2453 imitati0,
531 2391 596 2454 qua
626 2393 700 2438 vere
732 2371 912 2437 Christiani
935 2372 1137 2438 ostendimur
1158 2371 1183 2437 ⁴.
1231 2373 1359 2438 Fratres
1379 2391 1511 2438 sumus:

338 2498 429 2548 esto:
456 2485 605 2549 aretiam
634 2468 765 2550 fratrem
798 2485 960 2552 ardentem
983 2486 1016 2550 in
1038 2506 1140 2552 meam
1171 2502 1282 2552 necem
1305 2499 1338 2550 et
1357 2485 1423 2569 jam
1446 2487 1512 2550 tela

336 2596 518 2663 vibrantem
539 2611 647 2678 recte,
671 2596 704 2662 ni
725 2594 844 2678 fallor,
868 2577 964 2663 annis
985 2600 1148 2681 repellam.
1182 2597 1271 2662 Bella
1283 2595 1384 2682 igitur
1397 2617 1507 2682 gerere

179 2704 324 2805 Magis·
337 2709 428 2774 nullo
447 2710 520 2793 jure
543 2724 742 2794 repugnante
765 2729 957 2775 concessum
982 2725 1040 2775 est.
1085 2709 1157 2794 Juri
1178 2709 1262 2776 enim
1283 2709 1420 2790 divino,
1445 2710 1511 2774 hoc

180 2773 210 2804 ar
222 2759 232 2804 ι’
244 2790 251 2804 .

210 2769 244 2805 Η
337 2835 387 2886 est
416 2835 548 2887 naturae
580 2836 612 2885 et
639 2821 802 2906 gentium,
833 2841 1011 2907 congruere
1039 2823 1104 2906 jam
1129 2823 1207 2887 satis
1226 2821 1395 2904 apparuit:
1426 2840 1511 2904 quae

337 2948 444 2999 autem
465 2948 597 2999 naturae
616 2935 668 2999 vel
691 2933 836 3017 gentium
852 2936 925 3019 J'ure
943 2921 1214 3016 praecipiuntur,
1233 2934 1305 3018 lege
1331 2933 1421 2999 civili
1434 2933 1509 2998 tolli

336 3065 376 3110 ne
403 3061 543 3129 possunt
571 3045 719 3128 quidem:
750 3061 802 3126 et,
831 3061 869 3111 ut
891 3045 1026 3111 Tullius
1050 3045 1183 3126 scribit,
1219 3044 1307 3130 quod
1325 3045 1423 3112 ciuile
1445 3065 1510 3108 non

336 3156 420 3222 idem
447 3163 600 3223 continuo
613 3149 675 3243 jus
692 3162 868 3244 gentium,
893 3156 981 3243 quod
999 3171 1110 3223 autem
1128 3161 1279 3244 gentium
1303 3156 1387 3223 idem
1411 3155 1511 3221 civile

336 3290 400 3334 esse
421 3268 513 3335 debet
533 3281 555 3336 ⁵.
601 3270 687 3334 Nam
712 3284 743 3335 et
765 3269 870 3348 civis,
894 3289 968 3334 cum
990 3270 1088 3334 homo
1110 3269 1172 3353 sit,
1198 3268 1281 3334 idem
1302 3269 1388 3334 velle
1410 3267 1509 3332 debet

336 3381 428 3464 quod
455 3379 603 3447 homines
633 3401 767 3462 omneS,
799 3395 830 3446 et
856 3381 979 3462 homo,
1010 3395 1125 3464 utpote
1159 3380 1224 3446 Dei
1254 3377 1448 3463 opificium,
1474 3378 1509 3444 id

336 3494 428 3575 quod
452 3493 543 3560 Deus
568 3514 627 3577 per
649 3507 795 3559 naturam
817 3493 937 3574 dictat,
961 3493 1055 3574 sequi
1073 3493 1291 3576 compellitur.
1337 3491 1509 3556 Praeterea

334 3624 402 3670 non
421 3605 462 3671 ad
482 3605 685 3690 singulorum
707 3606 864 3672 duntaxat
883 3603 1162 3686 incolumitatem,
1185 3604 1243 3670 sed
1255 3604 1295 3669 ad
1307 3602 1509 3686 reipublicae

335 3717 431 3782 etiam
460 3731 491 3782 et
509 3717 765 3803 magistratuum
793 3717 967 3783 tuitionem
992 3718 1077 3783 bella
1107 3717 1284 3801 pertinent.
1329 3715 1429 3780 Unde
1461 3729 1512 3780 est

335 3830 427 3914 quod
453 3831 542 3896 nulla
570 3829 737 3897 invenitur
764 3829 901 3911 civitas,
932 3851 1017 3912 quae
1043 3847 1111 3895 non
1131 3828 1258 3912 aliquid
1279 3828 1319 3894 de
1339 3825 1417 3893 belli
1436 3829 1510 3912 jure

334 3943 451 4009 habeat
464 3942 697 4010 constitutum:
722 3942 891 4008 clarissimi
912 3962 991 4010 vero
1001 3941 1203 4027 legislatores
1215 3939 1420 4026 praecipuam
1430 3959 1510 4022 ope-

336 4123 535 4133 Μ.-

368 4217 376 4249 ¹
402 4221 418 4266 l.
444 4231 476 4266 ex
498 4221 548 4266 hoc
571 4215 637 4274 iure.
661 4217 688 4264 ff.
713 4219 744 4266 de
768 4215 829 4274 just.
851 4225 877 4262 et
902 4213 1163 4278 iure[D.1.1.5.]
1198 4211 1242 4262 ²1.
1261 4224 1288 4262 ut
1306 4211 1368 4264 vim.
1386 4214 1448 4261 eod.
1467 4213 1510 4262 tis.

335 4310 379 4373 [D.
400 4323 421 4358 r.
441 4322 463 4358 1.
482 4309 519 4371 3.]
554 4306 647 4358 ⁸adl.
667 4322 689 4357 2.
709 4309 737 4357 C.
757 4309 893 4358 deservit.
913 4319 937 4357 et
955 4320 1028 4368 aqua.
1048 4307 1090 4368 [C.
1111 4319 1133 4363 5.
1153 4306 1207 4369 34]
1226 4319 1251 4354 n.
1269 4306 1309 4368 69.
1344 4303 1401 4353 ⁴v.
1417 4305 1510 4353 lhom.

334 4415 357 4451 ε.
375 4415 401 4451 2.
419 4417 443 4462 q.
466 4404 520 4451 108.
538 4413 584 4450 art.
605 4414 627 4450 r.
646 4403 677 4450 ad
695 4413 718 4459 3.
754 4399 800 4448 ⁵1.
818 4413 905 4449 omnes
922 4398 1022 4460 populi.
1039 4397 1065 4446 ff.
1084 4399 1116 4447 de
1132 4395 1191 4454 lust.
1210 4409 1235 4446 et
1252 4395 1316 4454 jure.
1334 4397 1379 4458 [D.
1394 4409 1414 4444 1.
1433 4410 1454 4444 1.
1470 4397 1508 4458 9.]

332 4493 424 4543 Thom.
451 4507 472 4542 r.
499 4507 521 4542 2.
546 4505 572 4554 q.
597 4505 637 4555 95.
662 4505 708 4541 art.
733 4505 758 4540 α.
781 4494 851 4541 Plato
873 4491 940 4541 Min.
965 4491 1002 4552 [p.
1030 4490 1085 4548 316.
1112 4503 1134 4538 a.
1159 4489 1184 4536 b.
1209 4489 1245 4551 o]
1265 4489 1319 4538 Cic.
1339 4490 1370 4538 de
1388 4487 1431 4537 off.
1447 4490 1465 4536 1.
1484 4500 1511 4546 3.

335 4585 372 4651 [c.
397 4598 433 4645 ¹⁷·
451 4589 473 4645 l·
490 4585 545 4648 69]
