3362 5504
317 611 373 668 352
801 608 1009 651 Documenta·

315 796 358 842 est
381 784 576 857 Hispanorum
599 784 628 840 in
650 784 750 840 insulis
774 783 966 857 Philippinis:
990 797 1053 838 nam
1075 782 1153 840 illius
1174 783 1284 840 insulae
1305 799 1399 856 regem
1420 801 1487 842 cum

317 886 470 947 Hollandis
490 900 519 946 et
542 885 692 946 Zeelandis
713 888 856 960 negotiari
878 903 937 944 non
959 886 1155 960 patiebantur.
1183 887 1286 960 Itaque
1308 905 1393 946 naves
1415 887 1487 945 duae

316 992 546 1060 Hollandorum,
568 992 673 1064 quibus
696 1007 800 1048 nomen
823 990 1019 1063 Ultrajectum
1044 1001 1073 1048 et
1103 991 1228 1060 Custos,
1248 1002 1278 1050 et
1299 1009 1371 1064 quae
1398 1008 1488 1066 prope

316 1099 470 1156 Ternatam
503 1099 533 1154 in
563 1097 697 1154 anchoris
728 1105 829 1164 erant,
859 1105 893 1152 ut
924 1110 997 1152 onus
1029 1095 1211 1167 reciperent,
1249 1097 1345 1152 oneris
1377 1108 1487 1170 partem

315 1200 447 1259 deserere
467 1213 496 1258 et
518 1216 627 1258 summo
657 1199 788 1273 periculo
812 1215 848 1256 err
871 1196 964 1255 media
990 1198 1116 1255 hostium
1142 1201 1229 1256 classe
1250 1196 1372 1256 evadere
1393 1201 1487 1256 coacti

316 1316 393 1364 sunt.
434 1305 498 1362 Nec
528 1302 679 1376 ignorabat
711 1302 934 1359 Hemskercltius
965 1301 1120 1359 Lusitanos
1151 1301 1311 1360 Macarinte
1338 1303 1368 1358 in
1398 1319 1488 1376 regno

317 1407 429 1466 Sincnsi
458 1424 522 1465 cum
554 1405 708 1464 Hollandis
737 1406 864 1478 viginti,
896 1407 947 1479 qui
979 1403 1013 1462 ad
1036 1405 1143 1463 Neckii
1166 1408 1281 1463 classem
1304 1407 1488 1479 pertinebant

315 1525 430 1570 etcum
461 1511 629 1569 Sinensibus
659 1511 835 1583 negotiaturi
865 1521 965 1579 erant,
992 1521 1050 1567 tarn
1080 1508 1240 1569 crudeliter
1268 1511 1375 1583 egisse,
1395 1522 1429 1570 ut
1450 1528 1487 1570 ex

315 1618 432 1674 illorum
461 1631 581 1674 numero
612 1613 805 1688 septendecim
827 1614 955 1671 homines
976 1611 1197 1686 suspenderint,
1223 1615 1349 1686 reliquos
1370 1617 1486 1674 vinctos

316 1722 408 1778 Goam
435 1720 581 1777 miserint:
610 1730 755 1791 practerea
786 1728 899 1775 constat
929 1718 957 1774 in
988 1717 1190 1775 Cochinchina
1220 1717 1349 1776 homines
1377 1720 1485 1791 viginti

316 1823 375 1884 duo
405 1823 442 1882 de
473 1826 561 1881 classe
593 1820 767 1879 Hollandica
799 1820 1004 1892 Groesbergii,
1033 1822 1084 1892 qul
1117 1821 1327 1880 exscenderant
1353 1833 1386 1881 ut
1407 1824 1487 1884 varia

316 1939 462 1997 emerent,
499 1927 577 1999 jussu
616 1905 708 1996 regis,
748 1941 832 1996 quem
864 1924 1020 1982 monachus
1052 1925 1236 1984 Lusitanicus
1269 1927 1486 1996 stimulaverat,

317 2030 479 2090 trucidatos
500 2047 575 2090 esse:
598 2031 756 2103 capitaneis
778 2030 845 2086 solis
867 2040 1077 2104 pepercerunt,
1097 2045 1170 2103 quos
1190 2027 1259 2086 dein
1280 2030 1316 2087 ab
1334 2028 1487 2088 Hollandis

317 2135 429 2194 duobus
457 2135 608 2194 tormentis
630 2135 723 2191 aeneis
746 2132 848 2191 redimi
869 2135 1038 2191 voluerunt.
1081 2133 1201 2206 Insuper
1223 2145 1279 2191 tres
1301 2135 1430 2192 homines
1452 2133 1488 2192 de

318 2241 392 2310 illis,
420 2257 493 2313 quos
524 2238 748 2297 Hemskerckius
777 2238 806 2295 in
835 2239 933 2311 priore
961 2238 1066 2296 itinere
1087 2235 1203 2294 Bandae
1224 2238 1401 2310 reliquerat,
1422 2255 1487 2296 cum

318 2345 454 2403 centurio
475 2360 523 2401 eos
546 2339 712 2414 negotiandi
735 2357 818 2399 causa
838 2340 874 2399 ad
896 2343 1017 2398 insulam
1040 2341 1201 2398 Ambonam
1222 2342 1361 2409 misisset,
1383 2343 1489 2400 acriter

318 2449 462 2523 persecuti
484 2459 552 2506 sunt
573 2457 602 2504 et
623 2462 713 2504 unum
735 2443 852 2518 quidem
875 2457 1001 2518 quatuor
1012 2446 1094 2518 cquis
1105 2443 1264 2502 distentum
1275 2443 1488 2516 dilacerarunt,

320 2555 410 2611 ceteri
446 2563 480 2610 ut
514 2552 605 2608 vitam
645 2552 750 2608 salvam
790 2549 928 2607 baberent
959 2550 989 2606 in
1022 2550 1107 2606 silvas
1144 2551 1220 2606 inter
1252 2548 1327 2606 feros
1359 2549 1487 2607 homines

319 2656 452 2730 refugere
481 2656 574 2713 coacti
603 2665 681 2712 sunt.
724 2652 779 2711 Sed
808 2654 862 2711 alia
894 2664 961 2711 sunt
983 2664 1012 2710 et
1034 2653 1149 2727 pejora,
1171 2653 1301 2726 inprimis
1322 2652 1402 2726 quod
1423 2671 1487 2727 per·

319 2771 471 2834 petrarunt
493 2759 521 2816 in
545 2756 673 2827 Tidore‚
694 2774 768 2830 quac
790 2774 849 2815 una
869 2769 911 2814 est
933 2757 1158 2826 Moluccarum‚
1179 2757 1208 2813 in
1231 2773 1332 2815 navem
1350 2759 1487 2831 praefecti

320 2865 477 2922 Baithasari
509 2862 653 2920 Cordesii.
696 2862 776 2920 Haec
806 2862 887 2918 navis
916 2862 991 2919 enim
1024 2861 1064 2918 ita
1095 2877 1124 2918 se
1145 2861 1292 2919 Lusitanis
1315 2859 1488 2932 tradiderat,

319 2979 352 3026 ut
379 2969 474 3036 viros,
503 2968 553 3040 qui
582 2968 714 3035 inerant,
742 2968 835 3023 salvus
864 2965 925 3022 fore
954 2964 1102 3036 jurarent:
1131 2975 1161 3022 at
1189 2966 1233 3022 illi
1262 2969 1393 3038 neglecta
1415 2964 1487 3034 lide,

318 3073 389 3130 viris
410 3073 440 3130 in
462 3070 566 3129 ordine
597 3070 783 3142 constitutis,
814 3070 928 3127 cunctis
959 3070 1085 3141 primum
1117 3067 1223 3142 pedes,
1254 3067 1322 3126 dein
1354 3069 1487 3138 brachia,

319 3179 424 3236 ultimo
443 3180 512 3235 loco
533 3176 628 3250 capita
648 3175 790 3248 amputari
812 3173 924 3246 jubent.
957 3171 1046 3230 Iidem
1068 3183 1097 3231 et
1119 3171 1219 3246 Jacobi
1242 3173 1349 3230 Neckii
1372 3177 1486 3232 classem

320 3280 455 3340 incendio
482 3279 577 3338 delere
605 3280 702 3337 conati
732 3289 801 3336 sunt
831 3289 861 3335 et
891 3277 999 3335 Achini
1031 3292 1124 3349 regem
1152 3289 1324 3335 monuerant
1346 3290 1380 3336 ut
1401 3295 1486 3336 naves

320 3384 547 3454 Zeelandorum,
577 3401 650 3457 quae
681 3384 753 3441 illuc
787 3378 954 3454 negotiandi
986 3397 1071 3438 causa
1098 3393 1294 3452 accesserant,
1322 3380 1486 3450 invaderet,

320 3502 409 3565 atque
431 3489 470 3548 ita
491 3489 577 3546 multi
598 3489 656 3545 viri
678 3484 816 3544 trucidati
838 3495 917 3542 sunt.

362 3594 528 3652 Praefectus
556 3593 646 3666 igitur
676 3608 741 3649 cum
769 3589 820 3648 diu
851 3591 1033 3663 multumque
1055 3587 1239 3647 deliberasset
1260 3607 1326 3648 cum
1348 3591 1489 3660 consilio,

320 3695 435 3757 tandem
463 3698 591 3756 omnium
621 3713 761 3754 consensu
791 3693 924 3756 decrevit
950 3693 1097 3760 hostibus,
1118 3693 1168 3765 qui
1190 3694 1267 3766 ipsos
1289 3705 1345 3752 tam
1367 3694 1489 3767 superbe

321 3781 491 3862 tractassent
521 3812 552 3859 ct
583 3811 629 3858 tot
660 3800 797 3857 molestiis
830 3797 1006 3864 affecissent,
1042 3813 1101 3853 non
1133 3807 1246 3854 tantum
1279 3799 1410 3856 resistere
1441 3796 1489 3855 sed

320 3911 401 3965 ultro
428 3923 476 3964 eos
504 3903 620 3979 aggredi
649 3915 678 3962 et
699 3901 778 3976 quod
799 3913 916 3977 possent
936 3900 1033 3958 damni
1055 3900 1177 3958 inferre:
1200 3913 1315 3960 constat
1336 3903 1412 3959 enim
1434 3903 1489 3960 hoc

322 4009 478 4068 remedium
506 4009 570 4082 jure
599 4019 716 4065 naturae
745 4017 774 4064 et
802 4007 929 4064 omnium
959 4006 1088 4078 gentium
1116 4004 1263 4076 permitti,
1294 4005 1382 4079 idque
1404 4007 1488 4064 etiam

322 4114 468 4189 praefecto
500 4114 530 4170 in
562 4109 704 4168 codicillis
737 4110 883 4183 Principis
915 4109 1052 4166 Mauritii
1093 4107 1257 4167 mandatum
1289 4110 1395 4167 fuisse:
1426 4127 1490 4167 nam

321 4235 398 4276 mare
429 4218 551 4275 liberum
583 4230 641 4272 esse
669 4212 772 4282 debet,
793 4225 826 4270 ut
849 4213 950 4271 Indica
971 4217 1150 4286 negotiatio,
1171 4230 1245 4287 quae
1266 4214 1309 4270 his
1331 4214 1491 4286 provinciis

323 4320 475 4379 foederatis
503 4337 546 4377 res
576 4319 649 4376 tanti
681 4318 819 4374 momenti
842 4329 903 4387 est,
925 4319 986 4375 sine
1007 4318 1114 4376 bellico
1137 4320 1266 4376 tumultu
1289 4318 1491 4375 continuetur.

322 4428 424 4499 ltaque
457 4422 685 4490 Hemskercki0,
715 4423 764 4493 qui
798 4422 853 4479 hoc
883 4424 1008 4480 consilio
1040 4440 1104 4482 cum
1137 4422 1246 4480 duabus
1279 4421 1400 4479 navibus
1428 4425 1492 4478 vela
