3316 5494
433 648 479 694 os
503 647 596 714 Juuu
622 647 804 696 rannone.
830 649 909 730 cna.
934 651 966 696 x.
1232 625 1291 690 161

110 801 288 885 praebeat,
330 820 437 884 neque
473 802 506 868 in
545 804 644 869 ullam
677 818 800 886 partem
838 805 935 872 maris
969 801 1150 889 praefectus
1188 800 1291 868 venit.

110 913 217 1002 Quod
238 914 266 979 si
287 912 384 1000 regiis
410 912 573 981 sumtibus
602 914 761 982 instructa
788 915 881 983 navis
907 935 974 982 non
994 911 1120 997 fuerit,
1145 911 1290 979 exhibita

111 1024 183 1110 regi
214 1044 275 1090 sua
306 1025 481 1108 portione,
521 1025 688 1108 praefecto
722 1026 797 1093 itern
828 1048 910 1108 sua,
950 1026 1113 1109 reliquum
1142 1024 1226 1091 inter
1255 1043 1291 1090 se

111 1135 258 1203 victores
278 1135 441 1203 dividunt.
488 1135 524 1202 Si
546 1136 621 1219 quis
642 1137 743 1222 igitur
763 1159 894 1222 operam
916 1158 973 1223 per
994 1159 1028 1205 se
1052 1153 1110 1204 aut
1130 1156 1188 1220 per
1209 1134 1290 1202 alios

110 1263 212 1313 navet
239 1247 327 1314 bello
357 1248 515 1330 publica,
549 1262 693 1314 sumtum
724 1247 821 1316 faciat
843 1250 883 1316 de
908 1269 992 1330 suo,
1019 1267 1114 1316 omne
1135 1248 1289 1313 damnum

111 1373 213 1440 atque
232 1358 414 1442 periculum
436 1359 470 1425 in
488 1380 523 1426 se
534 1359 691 1442 recipiat,
715 1359 816 1441 idque
827 1362 920 1427 nullo
932 1359 1116 1444 publicitus
1126 1357 1290 1441 stipendio

112 1470 278 1553 donatus,
302 1472 390 1536 hunc
413 1470 577 1553 quidquid
600 1471 689 1536 hosti
713 1471 811 1554 eripit
828 1470 892 1536 sibi
912 1470 1079 1553 acquirere
1103 1470 1289 1552 etquidem

113 1580 145 1646 in
165 1581 330 1664 solidum,
353 1597 505 1650 constans
524 1581 669 1648 omnium
690 1583 861 1648 doctorum
875 1588 882 1654 ¹,
895 1596 926 1647 et
938 1582 1120 1648 communis
1132 1580 1291 1646 sententia

113 1707 172 1757 est.
222 1693 309 1758 Cum
333 1693 417 1759 enim
442 1693 592 1775 iniquum
617 1694 681 1775 sit,
705 1708 743 1760 ut
766 1694 807 1760 ad
830 1692 1025 1760 Corinthios
1045 1692 1159 1760 scribit
1179 1693 1289 1775 Apos-

112 1800 247 1884 toius¹‚
269 1807 477 1889 στρατεύεσθαί
496 1808 654 1881 cavalliaca
674 1808 818 1890 ὀψωνίοις,
843 1805 906 1869 hoc
920 1820 991 1887 est,
1015 1804 1167 1870 militare
1179 1825 1289 1889 quem·

111 1937 213 2001 quam
245 1919 314 1980 suis
345 1913 540 2000 stipendiis,
571 1928 627 1980 aut
651 1929 689 1980 ut
710 1915 813 1999 Syrus
834 1915 1085 1999 interpretatur,
1110 1918 1179 1980 sais
1201 1937 1288 1980 sum·

111 2029 226 2108 tibus,
269 2026 339 2093 sine
379 2026 477 2112 digna
516 2025 642 2092 scilicet
685 2047 742 2110 spe
781 2027 988 2111 compendii,
1022 2027 1113 2109 quod
1142 2027 1289 2111 subjecta

112 2138 267 2206 vinitoris
297 2153 329 2204 et
358 2137 501 2221 pecuarii
534 2141 681 2222 exempla
713 2139 899 2222 declarant3
935 2159 972 2204 ac
1004 2153 1116 2205 contra
1147 2140 1288 2205 naturali

114 2249 274 2332 aequitati
296 2265 572 2330 consentaneum,
593 2265 632 2315 ut
652 2250 815 2334 cujusque
835 2251 880 2315 rei
900 2270 973 2316 eum
995 2264 1175 2333 sequantur
1196 2271 1288 2316 com·

114 2363 230 2444 moda,
263 2381 358 2444 quern
387 2375 572 2445 sequuntur
592 2360 818 2443 incommoda,
852 2361 950 2427 tacita
976 2361 1128 2446 pactione
1156 2361 1284 2445 (qualis

114 2474 145 2540 in
177 2472 354 2540 antichresi
383 2471 596 2557 intelligitur)
626 2471 778 2538 effectum
812 2472 967 2555 videtur,
1009 2488 1046 2538 ut
1079 2471 1285 2555 respublica,

113 2599 268 2652 contenta
302 2586 413 2651 hostes
447 2583 516 2652 sine
550 2605 610 2650 suo
647 2598 759 2649 sumtu
792 2598 948 2650 mactasse
982 2583 1188 2663 infortunio,
1228 2585 1284 2667 jus

114 2715 208 2762 suum
242 2696 276 2762 in
306 2715 357 2761 res
386 2694 523 2762 hostiles
557 2695 606 2761 illi
635 2696 835 2780 resignaret,
872 2695 931 2777 qui
963 2694 1109 2762 vicissim
1140 2696 1173 2760 in
1200 2715 1234 2761 se
1253 2695 1288 2762 id

100 2827 207 2901 ¹onrne
220 2807 406 2890 recepisset,
427 2807 519 2888 quod
529 2806 599 2890 ipsa
610 2807 742 2873 deberet
751 2822 924 2890 praestare.
951 2805 1168 2874 Verissimum
1178 2821 1286 2873 autern

113 2933 178 2997 est,
203 2918 296 3000 quod
317 2917 421 2986 nostri
441 2917 526 3002 juris
549 2918 915 3001 interpretes²docent,
937 2918 992 3002 jus
1013 2917 1092 2984 belli
1114 2937 1287 2984 commune

113 3043 143 3096 et
163 3029 330 3114 plerisque
359 3029 513 3113 gentibus
535 3044 704 3112 receptum
726 3047 853 3111 semper
875 3029 1080 3109 sequendum
1105 3048 1197 3110 esse,
1222 3028 1285 3094 nisi

113 3141 194 3223 quid
221 3159 316 3206 secus
344 3156 402 3206 aut
427 3143 499 3224 lege
527 3156 584 3206 aut
614 3140 765 3223 pactione
794 3138 965 3205 definitum
985 3139 1038 3205 sit.
1085 3139 1177 3227 Quid
1199 3140 1284 3206 enirn

114 3253 222 3318 obstat
247 3272 306 3318 cur
333 3271 423 3333 non,
457 3252 506 3317 uti
537 3251 672 3318 caeteris
703 3253 742 3318 de
764 3254 885 3332 rebus,
909 3251 954 3317 ita
976 3252 1016 3316 de
1037 3251 1154 3334 praeda
1175 3252 1285 3335 justae

113 3379 210 3446 atque
240 3363 401 3448 legitimae
433 3362 500 3430 sint
526 3364 694 3446 pactiones
712 3363 752 3428 ⁴?
799 3365 911 3430 Potest
940 3383 1017 3447 ergo
1039 3363 1223 3445 respublica
1247 3384 1285 3428 ex

114 3475 167 3540 illa
198 3474 293 3540 etiam
323 3475 464 3558 praeda,
496 3495 580 3557 quae
605 3475 742 3558 privatis
764 3475 919 3558 impensis
942 3474 1013 3540 sine
1035 3474 1180 3541 mercede
1200 3475 1286 3539 mili-

115 3587 252 3652 tantium
285 3587 434 3670 capitur,
465 3602 587 3670 partem
618 3587 761 3668 aliquam
796 3587 860 3652 sibi
893 3586 1071 3669 excipere⁵
1103 3600 1161 3650 aut
1193 3586 1285 3651 alteri

114 3697 246 3780 praemii
281 3701 354 3764 loeo
385 3698 547 3784 assignare
566 3697 601 3779 ⁶,
637 3697 731 3782 quasi
764 3698 901 3778 quadam
935 3699 1024 3782 iusta
1056 3697 1096 3763 ad
1131 3698 1281 3779 praedam

145 3920 152 3952 ¹
173 3922 273 3970 Calder.
291 3934 362 3970 cons.
381 3925 421 3977 85.
437 3923 495 3984 Joh.
513 3922 614 3983 Lupus,
632 3923 663 3972 de
682 3921 751 3970 bello
769 3923 790 3978 5.
809 3919 829 3966 si
846 3919 910 3968 bene
920 3921 1044 3970 advertas.
1055 3916 1164 3982 [ocean.
1174 3919 1223 3976 jur.
1232 3922 1286 3969 vol.

116 4012 151 4060 16.
167 4027 195 4072 p.
211 4012 282 4074 aaa]
301 4014 350 4074 Jas.
368 4013 394 4060 in
412 4015 429 4060 l.
447 4014 517 4072 quod
535 4014 706 4073 apudhostes.
717 4010 854 4070 delegatis.
868 4024 889 4060 1.
901 4008 945 4074 [D.
956 4024 996 4068 30.
1009 4023 1030 4058 1.
1040 4009 1076 4074 9.]
1097 4011 1286 4072 Franc.aRipa

114 4100 137 4150 in
155 4105 172 4150 l.
191 4116 213 4150 1.
231 4105 263 4151 de
281 4116 336 4162 aeq.
354 4117 423 4164 poss.
441 4104 486 4166 [D.
503 4117 545 4165 4¹·
564 4103 600 4166 a]
619 4117 645 4151 n.
664 4115 687 4159 5.
706 4104 811 4150 Covarr.
830 4103 861 4149 ad
880 4102 904 4151 d.
921 4113 944 4148 c.
960 4112 1103 4161 peccatum.
1121 4113 1146 4160 p.
1162 4114 1189 4148 a.
1208 4104 1229 4159 5.
1248 4115 1285 4151 ιι.

114 4194 185 4241 Adde
203 4193 270 4242 Hist.
286 4193 385 4243 Bonlirr.
403 4195 448 4242 lib.
470 4208 494 4256 4
512 4197 568 4244 dec.
586 4207 609 4250 s.
643 4192 731 4242 ’Con
751 4207 771 4242 ι.
788 4207 812 4254 9.
828 4205 867 4241 vs.
884 4203 908 4250 7.
925 4191 1000 4240 Adde
1018 4189 1110 4236 Matth.
1132 4200 1170 4234 ιο.
1188 4201 1227 4235 vs.
1247 4202 1285 4236 ιο.

114 4281 209 4332 ιιιιιι.
231 4283 258 4331 tn
279 4285 297 4333 1.
320 4285 434 4346 adoptio.
455 4287 484 4333 c.
508 4287 540 4334 ae
563 4287 649 4348 adopt.
670 4285 714 4346 [e.
738 4287 761 4332 a.
788 4265 829 4346 48·
846 4281 883 4346 4.]
910 4283 984 4331 nude
1000 4282 1064 4360 soc.
1088 4277 1114 4325 in
1133 4279 1149 4325 1.
1170 4290 1191 4324 1.
1209 4277 1235 4325 ff.
1254 4280 1285 4326 de

115 4387 167 4433 acq.
189 4387 259 4434 90⁵⁸·
281 4375 325 4438 [D.
343 4389 385 4438 41.
412 4375 447 4440 a]
478 4377 578 4426 Calder.
596 4376 622 4424 in
651 4377 690 4424 tir.
717 4377 748 4425 de
774 4386 861 4434 treuga
887 4383 911 4421 et
930 4385 1002 4433 pace.
1025 4370 1115 4418 Thom.
1134 4369 1242 4417 Gramm.
1261 4371 1285 4417 d.

116 4463 191 4512 decis.
207 4477 249 4522 71.
266 4479 292 4512 n.
313 4479 351 4514 ιι.
368 4466 430 4515 Silv.
449 4467 475 4515 in
493 4482 519 4515 v.
538 4467 645 4515 Bellum.
666 4466 691 4514 in
705 4479 745 4527 pr.
777 4463 789 4496 ⁴
806 4467 858 4513 Bal.
876 4477 947 4512 cons.
966 4463 1023 4520 358.
1042 4463 1059 4508 l.
1078 4474 1101 4508 a.
1119 4471 1171 4520 arg.
1189 4463 1206 4506 1.
1224 4458 1284 4506 licet

117 4555 144 4603 C.
160 4556 297 4616 depactis.
318 4555 361 4620 [C.
378 4572 400 4606 2.
419 4557 504 4621 ³·19·]
542 4557 553 4590 ⁶
571 4559 679 4609 covarr.
689 4560 712 4607 d·
723 4558 745 4619 ς.
757 4570 795 4606 ιι.
828 4555 839 4588 ⁸
857 4557 946 4624 anst.
957 4555 1022 4604 Gall.
1030 4554 1048 4600 l.
1058 4565 1099 4601 ao.
1108 4550 1147 4600 tit.
1160 4563 1197 4611 ¹4·
1207 4561 1251 4598 art.
1265 4562 1285 4598 1.

1138 4661 1173 4706 11
