3326 5506
349 624 412 685 240
650 625 696 670 DE
720 623 813 690 June
839 622 1021 670 PRAEDAE.
1046 623 1126 671 CAP.
1151 623 1215 669 x11.

345 775 519 844 induceret
552 779 760 858 utilitatem,
792 778 850 845 sed
878 777 981 843 salam
1009 777 1206 858 laesionem,
1238 779 1348 862 sieque
1379 790 1417 840 ut
1451 776 1523 862 lege

346 905 501 975 expressa
524 891 696 957 introduci
718 912 782 955 non
799 904 930 975 possent
956 896 990 971 ¹;
1013 893 1067 954 ita
1090 893 1191 955 etiam
1216 910 1271 952 aee
1294 886 1363 973 lege
1385 891 1521 968 tacita,

346 1002 457 1087 qualis
487 1016 535 1068 est
563 1001 783 1083 consuetudo;
814 1015 845 1066 et
877 1015 1020 1087 tempore
1041 1001 1080 1066 id
1107 1023 1171 1067 aon
1184 997 1441 1085 justificaretur
1464 999 1525 1064 sed

341 1116 454 1198 patius
473 1112 619 1179 deterius
640 1127 671 1178 et
692 1114 842 1198 injurius
863 1117 900 1178 ia
923 1111 992 1178 dies
1009 1110 1120 1195 fieret.
1157 1110 1314 1176 Ostendit
1335 1109 1454 1176 deinde
1478 1129 1522 1175 ex

346 1223 448 1307 prima
470 1237 626 1290 terrarum
650 1222 868 1306 occupatione
889 1241 987 1306 posse
1008 1225 1133 1306 populo
1156 1237 1195 1288 ut
1216 1221 1358 1289 venandi
1374 1223 1448 1307 jus,
1473 1221 1522 1285 ita

347 1334 495 1418 piscandi
523 1334 556 1399 in
584 1353 645 1400 suo
672 1333 808 1401 flumine
840 1349 1044 1418 competere:
1068 1349 1102 1400 et
1122 1348 1298 1418 postquam
1331 1333 1394 1400 ista
1416 1334 1521 1398 semel

347 1447 387 1512 ab
420 1445 555 1529 antiqua
586 1445 816 1512 communione
848 1460 994 1529 separata
1015 1461 1118 1526 sunt,
1142 1446 1187 1510 ita
1218 1461 1256 1511 ut
1288 1444 1521 1528 particularem

346 1557 596 1641 applicationem
626 1557 798 1625 admittant
833 1557 1089 1641 praescriptione
1111 1557 1267 1640 temporis
1289 1558 1386 1642 ejus,
1420 1557 1522 1640 cujus

347 1667 432 1736 initii
466 1667 620 1736 memoria
654 1687 720 1733 non
755 1684 880 1750 exstet,
916 1669 1009 1753 quasi
1040 1669 1136 1736 tacita
1162 1667 1278 1752 populi
1305 1666 1521 1734 concessione

345 1779 472 1863 acquiri
491 1800 600 1863 posse.
626 1780 700 1846 Hoc
719 1796 826 1847 autem
850 1802 908 1865 per
918 1781 1208 1864 praescriptionem
1220 1779 1426 1866 contingere,
1449 1798 1520 1844 non

346 1911 405 1974 per
436 1889 730 1974 consuetudinem,
764 1891 842 1975 quia
870 1893 975 1958 solius
1001 1891 1203 1974 requirentis
1225 1890 1373 1958 conditio
1402 1891 1522 1958 melior

346 2002 425 2083 fiat,
457 2001 660 2084 reliquorum
690 2023 770 2069 vero
800 2005 958 2071 deterior.
1004 2005 1048 2070 Et
1078 2023 1153 2069 cum
1187 2003 1250 2068 tria
1273 2017 1519 2082 enumerasset,

347 2135 430 2197 quae
462 2113 677 2197 requiruntur
704 2129 742 2181 ut
761 2117 817 2201 jus
843 2115 1012 2199 proprium
1042 2115 1076 2182 in
1099 2115 1234 2181 flumine
1255 2112 1403 2196 piscandi
1425 2134 1521 2197 prae·

346 2226 531 2304 scribatur,
558 2222 651 2308 Quid
669 2239 805 2307 autem,
829 2226 966 2307 subdit,
990 2227 1103 2312 quoad
1119 2227 1242 2292 mare?
1266 2224 1316 2289 Et
1335 2229 1372 2290 ia
1390 2246 1425 2291 eo
1446 2246 1520 2289 ma-

341 2342 395 2424 gis
425 2350 493 2418 est,
517 2335 605 2421 quad
632 2340 733 2402 etiam
763 2358 941 2403 carteursus
969 2341 1110 2403 istarum
1141 2344 1247 2404 trium
1272 2359 1336 2405 aaa
1358 2337 1519 2424 sufficeret

345 2448 393 2515 ad
420 2447 660 2532 acquirendum
672 2449 747 2533 jus.
794 2448 900 2513 Ratio
925 2447 1137 2535 differentiae
1157 2455 1249 2516 inter
1271 2470 1426 2515 moreest
1447 2468 1518 2513 aaa

339 2575 444 2647 parte
472 2574 503 2625 et
534 2574 663 2626 terram
694 2560 749 2628 tel
762 2561 905 2646 flumina
936 2582 977 2626 ex
1000 2561 1137 2644 altera,
1161 2565 1243 2648 quia
1266 2561 1325 2626 illa
1348 2581 1453 2640 eata,
1479 2575 1516 2626 ut

345 2672 437 2751 alim,
459 2675 511 2737 ita
534 2686 565 2738 et
585 2671 680 2738 hodie
697 2685 728 2736 et
740 2686 864 2757 semper
877 2686 946 2737 tam
960 2673 1073 2758 quoad
1080 2671 1279 2760 piscandum
1292 2693 1392 2758 quam
1405 2673 1519 2758 quoad

344 2784 572 2872 nauigandum
594 2787 718 2849 mansit
737 2787 905 2870 integrum
920 2785 981 2868 jus
997 2789 1147 2872 gentium
1164 2789 1396 2872 primaevum,
1415 2805 1518 2869 aeque

345 2916 500 2982 umquam
525 2895 603 2980 fuit
634 2915 656 2960 a
678 2898 901 2961 communione
936 2897 1101 2962 homiuum
1132 2908 1325 2983 separatum
1355 2909 1387 2960 et
1411 2895 1518 2960 alicui

343 3007 399 3075 rel
417 3007 586 3092 aliquibus
608 3006 827 3093 applicatum.
874 3007 1065 3073 Posteriora
1088 3022 1199 3074 autem
1216 3027 1322 3088 casu,
1346 3023 1459 3094 nempe
1481 3011 1516 3071 in

344 3133 442 3183 terra
472 3117 527 3186 rel
550 3119 768 3204 fluminibus,
801 3117 901 3184 aliud
923 3117 1000 3202 fuit
1024 3133 1062 3184 ut
1077 3121 1155 3204 jam
1177 3118 1404 3186 disseruimus.
1454 3117 1518 3183 Sed

344 3249 452 3316 quare
464 3230 525 3314 jus
545 3233 696 3315 gentium
718 3221 976 3310 securitariam,
995 3245 1033 3295 ut
1052 3253 1122 3297 eam
1142 3235 1384 3317 separatienem
1406 3231 1518 3317 quoad

344 3354 458 3406 terras
479 3353 511 3404 et
528 3341 672 3426 flumina
686 3341 797 3426 feeit,
822 3340 936 3426 quoad
954 3361 1048 3408 mare
1060 3341 1180 3426 faeere
1191 3342 1311 3425 desiit,
1335 3342 1493 3429 responde
1503 3364 1515 3406 .·

345 3454 427 3535 quia
454 3450 513 3514 ilio
541 3471 621 3516 casu
642 3452 836 3537 expediebat
857 3456 909 3518 ita
930 3451 1028 3536 fieri,
1052 3455 1110 3518 hoe
1134 3467 1245 3521 autem
1268 3474 1348 3519 casu
1371 3475 1436 3520 noa
1459 3475 1517 3519 ea·

338 3560 507 3649 pediebat.
533 3559 670 3626 Constat
691 3565 776 3627 enim
798 3562 952 3647 quod,'si
975 3564 1076 3629 multi
1096 3569 1515 3652 tenenturautpiseerttur

344 3676 381 3739 ia
412 3687 510 3738 terra
539 3672 594 3741 tel
615 3674 775 3759 flumine,
791 3673 902 3758 facile
922 3697 1033 3740 nemus
1046 3675 1137 3760 feris
1160 3691 1193 3742 et
1217 3678 1340 3763 dumea
1364 3678 1512 3763 piscibus

344 3798 541 3852 evacuatum
565 3783 746 3850 redditur:
770 3784 809 3850 id
829 3784 918 3871 quad
936 3789 973 3851 ia
994 3791 1085 3853 mari
1108 3809 1171 3852 aaa
1190 3801 1251 3855 est.
1297 3789 1380 3853 Item
1400 3789 1513 3874 flumi-

345 3916 422 3961 num
447 3898 620 3982 aarigatio
636 3894 746 3979 facile
764 3894 913 3962 deterior
930 3895 973 3979 fit
995 3912 1027 3963 et
1047 3897 1230 3986 impeditur
1251 3914 1316 3985 per
1339 3896 1514 3981 aedificia,

346 4005 435 4092 quad
462 4009 499 4070 ia
528 4009 619 4070 mari
649 4026 712 4070 aaa
745 4020 792 4071 est
811 4013 835 4072 ².
881 4009 964 4074 Item
981 4023 1046 4095 per
1066 4010 1294 4097 aquaeductus
1307 4010 1419 4097 facile
1442 4032 1516 4080 eta-

346 4184 542 4200 ι--φ-ι--υ-

379 4287 388 4320 ¹
407 4303 430 4338 c.
455 4289 503 4338 erit
530 4301 612 4338 autem
639 4293 690 4338 lex.
708 4291 766 4340 dist.
784 4304 882 4352 quarta.
902 4295 991 4356 [Decr.
1011 4297 1079 4344 Grac.
1096 4311 1123 4357 p.
1144 4309 1165 4344 1.
1185 4310 1210 4357 4.
1227 4295 1264 4360 4.]
1282 4299 1299 4344 l.
1318 4311 1339 4345 1.
1356 4309 1381 4345 et
1400 4311 1424 4346 2.
1441 4297 1468 4346 ff.
1485 4300 1516 4346 de

345 4380 452 4441 legibus.
477 4381 521 4444 [D.
547 4394 568 4429 1.
591 4381 627 4443 3.]
653 4395 708 4442 cap.
733 4381 776 4431 lin.
801 4385 831 4432 de
856 4398 968 4444 praescr.
994 4387 1134 4448 [Decretal.
1153 4401 1176 4436 a.
1195 4388 1235 4436 26.
1254 4388 1307 4449 ao]
1343 4386 1418 4448 ²per
1436 4401 1515 4436 totum

346 4470 385 4518 tit.
403 4471 429 4519 ff.
447 4484 479 4519 ne
497 4471 559 4530 quid
577 4470 603 4518 in
621 4472 688 4520 flum.
704 4473 775 4532 publ.
796 4473 840 4534 [D.
859 4487 900 4534 4³·
922 4476 972 4536 13.]
