3326 5506
344 585 403 647 192
655 589 701 633 ne
726 589 820 656 Juun
847 587 1029 635 annuunt.
1056 588 1136 634 car.
1157 562 1209 634 'xu

1475 675 1482 703 l

339 740 393 805 Ibi
422 741 518 808 etiam
548 743 644 810 solita
676 742 724 808 illi
745 741 879 808 fortuna
900 740 1015 808 affuit:
1039 762 1113 808 nant
1136 761 1210 806 curn
1234 741 1433 823 exspectatis
1456 743 1516 808 diu

340 873 358 917 a
378 874 452 939 rege
471 854 573 920 literis
591 854 721 920 tandem
744 854 897 920 dimissus
929 868 1035 935 esset,
1061 853 1162 918 biduo
1189 868 1365 936 postquam
1390 854 1517 920 abierat

340 964 451 1031 literae
482 965 707 1048 advenerunt,
742 966 863 1048 quibus
888 966 929 1030 ad
950 966 1055 1030 aulam
1075 965 1160 1049 regis
1185 979 1217 1030 et
1237 964 1326 1030 haud
1347 966 1449 1031 dubie
1475 967 1518 1032 ad
1654 977 1655 1056 l

341 1077 476 1143 exitium
496 1079 686 1144 vocabatur.
732 1078 812 1143 Post
834 1092 898 1142 tam
922 1073 1048 1162 insigne
1066 1077 1249 1159 exemplum
1261 1076 1318 1142 vix
1331 1077 1515 1160 quidquam

181 1188 326 1288 gg'ggggffl·
341 1203 389 1254 est
412 1189 502 1270 quod
522 1188 634 1255 referri
656 1204 827 1255 mereatur.
871 1188 933 1254 Est
953 1203 1059 1254 tamen
1082 1193 1218 1255 alterurn
1239 1204 1272 1254 et
1293 1188 1458 1254 recentius
1484 1205 1517 1255 et

339 1300 494 1382 perfidiae
516 1321 581 1365 non
603 1300 758 1380 minoris,
782 1301 874 1383 quod
893 1299 1060 1366 Warwicii
1083 1300 1180 1364 sociis
1202 1300 1242 1365 ad
1263 1300 1402 1365 insulam
1422 1303 1515 1366 Ana-

339 1412 481 1493 bonem,
504 1411 589 1477 binis
613 1412 767 1496 gradibus
791 1413 830 1476 ab
854 1427 1030 1494 aequatore
1050 1425 1205 1477 remotam
1229 1411 1361 1477 accidit:
1387 1433 1456 1494 quo
1480 1413 1514 1476 in

339 1525 412 1588 loco
436 1523 524 1588 haud
546 1523 591 1588 ita
614 1525 718 1590 multo
740 1538 814 1590 ante
834 1524 923 1590 Galli
952 1517 1124 1602 homines,
1146 1522 1270 1588 Missae
1282 1543 1407 1588 sacrum
1422 1545 1515 1589 acce·

339 1635 467 1713 dentes,
489 1635 528 1700 ad
550 1635 634 1718 ipsas
657 1634 724 1701 fere
745 1655 813 1702 atas
834 1655 907 1726 pars
924 1655 1038 1719 magna
1056 1633 1208 1701 trucidati
1232 1649 1265 1700 et
1286 1634 1407 1717 reliqui
1424 1637 1513 1718 capti

338 1745 477 1812 fuerant.
502 1747 566 1812 Hic
588 1746 688 1830 igitur
710 1747 850 1829 primum
874 1746 1012 1812 Batavos
1034 1745 1279 1828 caduceatores,
1301 1747 1390 1828 pacis
1410 1747 1514 1832 insig-

338 1858 391 1922 nia
409 1837 645 1941 pr'aeferentes,
667 1878 740 1925 curn
767 1859 808 1922 ad
828 1878 862 1924 se
875 1857 987 1924 venire
999 1857 1224 1942 conspicerent
1234 1858 1404 1937 Lusitani,
1429 1879 1513 1939 eoS,

338 1990 422 2052 quos
452 1971 524 2054 jure
558 1969 703 2053 gentium
733 1985 863 2034 sanctos
894 1989 963 2034 esse
994 1984 1205 2051 oportuerat,
1242 1969 1315 2035 telis
1345 1970 1514 2052 petivere:

337 2081 455 2146 cecidit
476 2101 575 2182 unus.
618 2082 702 2146 Mox
723 2096 798 2146 octo
818 2080 873 2146 alii
894 2081 1089 2146 Batavorum
1110 2101 1149 2146 ex
1179 2080 1307 2156 insidiis
1335 2081 1512 2164 intercepti

337 2193 510 2274 necatique
534 2209 630 2258 sunt:
653 2211 729 2275 pars
745 2194 924 2258 vulnerata.
965 2191 1056 2278 Quin
1078 2191 1172 2256 etiam
1192 2195 1359 2274 postulato
1376 2213 1513 2258 conces·

335 2325 440 2387 soque
475 2305 665 2387 colloquio,
699 2304 851 2370 Lusitani
872 2305 955 2370 inter
974 2305 1175 2386 loquendum
1200 2306 1344 2370 solemne
1367 2305 1513 2370 foederis

335 2417 515 2496 vexillum,
540 2415 631 2498 quod
663 2435 721 2480 sua
750 2437 767 2480 a
796 2431 887 2500 parte
909 2418 1113 2497 extulerant,
1137 2417 1336 2483 subvertunt
1358 2432 1390 2481 ct
1412 2419 1511 2499 quasi
1538 2427 1540 2430 ’

335 2528 411 2593 fidei
435 2527 529 2594 etiam
552 2527 687 2593 vinculo
708 2531 842 2608 soluto,
865 2527 1067 2610 improvidos
1089 2542 1122 2594 et
1132 2528 1215 2594 nihil
1228 2529 1512 2614 talesuspicantes

335 2639 408 2705 telis
429 2638 646 2720 adoriuntur,
671 2660 730 2704 nec
753 2640 823 2704 sine
842 2659 939 2706 noxa.
1020 2687 1025 2700 ,

175 2761 256 2808 Amic·
279 2761 321 2807 W-
379 2751 547 2816 Habemus
579 2751 680 2834 igitur
715 2751 893 2818 Lusitanos
920 2749 1086 2833 perfidOS,
1121 2751 1279 2831 sicarios,
1314 2751 1508 2834 veneficos,

333 2862 529 2945 proditores.
577 2861 731 2927 Vidimus
763 2861 818 2926 illa
838 2860 1003 2944 facinora,
1028 2877 1161 2945 propter
1184 2884 1292 2945 quae,
1317 2863 1442 2936 etiarnsi
1467 2866 1511 2930 ad

333 2995 440 3058 regern
474 2973 651 3058 Hispaniae
683 2972 766 3038 nihil
795 2973 1015 3055 pertinerent,
1057 2975 1178 3068 bellurn
1209 2975 1242 3038 in
1273 2975 1347 3040 illos
1381 2977 1511 3058 suscipi

334 3101 367 3152 et
396 3106 493 3170 posse
524 3089 566 3150 et'
584 3085 700 3151 debere
720 3104 816 3149 nemo
839 3084 1044 3150 mediocriter
1065 3105 1163 3150 sanus
1187 3085 1331 3171 negabit.
1380 3088 1445 3152 Sed
1465 3109 1509 3153 ne

332 3200 396 3263 hoc
430 3197 562 3278 quidem
591 3197 726 3281 urgebo.
772 3196 841 3260 Imo
874 3195 936 3260 nisi
969 3195 1239 3264 manifestissimis
1267 3199 1509 3266 narrationibus

332 3323 480 3391 apertum
514 3307 620 3373 fecero
655 3330 676 3373 a
711 3306 889 3372 Lusitanis
922 3322 1052 3394 gentem
1097 3310 1264 3378 Batauam
1298 3313 1509 3396 hominesque

334 3421 480 3486 Batauos
511 3420 653 3483 hostium
687 3419 753 3482 loca
786 3419 940 3498 habitas,
975 3420 1133 3506 bellaque
1147 3421 1280 3506 publica
1304 3425 1340 3486 ia
1366 3421 1508 3487 Oriente

332 3530 527 3615 infestator,
548 3534 648 3595 etiam
662 3544 842 3615 antequam
855 3551 975 3594 nexam
989 3531 1094 3596 allam
1107 3532 1178 3596 illis
1191 3537 1394 3613 nocuissent,
1418 3538 1505 3602 aim-

236 3696 239 3702 .
333 3665 394 3729 qae
422 3656 592 3708 armatam
622 3641 664 3706 ab
689 3641 759 3705 illis
778 3655 944 3726 caeptam,
968 3656 1092 3708 caetera
1112 3643 1192 3708 mihi
1214 3644 1254 3708 ad
1276 3663 1404 3709 causam
1425 3666 1503 3727 pro·

173 3783 243 3829 Anno
260 3783 320 3836 1⁵9⁶·
333 3756 425 3821 desse
457 3773 522 3819 non
549 3752 659 3836 cupio
705 3752 799 3838 Quae
825 3752 946 3836 primae
964 3772 1064 3820 naves
1085 3754 1324 3820 Hollandorurn
1345 3756 1386 3821 ad
1403 3757 1505 3822 Indos

333 3884 466 3934 cursum
497 3863 734 3943 instituerunt,
758 3863 809 3930 his
833 3864 953 3929 mensis
975 3867 1073 3931 unius
1097 3866 1158 3930 iter
1176 3866 1343 3948 provectis
1361 3884 1506 3949 quatuor

333 3977 569 4043 Lusitanorum
604 3993 704 4040 naves
738 3976 905 4058 (caraccae
938 3976 1082 4062 scilicet)
1115 3979 1230 4043 obviae
1262 3996 1505 4061 apparuerunt,

332 4110 392 4155 nec
412 4087 555 4170 pariter,
581 4087 639 4152 sed
653 4105 821 4171 segreges:
847 4106 928 4168 quas
952 4087 997 4152 ita
1020 4087 1165 4172 singulas
1185 4088 1257 4172 capi
1279 4090 1428 4172 potuisse
1448 4112 1505 4174 ea,

333 4219 416 4282 quae
438 4213 552 4282 postea
575 4196 784 4279 acciderunt,
810 4213 1000 4282 argumento
1023 4213 1113 4265 sunt.
1159 4200 1205 4265 Et
1228 4220 1291 4266 una
1315 4217 1380 4266 tarn
1402 4222 1506 4284 prope

331 4301 532 4390 accesserat,
559 4323 595 4375 ut
616 4308 643 4373 si
666 4308 841 4392 libuisset,
865 4329 931 4375 non
953 4311 1050 4376 dubie
1072 4315 1245 4378 teneretur.
1292 4313 1376 4378 Tale
1397 4328 1506 4380 tamen

332 4422 415 4487 nihil
447 4442 464 4486 a
493 4419 623 4488 batavis
642 4434 823 4487 tentatum:
847 4420 912 4485 imo
934 4435 1050 4486 cuncta
1071 4422 1282 4518 humanitatis
1307 4423 1410 4490 officia
1429 4446 1505 4490 curn
