<?xml version="1.0" encoding="UTF-8"?>
<!DOCTYPE html PUBLIC "-//W3C//DTD XHTML 1.0 Transitional//EN"
    "http://www.w3.org/TR/xhtml1/DTD/xhtml1-transitional.dtd">
<html xmlns="http://www.w3.org/1999/xhtml" xml:lang="en" lang="en">
 <head>
  <title>
</title>
<meta http-equiv="Content-Type" content="text/html;charset=utf-8" />
  <meta name='ocr-system' content='tesseract 3.04.00' />
  <meta name='ocr-capabilities' content='ocr_page ocr_carea ocr_par ocr_line ocrx_word'/>
</head>
<body>
  <div class='ocr_page' id='page_1' title='image "./ledroitdeprised01hamagoog_0135.png"; bbox 0 0 3316 5494; ppageno 0'>
   <div class='ocr_carea' id='block_1_1' title="bbox 431 627 1317 696">
    <p class='ocr_par' dir='ltr' id='par_1_1' title="bbox 431 627 1317 696">
     <span class='ocr_line' id='line_1_1' title="bbox 431 627 1317 696; baseline -0.001 -20"><span class='ocrx_word' id='word_1_1' title='bbox 431 627 477 676; x_wconf 82' lang='lat' dir='ltr'><em>DE</em></span> <span class='ocrx_word' id='word_1_2' title='bbox 501 629 594 696; x_wconf 78' lang='lat' dir='ltr'>JURE</span> <span class='ocrx_word' id='word_1_3' title='bbox 620 630 803 678; x_wconf 81' lang='lat' dir='ltr'><em>PRAEDAE.</em></span> <span class='ocrx_word' id='word_1_4' title='bbox 828 631 907 678; x_wconf 83' lang='lat' dir='ltr'><em>CAP.</em></span> <span class='ocrx_word' id='word_1_5' title='bbox 933 629 1014 676; x_wconf 88' lang='lat' dir='ltr'><strong>VIII.</strong></span> <span class='ocrx_word' id='word_1_6' title='bbox 1259 629 1317 693; x_wconf 79' lang='lat'><em>113</em></span> 
     </span>
    </p>
   </div>
   <div class='ocr_carea' id='block_1_2' title="bbox 130 775 1442 4322">
    <p class='ocr_par' dir='ltr' id='par_1_2' title="bbox 130 775 1442 4322">
     <span class='ocr_line' id='line_1_2' title="bbox 135 775 1314 872; baseline -0.002 -22"><span class='ocrx_word' id='word_1_7' title='bbox 135 797 245 853; x_wconf 84' lang='lat' dir='ltr'><em>arant</em></span> <span class='ocrx_word' id='word_1_8' title='bbox 261 796 294 849; x_wconf 86' lang='lat' dir='ltr'><em>et</em></span> <span class='ocrx_word' id='word_1_9' title='bbox 314 775 439 848; x_wconf 81' lang='lat' dir='ltr'><em>semina</em></span> <span class='ocrx_word' id='word_1_10' title='bbox 454 795 598 868; x_wconf 80' lang='lat' dir='ltr'><em>portaret</em></span> <span class='ocrx_word' id='word_1_11' title='bbox 618 785 664 850; x_wconf 82' lang='lat' dir='ltr'><em>ad</em></span> <span class='ocrx_word' id='word_1_12' title='bbox 681 805 802 872; x_wconf 81' lang='lat' dir='ltr'><em>agrum</em></span> <span class='ocrx_word' id='word_1_13' title='bbox 820 804 970 870; x_wconf 83' lang='lat' dir='ltr'><em>eoagroa</em></span> <span class='ocrx_word' id='word_1_14' title='bbox 987 788 1170 850; x_wconf 81' lang='lat' dir='ltr'><em>securitate</em></span> <span class='ocrx_word' id='word_1_15' title='bbox 1189 784 1314 849; x_wconf 82' lang='lat' dir='ltr'><em>laeten-</em></span> 
     </span>
     <span class='ocr_line' id='line_1_3' title="bbox 133 891 1312 979; baseline 0 -19"><span class='ocrx_word' id='word_1_16' title='bbox 133 910 207 963; x_wconf 83' lang='lat' dir='ltr'><em>tur.</em></span> <span class='ocrx_word' id='word_1_17' title='bbox 232 894 280 960; x_wconf 88' lang='lat' dir='ltr'><em>Et</em></span> <span class='ocrx_word' id='word_1_18' title='bbox 298 894 352 959; x_wconf 92' lang='lat' dir='ltr'><em>hic</em></span> <span class='ocrx_word' id='word_1_19' title='bbox 370 891 466 960; x_wconf 88' lang='lat' dir='ltr'><em>etiam</em></span> <span class='ocrx_word' id='word_1_20' title='bbox 484 911 679 962; x_wconf 80' lang='lat' dir='ltr'>mercatores</span> <span class='ocrx_word' id='word_1_21' title='bbox 695 908 822 964; x_wconf 85' lang='lat' dir='ltr'><em>tantum</em></span> <span class='ocrx_word' id='word_1_22' title='bbox 845 908 1015 962; x_wconf 88' lang='lat' dir='ltr'><em>extraneos</em></span> <span class='ocrx_word' id='word_1_23' title='bbox 1027 894 1166 979; x_wconf 84' lang='lat' dir='ltr'><strong>intelligi</strong></span> <span class='ocrx_word' id='word_1_24' title='bbox 1180 915 1237 978; x_wconf 85' lang='lat' dir='ltr'><em>par</em></span> <span class='ocrx_word' id='word_1_25' title='bbox 1250 909 1312 961; x_wconf 88' lang='lat' dir='ltr'><em>est.</em></span> 
     </span>
     <span class='ocr_line' id='line_1_4' title="bbox 134 1005 1314 1094; baseline -0.001 -22"><span class='ocrx_word' id='word_1_26' title='bbox 134 1007 317 1091; x_wconf 77' lang='lat' dir='ltr'><em>Caietanus</em></span> <span class='ocrx_word' id='word_1_27' title='bbox 341 1012 370 1070; x_wconf 90' lang='lat'><em>¹:</em></span> <span class='ocrx_word' id='word_1_28' title='bbox 401 1020 466 1091; x_wconf 88' lang='lat' dir='ltr'><em>per</em></span> <span class='ocrx_word' id='word_1_29' title='bbox 499 1020 698 1076; x_wconf 77' lang='lat' dir='ltr'><em>mercatores</em></span> <span class='ocrx_word' id='word_1_30' title='bbox 731 1005 884 1093; x_wconf 83' lang='lat' dir='ltr'><em>intelligo</em></span> <span class='ocrx_word' id='word_1_31' title='bbox 913 1026 977 1072; x_wconf 84' lang='lat' dir='ltr'><em>aaa</em></span> <span class='ocrx_word' id='word_1_32' title='bbox 1001 1010 1223 1094; x_wconf 83' lang='lat' dir='ltr'><em>negotiatores</em></span> <span class='ocrx_word' id='word_1_33' title='bbox 1255 1009 1314 1091; x_wconf 82' lang='lat' dir='ltr'><em>qui</em></span> 
     </span>
     <span class='ocr_line' id='line_1_5' title="bbox 131 1114 1314 1204; baseline -0.001 -21"><span class='ocrx_word' id='word_1_34' title='bbox 131 1117 181 1183; x_wconf 77' lang='lat' dir='ltr'><em>ibe·</em></span> <span class='ocrx_word' id='word_1_35' title='bbox 205 1117 375 1200; x_wconf 81' lang='lat' dir='ltr'><em>resideret,</em></span> <span class='ocrx_word' id='word_1_36' title='bbox 400 1117 458 1184; x_wconf 84' lang='lat' dir='ltr'><em>sed</em></span> <span class='ocrx_word' id='word_1_37' title='bbox 476 1117 550 1184; x_wconf 84' lang='lat' dir='ltr'><em>illos</em></span> <span class='ocrx_word' id='word_1_38' title='bbox 572 1121 631 1204; x_wconf 83' lang='lat' dir='ltr'><em>qai</em></span> <span class='ocrx_word' id='word_1_39' title='bbox 653 1119 869 1203; x_wconf 76' lang='lat' dir='ltr'><em>hospitantur</em></span> <span class='ocrx_word' id='word_1_40' title='bbox 891 1130 953 1184; x_wconf 84' lang='lat' dir='ltr'><em>aot</em></span> <span class='ocrx_word' id='word_1_41' title='bbox 972 1129 1163 1186; x_wconf 82' lang='lat' dir='ltr'><em>transeant.</em></span> <span class='ocrx_word' id='word_1_42' title='bbox 1205 1114 1314 1201; x_wconf 84' lang='lat' dir='ltr'><em>Quoa-</em></span> 
     </span>
     <span class='ocr_line' id='line_1_6' title="bbox 132 1227 1312 1308; baseline 0.002 -16"><span class='ocrx_word' id='word_1_43' title='bbox 132 1232 202 1297; x_wconf 85' lang='lat' dir='ltr'><em>iam</em></span> <span class='ocrx_word' id='word_1_44' title='bbox 231 1243 432 1300; x_wconf 74' lang='lat' dir='ltr'><em>mercatores</em></span> <span class='ocrx_word' id='word_1_45' title='bbox 460 1228 586 1294; x_wconf 77' lang='lat' dir='ltr'><em>r&#39;aeolas</em></span> <span class='ocrx_word' id='word_1_46' title='bbox 620 1250 684 1294; x_wconf 88' lang='lat' dir='ltr'><em>aaa</em></span> <span class='ocrx_word' id='word_1_47' title='bbox 713 1227 806 1297; x_wconf 81' lang='lat' dir='ltr'><em>rideo</em></span> <span class='ocrx_word' id='word_1_48' title='bbox 838 1228 983 1294; x_wconf 83' lang='lat' dir='ltr'><em>melioris</em></span> <span class='ocrx_word' id='word_1_49' title='bbox 1004 1249 1069 1294; x_wconf 86' lang='lat' dir='ltr'><em>esse</em></span> <span class='ocrx_word' id='word_1_50' title='bbox 1094 1227 1312 1308; x_wconf 82' lang='lat' dir='ltr'><em>conditionis,</em></span> 
     </span>
     <span class='ocr_line' id='line_1_7' title="bbox 132 1337 1313 1425; baseline -0.003 -16"><span class='ocrx_word' id='word_1_51' title='bbox 132 1361 234 1425; x_wconf 85' lang='lat' dir='ltr'><em>quara</em></span> <span class='ocrx_word' id='word_1_52' title='bbox 257 1337 416 1423; x_wconf 79' lang='lat' dir='ltr'><em>artifices.</em></span> <span class='ocrx_word' id='word_1_53' title='bbox 463 1339 528 1408; x_wconf 86' lang='lat' dir='ltr'><em>Sed</em></span> <span class='ocrx_word' id='word_1_54' title='bbox 547 1353 655 1407; x_wconf 91' lang='lat' dir='ltr'><em>totum</em></span> <span class='ocrx_word' id='word_1_55' title='bbox 677 1339 742 1410; x_wconf 92' lang='lat' dir='ltr'><em>hoc</em></span> <span class='ocrx_word' id='word_1_56' title='bbox 764 1340 906 1408; x_wconf 90' lang='lat' dir='ltr'><em>edictum</em></span> <span class='ocrx_word' id='word_1_57' title='bbox 917 1340 1001 1424; x_wconf 87' lang='lat' dir='ltr'><em>juris</em></span> <span class='ocrx_word' id='word_1_58' title='bbox 1012 1339 1198 1424; x_wconf 86' lang='lat' dir='ltr'><em>pontificii,</em></span> <span class='ocrx_word' id='word_1_59' title='bbox 1221 1341 1313 1422; x_wconf 92' lang='lat' dir='ltr'><em>quod</em></span> 
     </span>
     <span class='ocr_line' id='line_1_8' title="bbox 133 1450 1312 1538; baseline -0.001 -20"><span class='ocrx_word' id='word_1_60' title='bbox 133 1451 161 1518; x_wconf 92' lang='lat' dir='ltr'><em>T</em></span> <span class='ocrx_word' id='word_1_61' title='bbox 160 1472 301 1538; x_wconf 83' lang='lat' dir='ltr'><em>raugam</em></span> <span class='ocrx_word' id='word_1_62' title='bbox 336 1454 530 1516; x_wconf 84' lang='lat' dir='ltr'><em>canonicam</em></span> <span class='ocrx_word' id='word_1_63' title='bbox 558 1467 700 1532; x_wconf 88' lang='lat' dir='ltr'><em>vocant,</em></span> <span class='ocrx_word' id='word_1_64' title='bbox 724 1451 876 1520; x_wconf 90' lang='lat' dir='ltr'><em>doctores</em></span> <span class='ocrx_word' id='word_1_65' title='bbox 899 1450 911 1490; x_wconf 81' lang='lat'>²</span> <span class='ocrx_word' id='word_1_66' title='bbox 935 1471 997 1521; x_wconf 90' lang='lat' dir='ltr'><em>usu</em></span> <span class='ocrx_word' id='word_1_67' title='bbox 1020 1450 1179 1520; x_wconf 89' lang='lat' dir='ltr'><em>hodierno</em></span> <span class='ocrx_word' id='word_1_68' title='bbox 1200 1471 1312 1534; x_wconf 89' lang='lat' dir='ltr'><em>recep-</em></span> 
     </span>
     <span class='ocr_line' id='line_1_9' title="bbox 132 1562 1312 1653; baseline 0.002 -27"><span class='ocrx_word' id='word_1_69' title='bbox 132 1577 203 1630; x_wconf 89' lang='lat' dir='ltr'><em>tum</em></span> <span class='ocrx_word' id='word_1_70' title='bbox 239 1576 377 1648; x_wconf 83' lang='lat' dir='ltr'><em>negant:</em></span> <span class='ocrx_word' id='word_1_71' title='bbox 411 1581 519 1653; x_wconf 86' lang='lat' dir='ltr'><em>neque</em></span> <span class='ocrx_word' id='word_1_72' title='bbox 552 1582 631 1629; x_wconf 87' lang='lat' dir='ltr'><em>vero</em></span> <span class='ocrx_word' id='word_1_73' title='bbox 662 1581 803 1640; x_wconf 70' lang='lat' dir='ltr'><em>causam⁴</em></span> <span class='ocrx_word' id='word_1_74' title='bbox 826 1577 1013 1646; x_wconf 86' lang='lat' dir='ltr'><em>perpetuam</em></span> <span class='ocrx_word' id='word_1_75' title='bbox 1051 1563 1161 1632; x_wconf 88' lang='lat' dir='ltr'><em>habet.</em></span> <span class='ocrx_word' id='word_1_76' title='bbox 1222 1562 1312 1628; x_wconf 90' lang='lat' dir='ltr'><em>Illud</em></span> 
     </span>
     <span class='ocr_line' id='line_1_10' title="bbox 133 1673 1307 1757; baseline 0 -17"><span class='ocrx_word' id='word_1_77' title='bbox 133 1688 241 1747; x_wconf 82' lang='lat' dir='ltr'><em>autent</em></span> <span class='ocrx_word' id='word_1_78' title='bbox 265 1673 458 1757; x_wconf 83' lang='lat' dir='ltr'><em>perspicuae</em></span> <span class='ocrx_word' id='word_1_79' title='bbox 482 1689 531 1742; x_wconf 85' lang='lat' dir='ltr'><em>est</em></span> <span class='ocrx_word' id='word_1_80' title='bbox 553 1673 724 1755; x_wconf 88' lang='lat' dir='ltr'><em>veritatis,</em></span> <span class='ocrx_word' id='word_1_81' title='bbox 747 1695 814 1744; x_wconf 87' lang='lat' dir='ltr'><em>rem</em></span> <span class='ocrx_word' id='word_1_82' title='bbox 838 1673 1000 1756; x_wconf 88' lang='lat' dir='ltr'><em>alienam,</em></span> <span class='ocrx_word' id='word_1_83' title='bbox 1024 1693 1108 1756; x_wconf 90' lang='lat' dir='ltr'><em>quae</em></span> <span class='ocrx_word' id='word_1_84' title='bbox 1129 1674 1171 1740; x_wconf 87' lang='lat' dir='ltr'><em>ad</em></span> <span class='ocrx_word' id='word_1_85' title='bbox 1181 1673 1307 1740; x_wconf 91' lang='lat' dir='ltr'><em>hostem</em></span> 
     </span>
     <span class='ocr_line' id='line_1_11' title="bbox 133 1783 1309 1868; baseline -0.001 -18"><span class='ocrx_word' id='word_1_86' title='bbox 133 1804 200 1852; x_wconf 91' lang='lat' dir='ltr'><em>non</em></span> <span class='ocrx_word' id='word_1_87' title='bbox 222 1785 407 1868; x_wconf 80' lang='lat' dir='ltr'><em>pertineat,</em></span> <span class='ocrx_word' id='word_1_88' title='bbox 441 1786 506 1852; x_wconf 92' lang='lat' dir='ltr'><em>hoc</em></span> <span class='ocrx_word' id='word_1_89' title='bbox 536 1800 643 1852; x_wconf 88' lang='lat' dir='ltr'><em>autem</em></span> <span class='ocrx_word' id='word_1_90' title='bbox 674 1800 746 1866; x_wconf 90' lang='lat' dir='ltr'><em>est,</em></span> <span class='ocrx_word' id='word_1_91' title='bbox 768 1803 828 1856; x_wconf 86' lang='lat' dir='ltr'><em>nec</em></span> <span class='ocrx_word' id='word_1_92' title='bbox 850 1786 890 1852; x_wconf 89' lang='lat' dir='ltr'><em>ad</em></span> <span class='ocrx_word' id='word_1_93' title='bbox 911 1786 1020 1854; x_wconf 88' lang='lat' dir='ltr'><em>socios</em></span> <span class='ocrx_word' id='word_1_94' title='bbox 1041 1804 1102 1851; x_wconf 88' lang='lat' dir='ltr'><em>nec</em></span> <span class='ocrx_word' id='word_1_95' title='bbox 1133 1784 1174 1850; x_wconf 87' lang='lat' dir='ltr'><em>ad</em></span> <span class='ocrx_word' id='word_1_96' title='bbox 1196 1783 1309 1850; x_wconf 91' lang='lat' dir='ltr'><em>subdi·</em></span> 
     </span>
     <span class='ocr_line' id='line_1_12' title="bbox 133 1894 1310 1980; baseline 0 -17"><span class='ocrx_word' id='word_1_97' title='bbox 133 1911 211 1979; x_wconf 91' lang='lat' dir='ltr'><em>tos,</em></span> <span class='ocrx_word' id='word_1_98' title='bbox 247 1896 309 1962; x_wconf 91' lang='lat' dir='ltr'><em>etsi</em></span> <span class='ocrx_word' id='word_1_99' title='bbox 339 1915 438 1980; x_wconf 90' lang='lat' dir='ltr'><em>penes</em></span> <span class='ocrx_word' id='word_1_100' title='bbox 468 1897 596 1964; x_wconf 87' lang='lat' dir='ltr'><em>hostem</em></span> <span class='ocrx_word' id='word_1_101' title='bbox 630 1896 697 1978; x_wconf 90' lang='lat' dir='ltr'><em>sit,</em></span> <span class='ocrx_word' id='word_1_102' title='bbox 738 1896 944 1980; x_wconf 87' lang='lat' dir='ltr'><em>capientibus</em></span> <span class='ocrx_word' id='word_1_103' title='bbox 979 1915 1048 1966; x_wconf 91' lang='lat' dir='ltr'><em>non</em></span> <span class='ocrx_word' id='word_1_104' title='bbox 1081 1894 1183 1980; x_wconf 83' lang='lat' dir='ltr'><em>magis</em></span> <span class='ocrx_word' id='word_1_105' title='bbox 1213 1915 1310 1980; x_wconf 90' lang='lat' dir='ltr'><em>posse</em></span> 
     </span>
     <span class='ocr_line' id='line_1_13' title="bbox 132 2005 1310 2090; baseline 0.002 -18"><span class='ocrx_word' id='word_1_106' title='bbox 132 2006 284 2090; x_wconf 85' lang='lat' dir='ltr'><em>acquiri,</em></span> <span class='ocrx_word' id='word_1_107' title='bbox 301 2027 396 2090; x_wconf 91' lang='lat' dir='ltr'><em>quam</em></span> <span class='ocrx_word' id='word_1_108' title='bbox 422 2007 574 2074; x_wconf 88' lang='lat' dir='ltr'><em>creditori</em></span> <span class='ocrx_word' id='word_1_109' title='bbox 597 2028 663 2076; x_wconf 93' lang='lat' dir='ltr'><em>rem</em></span> <span class='ocrx_word' id='word_1_110' title='bbox 685 2008 921 2076; x_wconf 82' lang='lat' dir='ltr'><em>commodatam</em></span> <span class='ocrx_word' id='word_1_111' title='bbox 942 2023 998 2077; x_wconf 91' lang='lat' dir='ltr'><em>aut</em></span> <span class='ocrx_word' id='word_1_112' title='bbox 1019 2005 1173 2077; x_wconf 85' lang='lat' dir='ltr'><em>furtivam</em></span> <span class='ocrx_word' id='word_1_113' title='bbox 1197 2006 1230 2074; x_wconf 89' lang='lat' dir='ltr'><em>in</em></span> <span class='ocrx_word' id='word_1_114' title='bbox 1251 2007 1310 2074; x_wconf 92' lang='lat' dir='ltr'><em>ho·</em></span> 
     </span>
     <span class='ocr_line' id='line_1_14' title="bbox 131 2117 1442 2230; baseline 0.002 -46"><span class='ocrx_word' id='word_1_115' title='bbox 131 2118 183 2184; x_wconf 89' lang='lat' dir='ltr'><em>nis</em></span> <span class='ocrx_word' id='word_1_116' title='bbox 207 2118 367 2188; x_wconf 88' lang='lat' dir='ltr'><em>debitoris</em></span> <span class='ocrx_word' id='word_1_117' title='bbox 390 2133 561 2202; x_wconf 87' lang='lat' dir='ltr'><em>repertam.</em></span> <span class='ocrx_word' id='word_1_118' title='bbox 608 2119 722 2187; x_wconf 91' lang='lat' dir='ltr'><em>Induci</em></span> <span class='ocrx_word' id='word_1_119' title='bbox 746 2119 800 2188; x_wconf 90' lang='lat' dir='ltr'><em>hic</em></span> <span class='ocrx_word' id='word_1_120' title='bbox 821 2120 927 2188; x_wconf 88' lang='lat' dir='ltr'><em>obiter</em></span> <span class='ocrx_word' id='word_1_121' title='bbox 947 2133 1055 2203; x_wconf 90' lang='lat' dir='ltr'><em>potest</em></span> <span class='ocrx_word' id='word_1_122' title='bbox 1076 2117 1230 2200; x_wconf 86' lang='lat' dir='ltr'><em>frequens</em></span> <span class='ocrx_word' id='word_1_123' title='bbox 1255 2118 1310 2186; x_wconf 90' lang='lat' dir='ltr'><em>illa</em></span> <span class='ocrx_word' id='word_1_124' title='bbox 1321 2127 1442 2230; x_wconf 56' lang='lat' dir='ltr'><em>mai*</em></span> 
     </span>
     <span class='ocr_line' id='line_1_15' title="bbox 133 2216 1430 2314; baseline 0 -18"><span class='ocrx_word' id='word_1_125' title='bbox 133 2244 166 2296; x_wconf 90' lang='lat' dir='ltr'><em>et</em></span> <span class='ocrx_word' id='word_1_126' title='bbox 188 2232 332 2298; x_wconf 90' lang='lat' dir='ltr'><em>multum</em></span> <span class='ocrx_word' id='word_1_127' title='bbox 355 2229 430 2299; x_wconf 85' lang='lat' dir='ltr'><em>aliis</em></span> <span class='ocrx_word' id='word_1_128' title='bbox 453 2227 464 2266; x_wconf 79' lang='lat'>⁸</span> <span class='ocrx_word' id='word_1_129' title='bbox 483 2230 602 2314; x_wconf 87' lang='lat' dir='ltr'><em>agitata</em></span> <span class='ocrx_word' id='word_1_130' title='bbox 626 2230 777 2312; x_wconf 89' lang='lat' dir='ltr'><em>quaestio</em></span> <span class='ocrx_word' id='word_1_131' title='bbox 791 2231 909 2314; x_wconf 73' lang='lat' dir='ltr'><em>,quid</em></span> <span class='ocrx_word' id='word_1_132' title='bbox 930 2231 1018 2300; x_wconf 87' lang='lat' dir='ltr'><em>hosti</em></span> <span class='ocrx_word' id='word_1_133' title='bbox 1039 2230 1134 2299; x_wconf 85' lang='lat' dir='ltr'><em>liceat</em></span> <span class='ocrx_word' id='word_1_134' title='bbox 1155 2229 1189 2296; x_wconf 94' lang='lat' dir='ltr'><em>in</em></span> <span class='ocrx_word' id='word_1_135' title='bbox 1213 2231 1310 2298; x_wconf 86' lang='lat' dir='ltr'><em>adve·</em></span> <span class='ocrx_word' id='word_1_136' title='bbox 1422 2216 1430 2230; x_wconf 77' lang='grc'><strong><em>’</em></strong></span> 
     </span>
     <span class='ocr_line' id='line_1_16' title="bbox 133 2341 1310 2426; baseline 0.003 -20"><span class='ocrx_word' id='word_1_137' title='bbox 133 2361 191 2408; x_wconf 85' lang='lat' dir='ltr'><em>nas</em></span> <span class='ocrx_word' id='word_1_138' title='bbox 224 2341 285 2423; x_wconf 92' lang='lat' dir='ltr'><em>qui</em></span> <span class='ocrx_word' id='word_1_139' title='bbox 316 2341 404 2424; x_wconf 86' lang='lat' dir='ltr'><em>apud</em></span> <span class='ocrx_word' id='word_1_140' title='bbox 435 2343 547 2410; x_wconf 88' lang='lat' dir='ltr'><em>hostes</em></span> <span class='ocrx_word' id='word_1_141' title='bbox 578 2356 678 2424; x_wconf 90' lang='lat' dir='ltr'><em>sunt,</em></span> <span class='ocrx_word' id='word_1_142' title='bbox 714 2342 814 2426; x_wconf 88' lang='lat' dir='ltr'><em>inque</em></span> <span class='ocrx_word' id='word_1_143' title='bbox 837 2363 895 2410; x_wconf 91' lang='lat' dir='ltr'><em>eos</em></span> <span class='ocrx_word' id='word_1_144' title='bbox 919 2343 977 2425; x_wconf 90' lang='lat' dir='ltr'><em>qui</em></span> <span class='ocrx_word' id='word_1_145' title='bbox 1000 2343 1126 2410; x_wconf 90' lang='lat' dir='ltr'><em>hostem</em></span> <span class='ocrx_word' id='word_1_146' title='bbox 1148 2341 1310 2410; x_wconf 88' lang='lat' dir='ltr'><em>mercibus</em></span> 
     </span>
     <span class='ocr_line' id='line_1_17' title="bbox 130 2451 1311 2537; baseline -0.001 -18"><span class='ocrx_word' id='word_1_147' title='bbox 130 2455 260 2537; x_wconf 77' lang='lat' dir='ltr'><em>iuvant.</em></span> <span class='ocrx_word' id='word_1_148' title='bbox 291 2453 340 2518; x_wconf 88' lang='lat' dir='ltr'><em>Ac</em></span> <span class='ocrx_word' id='word_1_149' title='bbox 358 2453 501 2537; x_wconf 85' lang='lat' dir='ltr'><em>primum</em></span> <span class='ocrx_word' id='word_1_150' title='bbox 522 2455 644 2522; x_wconf 89' lang='lat' dir='ltr'><em>nullam</em></span> <span class='ocrx_word' id='word_1_151' title='bbox 663 2453 717 2522; x_wconf 92' lang='lat' dir='ltr'><em>hic</em></span> <span class='ocrx_word' id='word_1_152' title='bbox 739 2473 808 2522; x_wconf 88' lang='lat' dir='ltr'><em>esse</em></span> <span class='ocrx_word' id='word_1_153' title='bbox 831 2454 897 2524; x_wconf 87' lang='lat' dir='ltr'><em>vim</em></span> <span class='ocrx_word' id='word_1_154' title='bbox 921 2454 1006 2536; x_wconf 89' lang='lat' dir='ltr'><em>loci,</em></span> <span class='ocrx_word' id='word_1_155' title='bbox 1031 2454 1065 2522; x_wconf 90' lang='lat' dir='ltr'><em>in</em></span> <span class='ocrx_word' id='word_1_156' title='bbox 1091 2473 1158 2536; x_wconf 92' lang='lat' dir='ltr'><em>quo</em></span> <span class='ocrx_word' id='word_1_157' title='bbox 1183 2451 1311 2536; x_wconf 89' lang='lat' dir='ltr'><em>quispi-</em></span> 
     </span>
     <span class='ocr_line' id='line_1_18' title="bbox 132 2564 1310 2649; baseline 0 -19"><span class='ocrx_word' id='word_1_158' title='bbox 132 2585 182 2630; x_wconf 86' lang='lat' dir='ltr'><em>am</em></span> <span class='ocrx_word' id='word_1_159' title='bbox 216 2564 492 2649; x_wconf 83' lang='lat' dir='ltr'><em>deprehenditur,</em></span> <span class='ocrx_word' id='word_1_160' title='bbox 524 2564 603 2632; x_wconf 88' lang='lat' dir='ltr'><em>satis</em></span> <span class='ocrx_word' id='word_1_161' title='bbox 636 2565 848 2649; x_wconf 90' lang='lat' dir='ltr'><em>perspicuum</em></span> <span class='ocrx_word' id='word_1_162' title='bbox 881 2580 940 2634; x_wconf 89' lang='lat' dir='ltr'><em>est.</em></span> <span class='ocrx_word' id='word_1_163' title='bbox 985 2565 1098 2632; x_wconf 90' lang='lat' dir='ltr'><em>Locus</em></span> <span class='ocrx_word' id='word_1_164' title='bbox 1133 2564 1217 2631; x_wconf 93' lang='lat' dir='ltr'><em>enim</em></span> <span class='ocrx_word' id='word_1_165' title='bbox 1239 2564 1310 2648; x_wconf 89' lang='lat' dir='ltr'><em>ipse</em></span> 
     </span>
     <span class='ocr_line' id='line_1_19' title="bbox 132 2675 1307 2760; baseline -0.004 -15"><span class='ocrx_word' id='word_1_166' title='bbox 132 2694 231 2745; x_wconf 85' lang='lat' dir='ltr'><em>eausa</em></span> <span class='ocrx_word' id='word_1_167' title='bbox 264 2675 476 2760; x_wconf 81' lang='lat' dir='ltr'><em>obligationis</em></span> <span class='ocrx_word' id='word_1_168' title='bbox 509 2695 575 2742; x_wconf 90' lang='lat' dir='ltr'><em>non</em></span> <span class='ocrx_word' id='word_1_169' title='bbox 606 2690 665 2742; x_wconf 89' lang='lat' dir='ltr'><em>est.</em></span> <span class='ocrx_word' id='word_1_170' title='bbox 719 2675 893 2760; x_wconf 85' lang='lat' dir='ltr'><em>Obligatos</em></span> <span class='ocrx_word' id='word_1_171' title='bbox 919 2692 1028 2744; x_wconf 86' lang='lat' dir='ltr'><em>autem</em></span> <span class='ocrx_word' id='word_1_172' title='bbox 1060 2697 1130 2744; x_wconf 91' lang='lat' dir='ltr'><em>esse</em></span> <span class='ocrx_word' id='word_1_173' title='bbox 1154 2690 1307 2759; x_wconf 87' lang='lat' dir='ltr'><em>oportet,</em></span> 
     </span>
     <span class='ocr_line' id='line_1_20' title="bbox 133 2784 1309 2871; baseline 0.001 -19"><span class='ocrx_word' id='word_1_174' title='bbox 133 2805 220 2868; x_wconf 91' lang='lat' dir='ltr'><em>quos</em></span> <span class='ocrx_word' id='word_1_175' title='bbox 242 2787 339 2853; x_wconf 91' lang='lat' dir='ltr'><em>liceat</em></span> <span class='ocrx_word' id='word_1_176' title='bbox 360 2787 499 2870; x_wconf 88' lang='lat' dir='ltr'><em>spoliare</em></span> <span class='ocrx_word' id='word_1_177' title='bbox 520 2784 542 2852; x_wconf 81' lang='lat'><em>⁴.</em></span> <span class='ocrx_word' id='word_1_178' title='bbox 568 2786 746 2871; x_wconf 83' lang='lat' dir='ltr'><em>Subjacent</em></span> <span class='ocrx_word' id='word_1_179' title='bbox 768 2787 869 2871; x_wconf 88' lang='lat' dir='ltr'><em>igitur</em></span> <span class='ocrx_word' id='word_1_180' title='bbox 887 2788 974 2854; x_wconf 91' lang='lat' dir='ltr'><em>bello</em></span> <span class='ocrx_word' id='word_1_181' title='bbox 996 2787 1167 2870; x_wconf 84' lang='lat' dir='ltr'><em>inquilini,</em></span> <span class='ocrx_word' id='word_1_182' title='bbox 1191 2786 1218 2853; x_wconf 90' lang='lat' dir='ltr'><em>si</em></span> <span class='ocrx_word' id='word_1_183' title='bbox 1239 2807 1309 2853; x_wconf 92' lang='lat' dir='ltr'><em>mo·</em></span> 
     </span>
     <span class='ocr_line' id='line_1_21' title="bbox 134 2896 1308 2981; baseline -0.003 -18"><span class='ocrx_word' id='word_1_184' title='bbox 134 2898 176 2964; x_wconf 92' lang='lat' dir='ltr'><em>do</em></span> <span class='ocrx_word' id='word_1_185' title='bbox 209 2919 283 2981; x_wconf 87' lang='lat' dir='ltr'><em>pars</em></span> <span class='ocrx_word' id='word_1_186' title='bbox 316 2912 394 2964; x_wconf 89' lang='lat' dir='ltr'><em>sunt</em></span> <span class='ocrx_word' id='word_1_187' title='bbox 426 2897 623 2981; x_wconf 88' lang='lat' dir='ltr'><em>reipublicae</em></span> <span class='ocrx_word' id='word_1_188' title='bbox 655 2897 881 2978; x_wconf 86' lang='lat' dir='ltr'><em>adversariae,</em></span> <span class='ocrx_word' id='word_1_189' title='bbox 912 2917 979 2964; x_wconf 88' lang='lat' dir='ltr'><em>non</em></span> <span class='ocrx_word' id='word_1_190' title='bbox 1002 2897 1110 2962; x_wconf 80' lang='lat' dir='ltr'><em>miuus</em></span> <span class='ocrx_word' id='word_1_191' title='bbox 1133 2917 1229 2979; x_wconf 86' lang='lat' dir='ltr'><em>quam</em></span> <span class='ocrx_word' id='word_1_192' title='bbox 1253 2896 1308 2962; x_wconf 88' lang='lat' dir='ltr'><em>alii</em></span> 
     </span>
     <span class='ocr_line' id='line_1_22' title="bbox 133 3007 1308 3092; baseline -0.003 -16"><span class='ocrx_word' id='word_1_193' title='bbox 133 3009 273 3076; x_wconf 90' lang='lat' dir='ltr'><em>subditi.</em></span> <span class='ocrx_word' id='word_1_194' title='bbox 320 3009 398 3076; x_wconf 85' lang='lat' dir='ltr'><em>Pars</em></span> <span class='ocrx_word' id='word_1_195' title='bbox 421 3024 550 3092; x_wconf 88' lang='lat' dir='ltr'><em>autem,</em></span> <span class='ocrx_word' id='word_1_196' title='bbox 585 3009 676 3091; x_wconf 92' lang='lat' dir='ltr'><em>quod</em></span> <span class='ocrx_word' id='word_1_197' title='bbox 697 3011 781 3076; x_wconf 86' lang='lat' dir='ltr'><em>hanc</em></span> <span class='ocrx_word' id='word_1_198' title='bbox 805 3007 1027 3092; x_wconf 88' lang='lat' dir='ltr'><em>quaestionem</em></span> <span class='ocrx_word' id='word_1_199' title='bbox 1051 3007 1188 3086; x_wconf 89' lang='lat' dir='ltr'><em>attinet,</em></span> <span class='ocrx_word' id='word_1_200' title='bbox 1213 3007 1308 3073; x_wconf 91' lang='lat' dir='ltr'><em>intel-</em></span> 
     </span>
     <span class='ocr_line' id='line_1_23' title="bbox 133 3117 1308 3206; baseline -0.002 -20"><span class='ocrx_word' id='word_1_201' title='bbox 133 3121 191 3206; x_wconf 83' lang='lat' dir='ltr'><em>llgi</em></span> <span class='ocrx_word' id='word_1_202' title='bbox 211 3120 351 3204; x_wconf 89' lang='lat' dir='ltr'><em>debent,</em></span> <span class='ocrx_word' id='word_1_203' title='bbox 376 3120 434 3202; x_wconf 92' lang='lat' dir='ltr'><em>qui</em></span> <span class='ocrx_word' id='word_1_204' title='bbox 456 3141 494 3187; x_wconf 92' lang='lat' dir='ltr'><em>eo</em></span> <span class='ocrx_word' id='word_1_205' title='bbox 516 3134 593 3190; x_wconf 86' lang='lat' dir='ltr'><em>sunt</em></span> <span class='ocrx_word' id='word_1_206' title='bbox 611 3121 685 3205; x_wconf 87' lang='lat' dir='ltr'><em>jure</em></span> <span class='ocrx_word' id='word_1_207' title='bbox 706 3136 745 3186; x_wconf 92' lang='lat' dir='ltr'><em>ut</em></span> <span class='ocrx_word' id='word_1_208' title='bbox 765 3121 805 3186; x_wconf 87' lang='lat' dir='ltr'><em>ad</em></span> <span class='ocrx_word' id='word_1_209' title='bbox 824 3120 997 3187; x_wconf 91' lang='lat' dir='ltr'><em>tuitionem</em></span> <span class='ocrx_word' id='word_1_210' title='bbox 1019 3120 1090 3205; x_wconf 83' lang='lat' dir='ltr'><em>ejus</em></span> <span class='ocrx_word' id='word_1_211' title='bbox 1108 3117 1308 3202; x_wconf 88' lang='lat' dir='ltr'><em>reipublicae</em></span> 
     </span>
     <span class='ocr_line' id='line_1_24' title="bbox 134 3229 1308 3315; baseline -0.006 -15"><span class='ocrx_word' id='word_1_212' title='bbox 134 3247 166 3300; x_wconf 88' lang='lat' dir='ltr'><em>et</em></span> <span class='ocrx_word' id='word_1_213' title='bbox 188 3233 313 3300; x_wconf 87' lang='lat' dir='ltr'><em>tributa</em></span> <span class='ocrx_word' id='word_1_214' title='bbox 336 3231 533 3302; x_wconf 86' lang='lat' dir='ltr'><em>conferenda</em></span> <span class='ocrx_word' id='word_1_215' title='bbox 556 3231 708 3315; x_wconf 90' lang='lat' dir='ltr'><em>compelli</em></span> <span class='ocrx_word' id='word_1_216' title='bbox 730 3232 868 3315; x_wconf 88' lang='lat' dir='ltr'><em>possint.</em></span> <span class='ocrx_word' id='word_1_217' title='bbox 913 3232 1023 3312; x_wconf 88' lang='lat' dir='ltr'><em>Nam,</em></span> <span class='ocrx_word' id='word_1_218' title='bbox 1055 3244 1094 3296; x_wconf 89' lang='lat' dir='ltr'><em>ut</em></span> <span class='ocrx_word' id='word_1_219' title='bbox 1116 3229 1308 3314; x_wconf 83' lang='lat' dir='ltr'><em>Agathias⁵</em></span> 
     </span>
     <span class='ocr_line' id='line_1_25' title="bbox 133 3339 1309 3426; baseline -0.003 -17"><span class='ocrx_word' id='word_1_220' title='bbox 133 3357 222 3410; x_wconf 90' lang='lat' dir='ltr'><em>recte</em></span> <span class='ocrx_word' id='word_1_221' title='bbox 256 3342 417 3426; x_wconf 87' lang='lat' dir='ltr'><em>explicat,</em></span> <span class='ocrx_word' id='word_1_222' title='bbox 449 3343 555 3412; x_wconf 90' lang='lat' dir='ltr'><em>hostis</em></span> <span class='ocrx_word' id='word_1_223' title='bbox 588 3361 656 3408; x_wconf 90' lang='lat' dir='ltr'><em>non</em></span> <span class='ocrx_word' id='word_1_224' title='bbox 679 3342 836 3409; x_wconf 88' lang='lat' dir='ltr'><em>natalium</em></span> <span class='ocrx_word' id='word_1_225' title='bbox 858 3345 931 3409; x_wconf 89' lang='lat' dir='ltr'><em>loco</em></span> <span class='ocrx_word' id='word_1_226' title='bbox 956 3341 1136 3408; x_wconf 90' lang='lat' dir='ltr'><em>censendus</em></span> <span class='ocrx_word' id='word_1_227' title='bbox 1157 3355 1227 3420; x_wconf 87' lang='lat' dir='ltr'><em>est,</em></span> <span class='ocrx_word' id='word_1_228' title='bbox 1251 3339 1309 3407; x_wconf 89' lang='lat' dir='ltr'><em>sed</em></span> 
     </span>
     <span class='ocr_line' id='line_1_26' title="bbox 134 3453 1307 3538; baseline -0.003 -18"><span class='ocrx_word' id='word_1_229' title='bbox 134 3474 175 3520; x_wconf 91' lang='lat' dir='ltr'><em>ex</em></span> <span class='ocrx_word' id='word_1_230' title='bbox 201 3454 336 3535; x_wconf 91' lang='lat' dir='ltr'><em>studio,</em></span> <span class='ocrx_word' id='word_1_231' title='bbox 355 3455 383 3520; x_wconf 91' lang='lat' dir='ltr'><em>si</em></span> <span class='ocrx_word' id='word_1_232' title='bbox 407 3475 443 3521; x_wconf 86' lang='lat' dir='ltr'><em>ea</em></span> <span class='ocrx_word' id='word_1_233' title='bbox 466 3453 564 3521; x_wconf 88' lang='lat' dir='ltr'><em>faciat</em></span> <span class='ocrx_word' id='word_1_234' title='bbox 593 3474 676 3536; x_wconf 88' lang='lat' dir='ltr'><em>quae</em></span> <span class='ocrx_word' id='word_1_235' title='bbox 699 3453 787 3522; x_wconf 92' lang='lat' dir='ltr'><em>hosti</em></span> <span class='ocrx_word' id='word_1_236' title='bbox 810 3455 941 3537; x_wconf 89' lang='lat' dir='ltr'><em>placent</em></span> <span class='ocrx_word' id='word_1_237' title='bbox 966 3468 1023 3519; x_wconf 90' lang='lat' dir='ltr'><em>aut</em></span> <span class='ocrx_word' id='word_1_238' title='bbox 1045 3453 1172 3520; x_wconf 91' lang='lat' dir='ltr'><em>hostem</em></span> <span class='ocrx_word' id='word_1_239' title='bbox 1201 3454 1307 3538; x_wconf 87' lang='lat' dir='ltr'><em>juvet.</em></span> 
     </span>
     <span class='ocr_line' id='line_1_27' title="bbox 134 3563 1414 3656; baseline -0.002 -24"><span class='ocrx_word' id='word_1_240' title='bbox 134 3566 238 3656; x_wconf 88' lang='lat' dir='ltr'><em>Quod</em></span> <span class='ocrx_word' id='word_1_241' title='bbox 269 3566 310 3633; x_wconf 90' lang='lat' dir='ltr'><em>ad</em></span> <span class='ocrx_word' id='word_1_242' title='bbox 339 3565 494 3632; x_wconf 89' lang='lat' dir='ltr'><em>mercium</em></span> <span class='ocrx_word' id='word_1_243' title='bbox 525 3580 726 3634; x_wconf 88' lang='lat' dir='ltr'><em>travectores</em></span> <span class='ocrx_word' id='word_1_244' title='bbox 757 3563 894 3648; x_wconf 78' lang='lat' dir='ltr'><em>attinet,</em></span> <span class='ocrx_word' id='word_1_245' title='bbox 920 3565 1121 3648; x_wconf 87' lang='lat' dir='ltr'><em>exploratum</em></span> <span class='ocrx_word' id='word_1_246' title='bbox 1146 3578 1195 3629; x_wconf 91' lang='lat' dir='ltr'><em>est</em></span> <span class='ocrx_word' id='word_1_247' title='bbox 1219 3563 1308 3648; x_wconf 89' lang='lat' dir='ltr'><em>apud</em></span> <span class='ocrx_word' id='word_1_248' title='bbox 1407 3571 1414 3580; x_wconf 92' lang='lat'>&#39;</span> 
     </span>
     <span class='ocr_line' id='line_1_28' title="bbox 133 3674 1308 3763; baseline -0.003 -19"><span class='ocrx_word' id='word_1_249' title='bbox 133 3679 309 3763; x_wconf 88' lang='lat' dir='ltr'><em>theologos</em></span> <span class='ocrx_word' id='word_1_250' title='bbox 338 3692 370 3744; x_wconf 90' lang='lat' dir='ltr'><em>et</em></span> <span class='ocrx_word' id='word_1_251' title='bbox 395 3678 649 3763; x_wconf 85' lang='lat' dir='ltr'><em>jurisconsultos</em></span> <span class='ocrx_word' id='word_1_252' title='bbox 673 3676 810 3762; x_wconf 85' lang='lat' dir='ltr'><em>obligari</em></span> <span class='ocrx_word' id='word_1_253' title='bbox 842 3676 1003 3743; x_wconf 90' lang='lat' dir='ltr'><em>neminem</em></span> <span class='ocrx_word' id='word_1_254' title='bbox 1028 3694 1068 3741; x_wconf 85' lang='lat' dir='ltr'><em>ex</em></span> <span class='ocrx_word' id='word_1_255' title='bbox 1091 3674 1208 3740; x_wconf 91' lang='lat' dir='ltr'><em>damno</em></span> <span class='ocrx_word' id='word_1_256' title='bbox 1231 3689 1308 3757; x_wconf 89' lang='lat' dir='ltr'><em>post</em></span> 
     </span>
     <span class='ocr_line' id='line_1_29' title="bbox 134 3785 1307 3871; baseline -0.003 -15"><span class='ocrx_word' id='word_1_257' title='bbox 134 3787 260 3856; x_wconf 89' lang='lat' dir='ltr'><em>factum</em></span> <span class='ocrx_word' id='word_1_258' title='bbox 292 3808 388 3858; x_wconf 88' lang='lat' dir='ltr'><em>suum</em></span> <span class='ocrx_word' id='word_1_259' title='bbox 420 3804 555 3869; x_wconf 86' lang='lat' dir='ltr'><em>secut0,</em></span> <span class='ocrx_word' id='word_1_260' title='bbox 590 3788 654 3855; x_wconf 90' lang='lat' dir='ltr'><em>nisi</em></span> <span class='ocrx_word' id='word_1_261' title='bbox 692 3788 750 3871; x_wconf 87' lang='lat' dir='ltr'><em>qui</em></span> <span class='ocrx_word' id='word_1_262' title='bbox 786 3806 913 3854; x_wconf 85' lang='lat' dir='ltr'><em>causam</em></span> <span class='ocrx_word' id='word_1_263' title='bbox 946 3785 1094 3867; x_wconf 86' lang='lat' dir='ltr'><em>dederit,</em></span> <span class='ocrx_word' id='word_1_264' title='bbox 1128 3805 1235 3868; x_wconf 89' lang='lat' dir='ltr'><em>neque</em></span> <span class='ocrx_word' id='word_1_265' title='bbox 1267 3805 1307 3852; x_wconf 82' lang='lat' dir='ltr'><em>ex</em></span> 
     </span>
     <span class='ocr_line' id='line_1_30' title="bbox 135 3895 1308 3982; baseline -0.003 -16"><span class='ocrx_word' id='word_1_266' title='bbox 135 3901 254 3967; x_wconf 89' lang='lat' dir='ltr'><em>damno</em></span> <span class='ocrx_word' id='word_1_267' title='bbox 278 3900 369 3982; x_wconf 91' lang='lat' dir='ltr'><em>quod</em></span> <span class='ocrx_word' id='word_1_268' title='bbox 390 3914 464 3967; x_wconf 88' lang='lat' dir='ltr'><em>ante</em></span> <span class='ocrx_word' id='word_1_269' title='bbox 486 3899 610 3967; x_wconf 85' lang='lat' dir='ltr'><em>factum</em></span> <span class='ocrx_word' id='word_1_270' title='bbox 635 3919 730 3966; x_wconf 90' lang='lat' dir='ltr'><em>suum</em></span> <span class='ocrx_word' id='word_1_271' title='bbox 755 3899 896 3979; x_wconf 86' lang='lat' dir='ltr'><em>accidit,</em></span> <span class='ocrx_word' id='word_1_272' title='bbox 920 3897 983 3963; x_wconf 84' lang='lat' dir='ltr'><em>ulsi</em></span> <span class='ocrx_word' id='word_1_273' title='bbox 1008 3897 1066 3980; x_wconf 91' lang='lat' dir='ltr'><em>qui</em></span> <span class='ocrx_word' id='word_1_274' title='bbox 1089 3917 1186 3964; x_wconf 85' lang='lat' dir='ltr'><em>causa</em></span> <span class='ocrx_word' id='word_1_275' title='bbox 1206 3895 1308 3963; x_wconf 88' lang='lat' dir='ltr'><em>fuerit</em></span> 
     </span>
     <span class='ocr_line' id='line_1_31' title="bbox 135 4008 1307 4096; baseline -0.002 -20"><span class='ocrx_word' id='word_1_276' title='bbox 135 4009 607 4096; x_wconf 87' lang='lat' dir='ltr'><em>impediendaerestitutionis.</em></span> <span class='ocrx_word' id='word_1_277' title='bbox 652 4011 773 4094; x_wconf 86' lang='lat' dir='ltr'><em>Neque</em></span> <span class='ocrx_word' id='word_1_278' title='bbox 793 4010 911 4077; x_wconf 89' lang='lat' dir='ltr'><em>sufficit</em></span> <span class='ocrx_word' id='word_1_279' title='bbox 929 4029 1058 4076; x_wconf 87' lang='lat' dir='ltr'><em>causam</em></span> <span class='ocrx_word' id='word_1_280' title='bbox 1078 4008 1204 4074; x_wconf 90' lang='lat' dir='ltr'><em>dedisse</em></span> <span class='ocrx_word' id='word_1_281' title='bbox 1224 4027 1307 4089; x_wconf 90' lang='lat' dir='ltr'><em>quo-</em></span> 
     </span>
     <span class='ocr_line' id='line_1_32' title="bbox 135 4116 1305 4205; baseline -0.005 -16"><span class='ocrx_word' id='word_1_282' title='bbox 135 4123 389 4205; x_wconf 88' lang='lat' dir='ltr'><em>modocunque,</em></span> <span class='ocrx_word' id='word_1_283' title='bbox 412 4122 469 4188; x_wconf 89' lang='lat' dir='ltr'><em>sed</em></span> <span class='ocrx_word' id='word_1_284' title='bbox 492 4138 529 4189; x_wconf 91' lang='lat' dir='ltr'><em>ut</em></span> <span class='ocrx_word' id='word_1_285' title='bbox 550 4122 646 4189; x_wconf 89' lang='lat' dir='ltr'><em>dolus</em></span> <span class='ocrx_word' id='word_1_286' title='bbox 679 4137 735 4189; x_wconf 85' lang='lat' dir='ltr'><em>aut</em></span> <span class='ocrx_word' id='word_1_287' title='bbox 757 4124 869 4188; x_wconf 88' lang='lat' dir='ltr'><em>saltem</em></span> <span class='ocrx_word' id='word_1_288' title='bbox 892 4121 989 4204; x_wconf 89' lang='lat' dir='ltr'><em>culpa</em></span> <span class='ocrx_word' id='word_1_289' title='bbox 1011 4120 1096 4188; x_wconf 87' lang='lat' dir='ltr'><em>adsit</em></span> <span class='ocrx_word' id='word_1_290' title='bbox 1117 4116 1305 4202; x_wconf 89' lang='lat' dir='ltr'><em>requiritur.</em></span> 
     </span>
     <span class='ocr_line' id='line_1_33' title="bbox 136 4230 1305 4322; baseline -0.007 -20"><span class='ocrx_word' id='word_1_291' title='bbox 136 4234 206 4322; x_wconf 91' lang='lat' dir='ltr'><em>Qui</em></span> <span class='ocrx_word' id='word_1_292' title='bbox 238 4233 339 4319; x_wconf 86' lang='lat' dir='ltr'><em>igitur</em></span> <span class='ocrx_word' id='word_1_293' title='bbox 371 4253 457 4300; x_wconf 87' lang='lat' dir='ltr'><em>arma</em></span> <span class='ocrx_word' id='word_1_294' title='bbox 488 4250 546 4302; x_wconf 84' lang='lat' dir='ltr'><em>aut</em></span> <span class='ocrx_word' id='word_1_295' title='bbox 577 4233 638 4300; x_wconf 85' lang='lat' dir='ltr'><em>alia</em></span> <span class='ocrx_word' id='word_1_296' title='bbox 671 4233 828 4316; x_wconf 87' lang='lat' dir='ltr'><em>quaevis,</em></span> <span class='ocrx_word' id='word_1_297' title='bbox 860 4251 945 4315; x_wconf 90' lang='lat' dir='ltr'><em>quae</em></span> <span class='ocrx_word' id='word_1_298' title='bbox 972 4231 1139 4315; x_wconf 92' lang='lat' dir='ltr'><em>proprium</em></span> <span class='ocrx_word' id='word_1_299' title='bbox 1166 4230 1200 4294; x_wconf 91' lang='lat' dir='ltr'><em>in</em></span> <span class='ocrx_word' id='word_1_300' title='bbox 1218 4230 1305 4295; x_wconf 92' lang='lat' dir='ltr'><em>hello</em></span> 
     </span>
    </p>
   </div>
   <div class='ocr_carea' id='block_1_3' title="bbox 134 4373 332 4386">
    <p class='ocr_par' dir='ltr' id='par_1_3' title="bbox 134 4373 332 4386">
     <span class='ocr_line' id='line_1_34' title="bbox 134 4373 332 4386; baseline 0 -4"><span class='ocrx_word' id='word_1_301' title='bbox 134 4373 332 4386; x_wconf 53' lang='grc' dir='ltr'>...η-...Μ</span> 
     </span>
    </p>
   </div>
   <div class='ocr_carea' id='block_1_4' title="bbox 137 4439 1306 4591">
    <p class='ocr_par' dir='ltr' id='par_1_4' title="bbox 137 4439 1306 4591">
     <span class='ocr_line' id='line_1_35' title="bbox 174 4439 1306 4503; baseline -0.003 -14"><span class='ocrx_word' id='word_1_302' title='bbox 174 4441 181 4471; x_wconf 88' lang='lat'>¹</span> <span class='ocrx_word' id='word_1_303' title='bbox 200 4441 226 4489; x_wconf 90' lang='lat' dir='ltr'><em>in</em></span> <span class='ocrx_word' id='word_1_304' title='bbox 244 4443 335 4490; x_wconf 88' lang='lat' dir='ltr'><em>summ.</em></span> <span class='ocrx_word' id='word_1_305' title='bbox 353 4453 451 4503; x_wconf 84' lang='lat' dir='ltr'><em>peccat.</em></span> <span class='ocrx_word' id='word_1_306' title='bbox 471 4443 496 4499; x_wconf 87' lang='lat' dir='ltr'><em>in</em></span> <span class='ocrx_word' id='word_1_307' title='bbox 514 4458 539 4491; x_wconf 91' lang='lat' dir='ltr'><em>v.</em></span> <span class='ocrx_word' id='word_1_308' title='bbox 558 4444 623 4492; x_wconf 86' lang='lat' dir='ltr'><em>Belli</em></span> <span class='ocrx_word' id='word_1_309' title='bbox 641 4445 737 4492; x_wconf 84' lang='lat' dir='ltr'><em>damna.</em></span> <span class='ocrx_word' id='word_1_310' title='bbox 771 4439 857 4490; x_wconf 70' lang='lat' dir='ltr'><em>2Pan.</em></span> <span class='ocrx_word' id='word_1_311' title='bbox 876 4442 922 4490; x_wconf 92' lang='lat' dir='ltr'><em>ibi.</em></span> <span class='ocrx_word' id='word_1_312' title='bbox 939 4441 1019 4488; x_wconf 89' lang='lat' dir='ltr'><em>Wilh.</em></span> <span class='ocrx_word' id='word_1_313' title='bbox 1037 4441 1117 4488; x_wconf 84' lang='lat' dir='ltr'><em>Math.</em></span> <span class='ocrx_word' id='word_1_314' title='bbox 1135 4453 1188 4500; x_wconf 92' lang='lat' dir='ltr'><em>req.</em></span> <span class='ocrx_word' id='word_1_315' title='bbox 1208 4452 1230 4488; x_wconf 81' lang='lat' dir='ltr'><em>a.</em></span> <span class='ocrx_word' id='word_1_316' title='bbox 1249 4452 1275 4498; x_wconf 91' lang='lat' dir='ltr'><em>p.</em></span> <span class='ocrx_word' id='word_1_317' title='bbox 1284 4451 1306 4486; x_wconf 83' lang='lat' dir='ltr'><em>t.</em></span> 
     </span>
     <span class='ocr_line' id='line_1_36' title="bbox 137 4529 1305 4591; baseline -0.003 -12"><span class='ocrx_word' id='word_1_318' title='bbox 137 4529 149 4560; x_wconf 80' lang='lat'><strong>³</strong></span> <span class='ocrx_word' id='word_1_319' title='bbox 171 4533 254 4580; x_wconf 82' lang='lat' dir='ltr'><em>hlber.</em></span> <span class='ocrx_word' id='word_1_320' title='bbox 273 4535 346 4581; x_wconf 89' lang='lat' dir='ltr'><em>Gent.</em></span> <span class='ocrx_word' id='word_1_321' title='bbox 366 4535 396 4581; x_wconf 90' lang='lat' dir='ltr'><em>de</em></span> <span class='ocrx_word' id='word_1_322' title='bbox 413 4531 468 4590; x_wconf 86' lang='lat' dir='ltr'><em>jure</em></span> <span class='ocrx_word' id='word_1_323' title='bbox 486 4533 547 4581; x_wconf 89' lang='lat' dir='ltr'><em>belli</em></span> <span class='ocrx_word' id='word_1_324' title='bbox 566 4535 582 4581; x_wconf 94' lang='lat' dir='ltr'><em>l.</em></span> <span class='ocrx_word' id='word_1_325' title='bbox 602 4549 624 4581; x_wconf 83' lang='lat'><em>2.</em></span> <span class='ocrx_word' id='word_1_326' title='bbox 645 4548 668 4582; x_wconf 90' lang='lat' dir='ltr'><em>c.</em></span> <span class='ocrx_word' id='word_1_327' title='bbox 688 4548 727 4582; x_wconf 78' lang='lat'><em>22.</em></span> <span class='ocrx_word' id='word_1_328' title='bbox 753 4533 764 4565; x_wconf 84' lang='lat'>⁴</span> <span class='ocrx_word' id='word_1_329' title='bbox 782 4534 843 4581; x_wconf 89' lang='lat' dir='ltr'><em>silv.</em></span> <span class='ocrx_word' id='word_1_330' title='bbox 862 4532 923 4580; x_wconf 86' lang='lat' dir='ltr'><em>inv.</em></span> <span class='ocrx_word' id='word_1_331' title='bbox 935 4531 1120 4591; x_wconf 86' lang='lat' dir='ltr'><em>Repressaliae.</em></span> <span class='ocrx_word' id='word_1_332' title='bbox 1139 4534 1160 4589; x_wconf 75' lang='lat'><em>§-</em></span> <span class='ocrx_word' id='word_1_333' title='bbox 1180 4542 1203 4585; x_wconf 83' lang='lat'><em>5.</em></span> <span class='ocrx_word' id='word_1_334' title='bbox 1229 4529 1270 4576; x_wconf 78' lang='lat'><em>⁵1.</em></span> <span class='ocrx_word' id='word_1_335' title='bbox 1284 4541 1305 4586; x_wconf 78' lang='lat'><em>³-</em></span> 
     </span>
    </p>
   </div>
   <div class='ocr_carea' id='block_1_5' title="bbox 1156 4624 1173 4681">
    <p class='ocr_par' dir='ltr' id='par_1_5' title="bbox 1156 4624 1173 4681">
     <span class='ocr_line' id='line_1_37' title="bbox 1156 4624 1173 4681; baseline 0 0"><span class='ocrx_word' id='word_1_336' title='bbox 1156 4624 1173 4681; x_wconf 80' lang='lat'><em>8</em></span> 
     </span>
    </p>
   </div>
   <div class='ocr_carea' id='block_1_6' title="bbox 0 0 1662 5494">
    <p class='ocr_par' dir='ltr' id='par_1_6' title="bbox 0 0 1662 5494">
     <span class='ocr_line' id='line_1_38' title="bbox 0 0 1662 5494; baseline 0 0"><span class='ocrx_word' id='word_1_337' title='bbox 0 0 1662 5494; x_wconf 95' lang='lat' dir='ltr'><em> </em></span> 
     </span>
    </p>
   </div>
  </div>
 </body>
</html>
