3326 5506
641 601 689 647 DE
711 601 806 668 June,
831 600 1014 646 annuunt.
1039 600 1120 647 CAP.
1145 601 1211 647 ΧΙΙ.

351 768 442 827 intento
472 775 523 826 ot
546 757 668 842 justior
688 762 722 837 ¹,
746 775 843 838 quam
872 755 928 820 ille
953 755 1157 822 Graecorum
1184 755 1217 820 in
1238 756 1417 835 barbaros,
1444 775 1518 836 qno

354 873 502 938 ttuatsius
517 867 531 904 ²
549 869 711 951 respexit:

578 979 635 1044 An
658 979 790 1046 distant
813 983 898 1064 quia
921 977 1148 1065 dissidentque
1170 999 1272 1044 mores

578 1094 729 1177 Injustas
752 1094 841 1155 acies
864 1103 896 1155 et
912 1090 1109 1177 sarabella
1132 1105 1283 1169 monent,

578 1203 797 1288 Alternisque
819 1202 938 1270 solunt
956 1205 1074 1288 perire
1096 1201 1204 1268 telis?

579 1315 659 1379 Non
682 1325 730 1378 est
743 1313 843 1398 justa
867 1317 951 1378 satis
975 1317 1139 1382 saevitiae
1161 1318 1263 1378 ratio.

386 1429 449 1496 ists
479 1443 586 1493 autem
610 1440 644 1492 et
665 1423 817 1490 Thomas
840 1437 874 1490 et
895 1423 1030 1490 concilii
1065 1423 1223 1491 Toletani
1246 1440 1279 1491 et
1303 1423 1459 1510 Gregorii
1482 1440 1521 1489 et

340 1543 594 1625 theologorum,
632 1536 898 1618 canonistarum,
938 1536 1303 1622 jurisprudentiumque
1341 1534 1409 1601 fere
1443 1555 1520 1601 om-

340 1653 432 1720 nium
451 1656 464 1692 ³
483 1649 653 1717 conclusio
685 1663 754 1714 est:
801 1664 1094 1730 quantumcunque
1129 1647 1211 1715 fides
1246 1647 1436 1714 annuntiata
1471 1647 1522 1714 sit

341 1763 487 1833 barbaris
518 1763 609 1846 (narn
643 1761 684 1828 de
716 1759 769 1825 bis
800 1760 860 1842 qui
892 1759 1018 1825 subditi
1049 1777 1122 1827 ante
1153 1759 1291 1826 fuctum
1314 1760 1521 1826 Christianis

340 1873 571 1956 Principibus,
595 1871 672 1936 item
700 1871 740 1938 de
763 1872 922 1955 apostatis
941 1872 1004 1936 alia
1035 1887 1085 1938 est
1105 1871 1276 1957 quaestio)
1301 1871 1523 1956 probabiliter

343 2001 375 2052 et
397 1983 616 2063 sufficienter,
640 1982 717 2050 etsi
738 1983 906 2049 noluerint
924 2003 992 2048 eam
1013 1983 1179 2066 recipere,
1203 2001 1269 2050 non
1289 1997 1395 2049 tamen
1415 1983 1521 2049 licere

342 2096 549 2162 hortatione
573 2113 630 2160 eos
653 2095 741 2161 bello
764 2094 918 2178 persequi
942 2108 976 2160 et
998 2095 1140 2178 spoliare
1162 2095 1259 2162 bonis
1281 2095 1361 2162 suis.
1386 2095 1520 2179 Operae

343 2208 484 2292 pretinm
517 2220 567 2274 est
598 2205 632 2272 in
663 2207 745 2272 hanc
778 2227 844 2271 rein
877 2206 948 2289 ipsa
979 2205 1128 2290 Caietani
1153 2211 1165 2248 ⁴
1191 2207 1291 2274 verba
1320 2206 1519 2273 describere.

346 2318 514 2406 Quidam,
548 2318 616 2398 ait,
639 2315 786 2400 infideles
810 2339 867 2383 nec
889 2317 1028 2404 dejure
1050 2341 1107 2384 nea
1129 2318 1169 2385 de
1183 2319 1283 2404 facto
1305 2320 1446 2384 subsunt
1468 2340 1521 2383 se-

343 2431 486 2498 cundum
510 2429 721 2515 temporalem
747 2429 1020 2514 jurisdictionem
1045 2430 1261 2516 Principibus
1285 2427 1519 2510 Christianis,

345 2557 382 2608 ut
404 2546 434 2608 si
455 2543 676 2609 inveniuntur
701 2544 856 2627 pagani,
889 2544 949 2626 qui
981 2562 1161 2626 numquam
1192 2545 1329 2628 irnperio
1362 2543 1517 2606 Romano

345 2653 470 2721 subditi
494 2652 666 2738 fuerunt,
698 2664 813 2717 terras
843 2653 1058 2734 habitantes,
1080 2656 1118 2717 in
1141 2652 1259 2738 quibus
1283 2651 1520 2718 Christianum

344 2785 524 2850 numquam
558 2763 635 2848 fuit
668 2783 794 2830 nomen.
842 2764 971 2829 Horum
1005 2784 1150 2850 namque
1181 2763 1328 2844 domini,
1363 2768 1521 2851 quamtis

343 2875 511 2960 infideles,
545 2873 688 2962 legitimi
710 2874 836 2942 domini
857 2889 956 2956 sunt,
992 2879 1060 2943 sire
1082 2875 1194 2963 reguli
1216 2879 1283 2943 sire
1300 2877 1440 2962 politico
1464 2898 1521 2942 re-

340 2993 466 3078 gimine
494 2987 759 3074 gubernantur:
791 3007 848 3051 nec
880 2999 958 3051 sunt
985 3001 1130 3073 propter
1157 2985 1392 3071 infidelitatem
1416 3010 1437 3053 a
1461 2987 1523 3054 da-

344 3103 445 3166 minio
470 3119 603 3165 suorum
624 3101 783 3184 prirati,
817 3117 918 3183 quum
941 3096 1124 3164 dominium
1147 3103 1192 3164 sit
1216 3119 1257 3164 ea
1270 3099 1356 3184 jure
1372 3103 1522 3185 positivo

298 3229 301 3237 ·
344 3225 376 3278 et
398 3209 582 3293 infidelitas
605 3229 647 3274 ert
668 3208 782 3277 dirlno
796 3211 903 3294 jure,
927 3209 1017 3296 quod
1037 3231 1101 3275 non
1124 3209 1217 3275 tollit
1230 3212 1291 3296 jus
1310 3213 1520 3296 positivum,

346 3338 383 3390 ut
415 3325 567 3407 superius
598 3324 636 3384 in
669 3323 862 3405 quaestione
894 3322 1046 3386 habiturn
1070 3336 1130 3388 est.
1177 3321 1227 3393 Et
1250 3321 1290 3387 de
1311 3323 1363 3386 bis
1386 3321 1520 3387 nullam

344 3439 409 3502 scio
433 3434 533 3520 legem
557 3431 669 3518 quoad
689 3431 900 3516 temporalia.
940 3431 1068 3497 Contra
1087 3434 1143 3498 bos
1163 3433 1278 3498 nullus
1299 3453 1379 3512 rer,
1403 3433 1522 3499 nullus

344 3551 554 3634 imperator,
588 3565 645 3608 nec
677 3542 813 3608 ecclesia
847 3543 1003 3608 Romanu
1029 3557 1138 3629 potest
1172 3565 1300 3613 morere
1328 3544 1447 3610 bellum
1472 3545 1526 3612 ad

346 3656 552 3744 occupandas
584 3669 698 3720 terras
728 3675 839 3721 eorum
863 3667 925 3719 aut
948 3655 1163 3741 subjiciendos
1187 3677 1238 3721 eos
1261 3654 1522 3742 temporaliter,

343 3863 539 3878 u*-

380 3975 437 4042 ι’ν.
455 3995 531 4053 Vasq.
548 4003 666 4041 controv.
684 3993 775 4041 illustr.
794 4007 816 4040 c.
836 4006 875 4054 as.
893 3993 961 4041 Vict.
980 3993 1011 4040 de
1030 3991 1108 4040 Indis.
1127 4005 1153 4051 p.
1163 4005 1186 4040 a.
1196 4005 1220 4038 n.
1233 4005 1270 4039 10.
1306 3989 1317 4022 ¹
1333 3993 1445 4040 decons.
1456 3991 1525 4050 phil.

345 4086 490 4148 1.4.in4
508 4095 567 4132 met.
585 4084 622 4145 [p.
640 4084 697 4132 286.
715 4097 753 4132 vs.
772 4084 808 4146 7.]
844 4082 964 4132 ’Thon
983 4097 1006 4131 e.
1025 4097 1048 4132 u
1067 4097 1092 4143 q.
1114 4097 1151 4130 ιο.
1169 4095 1215 4131 art.
1233 4085 1256 4130 8.
1275 4083 1366 4130 Mettis.
1388 4095 1426 4129 ro.
1445 4094 1523 4138 nnc.

345 4180 377 4228 de
394 4175 504 4240 Judacis.
523 4175 581 4223 dist.
599 4187 640 4235 4⁵·
660 4173 748 4238 [Dect.
768 4176 836 4223 Grae.
853 4189 879 4236 p.
901 4188 922 4222 1.
938 4187 980 4236 4⁵·
1000 4173 1035 4237 s.]
1056 4187 1079 4222 c.
1097 4175 1141 4234 qui
1160 4174 1267 4223 sincera.
1285 4174 1342 4222 eud·
1361 4173 1420 4222 dist.
1434 4172 1470 4235 [c.
1481 4175 1521 4234 3.]

347 4273 434 4320 innoc.
456 4269 481 4316 d.
499 4269 568 4314 loco.
585 4267 650 4314 sare
670 4267 735 4314 adl.
756 4279 776 4313 ι.
796 4267 824 4314 C.
844 4267 875 4314 de
893 4279 949 4326 pag.
969 4266 1011 4327 [C.
1033 4279 1053 4313 ι.
1075 4265 1125 4327 11.]
1145 4267 1251 4314 Covarr.
1270 4267 1310 4313 ad.
1330 4277 1353 4312 c.
1371 4277 1521 4324 peccatum.

346 4376 371 4422 p.
399 4373 421 4408 α.
440 4362 461 4417 §-
485 4372 509 4418 9·
532 4369 556 4404 et
582 4359 716 4417 10.Ayaia
743 4355 848 4414 dejure
867 4355 936 4404 belli.
955 4359 971 4404 1.
993 4371 1013 4404 1.
1032 4371 1054 4404 c.
1074 4371 1097 4412 a,
1116 4371 1142 4404 n.
1162 4359 1201 4403 ab.
1234 4355 1295 4403 ⁴ad
1314 4358 1404 4403 Susum.
1424 4355 1521 4404 Thous.

349 4467 370 4502 a.
391 4465 413 4499 a.
431 4464 455 4509 q.
474 4449 514 4496 66.
533 4459 578 4496 nrt.
598 4450 620 4495 8.
