3316 5494
362 627 421 692 126
670 641 716 688 mr
740 636 832 706 Juutt
859 637 1148 688 autumabunt.
1174 639 1223 684 rx.

358 798 427 864 Ima
453 811 603 886 gerunt,
627 795 819 882 quodjuris
842 792 1048 882 adipiscendi
1072 796 1194 881 gratia
1212 806 1347 881 gerunt.
1391 793 1476 858 Nam
1494 791 1530 860 in

357 908 521 990 subditis,
557 923 595 974 ut
617 908 725 974 dicere
752 906 941 988 occepimus
962 907 991 985 ¹,
1014 905 1209 989 obsequium
1230 918 1412 988 spectatur,
1436 905 1531 987 quod

357 1020 390 1086 in
409 1021 482 1105 jure
504 1019 675 1104 pontificio
687 1016 841 1104 Gregorii
852 1017 986 1085 verbis²
1006 1016 1216 1101 exprimitur:
1240 1037 1367 1081 summa
1383 1016 1531 1082 militiae

356 1132 432 1199 laus
454 1135 546 1198 t‘nttr
567 1130 640 1196 alia
664 1131 747 1195 bona
769 1131 891 1194 merita
911 1129 1074 1211 harvest,
1099 1127 1313 1194 obedientiam
1324 1128 1531 1214 reipublicae

357 1243 566 1309 utilitatibus
585 1241 749 1308 exhibere.
773 1240 883 1327 Quare
904 1255 937 1306 et
956 1242 996 1306 ab
1018 1239 1072 1306 bis
1092 1239 1203 1307 abesse
1224 1239 1342 1306 debent
1362 1260 1421 1322 ea,
1442 1261 1529 1322 quae

355 1374 373 1420 a
403 1352 597 1422 voluntariis
630 1351 838 1418 removimus.
885 1351 971 1418 Sunt
999 1365 1105 1417 autem
1126 1349 1198 1418 istis
1217 1349 1308 1418 vitiis
1330 1351 1439 1419 affines
1460 1350 1528 1419 fere

355 1465 568 1546 mercenarii,
600 1479 638 1531 ut
670 1464 764 1529 Plato
796 1459 869 1528 'ex
896 1461 1041 1546 Tyrtaeo
1070 1462 1210 1545 probat,
1234 1461 1291 1544 qui
1313 1462 1439 1530 scilicet
1456 1466 1527 1530 sola

355 1599 412 1662 spe
441 1576 525 1644 lucri
552 1575 697 1660 pericula
716 1587 930 1641 contemnunt
951 1571 974 1639 ⁴.
1018 1571 1214 1657 Antiphanis
1233 1579 1244 1614 ⁵
1264 1593 1332 1640 non
1360 1572 1527 1660 inelegans

354 1710 470 1758 versus
490 1704 538 1757 est
556 1689 595 1755 de
613 1687 734 1754 milite:

587 1798 617 1876 ie
637 1799 722 1868 irruat
741 1804 792 1868 τοῦ
814 1799 865 1881 ζῆν
884 1797 980 1882 tigre*
1000 1800 1234 1881 ἀποθανούμενος.

540 1907 606 1994 Qui
627 1923 737 1995 nempe
758 1911 865 1976 ritum
888 1921 926 1972 ut
946 1921 1091 1992 quaerat
1113 1911 1150 1972 m
1172 1913 1306 1974 mortem
1329 1911 1414 1974 ruit.

392 2024 472 2089 Non
491 2035 540 2088 est
551 2005 689 2088 vetitum
702 2018 799 2086 militi
821 2018 935 2088 salaria
953 2017 1098 2102 accipere
1119 2032 1203 2086 teste
1224 2021 1372 2101 Paulo·‚
1395 2020 1429 2086 in
1451 2020 1526 2104 qui·

265 2208 268 2214 ,
353 2135 415 2201 bus
445 2133 540 2200 etiam
561 2131 711 2217 praedam
734 2129 963 2214 comprehendi
983 2127 1147 2215 largiente
1167 2130 1334 2214 republica
1365 2147 1423 2198 aut
1458 2153 1524 2198 ma-

354 2243 491 2330 gistratu
530 2243 673 2310 diximus
713 2257 745 2308 et
786 2240 931 2308 dicemus
951 2249 974 2306 ⁷.
1020 2240 1085 2307 Sed
1113 2242 1202 2308 hunc
1232 2241 1443 2326 praecipuum
1463 2243 1524 2310 tibi

352 2375 486 2440 scopum
506 2374 710 2439 proponere,
732 2367 769 2419 ut
790 2373 829 2418 ex
848 2351 966 2436 praeda
991 2353 1118 2418 lucrum
1137 2352 1260 2436 facias,
1283 2354 1443 2422 vitiosum
1464 2371 1522 2423 est.

353 2466 509 2533 Similiter
530 2484 608 2545 eos,
630 2464 688 2547 qui
706 2463 814 2531 officio
835 2463 970 2546 publico
989 2461 1194 2547 funguntur,
1218 2465 1360 2548 accipere
1383 2467 1522 2534 bonora-

351 2577 399 2643 ria
420 2591 508 2642 recte
528 2575 649 2643 scimus
670 2590 702 2641 et
721 2576 754 2640 in
775 2575 828 2640 bis
845 2574 1005 2640 interdum
1026 2576 1164 2641 mulctas
1186 2575 1320 2643 civium.
1366 2577 1521 2661 Iniquum

352 2687 436 2755 enim
456 2702 540 2754 esset
560 2686 676 2754 serviri
696 2685 840 2752 omnium
862 2684 1061 2752 utilitatibus
1080 2686 1195 2752 damno
1214 2686 1403 2754 uniusrsed
1423 2691 1521 2756 alium

351 2816 457 2866 tamen
479 2798 574 2865 finem
593 2787 801 2882 magistratus
824 2817 1005 2881 proponere
1028 2795 1091 2862 sibi
1112 2797 1229 2878 debet,
1253 2798 1375 2865 bonum
1398 2801 1523 2868 scilicet

349 2907 529 2991 publicum.
575 2907 650 2972 Hoc
669 2905 776 2990 ipsum
800 2905 907 2971 voluit
926 2907 1136 2991 Augustinus
1157 2906 1184 2973 ⁸:
1207 2909 1359 2976 militare
1389 2935 1454 2977 non
1477 2927 1524 2979 ert

349 3019 524 3098 delicium,
557 3017 614 3084 sed
636 3031 779 3103 propter
804 3016 968 3101 praedam
1001 3018 1152 3084 militare
1175 3035 1347 3105 peccatum
1371 3037 1443 3089 est:
1468 3047 1523 3090 rtet

349 3129 585 3216 rempublicam
615 3147 732 3213 gerere
761 3130 973 3192 criminosum
996 3141 1066 3209 ert,
1090 3129 1147 3195 sad
1165 3130 1236 3196 ideo
1256 3153 1374 3218 gerere
1393 3149 1523 3219 rempu-

349 3240 469 3306 blicam
503 3251 541 3303 ut
571 3236 710 3305 diritius
743 3258 866 3322 augeas
889 3237 1024 3305 ridetur
1046 3261 1110 3306 essa
1129 3240 1332 3308 damnabile·
1378 3244 1424 3310 Hi
1443 3266 1522 3313 vero

350 3350 408 3433 qui
431 3351 582 3414 damnum
605 3347 692 3430 passi
713 3361 790 3414 sunt
811 3346 897 3430 ipsi,
921 3349 1081 3416 hoedum
1110 3367 1277 3435 reparant,
1302 3354 1397 3420 etiam
1420 3377 1521 3440 prop·

348 3477 397 3527 ter
417 3460 565 3543 praedam
588 3472 676 3524 recte
709 3457 873 3539 militant,
897 3459 960 3525 boc
993 3475 1041 3528 est
1068 3478 1201 3546 propter
1217 3464 1300 3549 juris
1331 3465 1382 3532 sui
1406 3487 1521 3535 conse·

347 3572 535 3653 curionem,
571 3590 654 3653 quae
688 3568 722 3635 in
754 3569 871 3652 praeda
900 3570 1059 3639 consistit.
1113 3574 1178 3640 Sed
1201 3576 1292 3657 quod
1313 3576 1457 3644 diximus
1481 3578 1519 3644 de

263 3693 265 3699 ’
315 3730 317 3734 -
347 3682 445 3750 animi
476 3680 673 3747 rectitudine
703 3679 736 3745 in
764 3700 831 3747 eam
866 3694 993 3748 tantum
1025 3684 1244 3768 cognitionem
1283 3687 1393 3767 verrit,
1435 3710 1518 3772 quae

347 3793 561 3878 cogitationes
589 3789 775 3875 introspicit
794 3799 830 3872 ⁹,
864 3792 999 3859 horest
1024 3795 1081 3860 ubi
1107 3795 1200 3862 Deus
1222 3797 1262 3861 de
1283 3796 1441 3878 homine,
1464 3813 1520 3864 aut

283 3891 286 3898 ’
346 3906 445 3971 homo
468 3904 507 3970 de
531 3923 599 3969 sese
620 3903 755 3988 judicat.
800 3904 845 3968 At
867 3905 895 3968 si
921 3904 1052 3986 quando
1075 3905 1108 3972 in
1129 3905 1235 3973 forum
1252 3927 1304 3975 res
1320 3907 1381 3974 ista
1393 3909 1518 3990 veniat,

346 4031 425 4100 puta
447 4016 474 4081 si
497 4030 632 4100 pacatus
654 4013 775 4096 aliquis
791 4014 893 4099 judex
915 4014 954 4080 de
987 4016 1105 4099 praede
1137 4017 1308 4099 decernat,
1342 4018 1519 4086 omittenda

345 4183 535 4193 ἡ..

379 4273 388 4306 ¹
406 4273 487 4334 princ.
504 4287 558 4334 cap.
593 4269 603 4304 ²
622 4286 644 4321 c.
662 4276 708 4323 ult.
727 4285 767 4329 23.
786 4286 808 4321 1.
826 4270 913 4337 [Βοῦν.
932 4276 1001 4324 Grac.
1015 4289 1041 4336 p.
1057 4275 1093 4338 a]
1129 4275 1140 4309 ⁸
1158 4279 1189 4327 de
1205 4280 1269 4338 legg.
1284 4280 1301 4326 l.
1321 4291 1343 4327 1.
1364 4277 1402 4340 [p.
1417 4277 1517 4340 asub]

343 4364 354 4396 ⁴
373 4365 435 4414 silv.
451 4365 711 4425 inv.Bellum.§.10.
729 4366 813 4413 concl.
829 4377 854 4425 4.
872 4362 953 4421 Caiet.
972 4365 998 4414 ln
1016 4369 1108 4416 summ.
1126 4381 1199 4428 pecc.
1216 4367 1242 4416 in
1260 4382 1287 4418 v.
1303 4369 1400 4417 Bellum
1410 4368 1518 4418 dubium.

344 4455 430 4520 ⁶[ap.
455 4455 525 4503 stob.
553 4455 628 4503 floril.
652 4456 669 4502 l.
688 4455 822 4516 53·n·9·]
864 4453 953 4503 ⁸C0r.
975 4469 995 4504 1.
1014 4471 1038 4520 9.
1056 4469 1080 4515 7.
1112 4455 1281 4519 ⁷c.4etc.
1301 4470 1339 4507 ro.
1372 4456 1433 4509 ⁸de
1451 4459 1518 4508 verb.

343 4549 419 4596 Dom.
430 4545 522 4596 citatur
539 4545 564 4593 in
583 4555 607 4594 c.
616 4543 732 4593 militare.
750 4541 839 4618 [beer.
858 4545 926 4593 Grac
943 4559 969 4605 p.
986 4559 1009 4595 ο.
1026 4559 1065 4605 23·
1086 4562 1107 4597 r.
1119 4547 1153 4612 5·]
1190 4547 1282 4599 ⁰scot.
1299 4550 1518 4612 15.dist.41.q.4.
