3362 5504
344 590 406 668 30⁶
636 611 682 656 oe
706 613 800 678 June
826 612 1008 658 urrunnu.
1035 611 1114 656 cnr.
1140 611 1217 656 xm.

341 759 520 842 linquunt,
545 763 608 830 hoc
632 765 794 830 interest?
840 767 925 839 Vere
947 765 1107 831 Platonici
1131 763 1255 829 ¹:Cbnr
1275 783 1390 828 nocere
1408 762 1520 828 elteri

342 871 506 936 mulorum
540 880 680 940 emnium
714 881 897 942 marimum
921 882 989 958 sit,
1013 877 1116 941 multo
1137 879 1280 961 grunius
1304 887 1375 954 est,
1404 879 1434 938 si
1458 879 1521 960 qui

343 998 433 1050 nocet
466 987 588 1052 habeat
618 991 773 1072 impune,
799 993 1007 1076 graviusque
1030 1003 1061 1053 et
1084 988 1237 1052 acerbius
1262 1001 1309 1052 est
1334 991 1423 1051 omni
1445 997 1523 1072 sup·

339 1096 465 1183 plicio,
495 1103 524 1162 si
548 1102 646 1163 noxio
670 1103 853 1184 impunitus
878 1100 1079 1184 deferatur,
1109 1121 1166 1164 nec
1189 1101 1356 1164 bominum
1382 1102 1522 1164 iuterim

346 1209 633 1277 animaduersione
660 1211 849 1297 plectatur.
898 1212 992 1300 Quin
1027 1227 1072 1276 et·
1088 1211 1256 1294 theologis
1288 1211 1411 1276 nostris
1445 1229 1525 1276 auc-

344 1321 473 1387 toribus
507 1339 539 1388 et
571 1325 851 1406 praestantissimo
885 1327 1115 1409 theologorum
1150 1323 1345 1408 Augustino
1365 1327 1400 1402 ²,
1423 1323 1522 1388 etiam

347 1434 426 1518 ipsis
460 1435 586 1517 aliquid
618 1446 842 1519 praestamus,
878 1458 962 1520 quos
995 1449 1118 1502 terrore
1152 1435 1341 1518 repellimus
1376 1456 1416 1500 ne
1441 1437 1525 1501 mule

346 1545 475 1612 faciant.
523 1549 633 1633 Cujus
659 1565 691 1615 et
714 1549 776 1614 alia
796 1555 807 1588 ³
829 1550 861 1615 in
887 1550 1034 1615 eumdem
1057 1569 1187 1616 sensum
1218 1546 1331 1612 referri
1360 1563 1523 1631 possunt:

349 1657 415 1742 Qui
447 1665 541 1728 uitiis
574 1661 765 1728 nutriendis
790 1666 908 1747 percit
940 1677 971 1727 et
994 1661 1095 1745 fauet
1125 1683 1164 1725 ne
1186 1664 1362 1726 contristet
1379 1675 1524 1745 percon*

347 1776 432 1836 tium
465 1773 693 1854 uoluntatem,
727 1788 797 1838 tum
831 1795 894 1838 non
926 1787 973 1838 est
1006 1777 1219 1852 misericors,
1250 1794 1350 1858 quum
1376 1777 1436 1864 qui
1459 1793 1525 1836 non

347 1884 421 1950 rult
453 1885 600 1949 cultrum
635 1900 755 1972 rapere
780 1900 884 1971 puero
918 1907 956 1949 nc
989 1884 1112 1950 audiat
1140 1886 1356 1970 plorantem,
1392 1899 1424 1948 et
1458 1906 1521 1948 non

348 2001 441 2061 timet
474 2019 514 2062 ne
544 1998 760 2065 uulneratum
793 1997 906 2064 rideat
939 1996 993 2064 rel
1025 2002 1220 2062 extinctum.
1276 1997 1357 2062 Item
1389 1993 1421 2060 ⁴:
1465 1997 1525 2062 ΙΙΙ·

348 2123 458 2173 autern
493 2114 551 2194 qui
581 2131 635 2178 nos
653 2126 717 2195 pro
741 2124 835 2174 tento
860 2109 978 2174 scelere
1001 2124 1071 2175 tam
1095 2110 1217 2175 leniter
1240 2109 1440 2174 domnorum
1463 2108 1523 2172 ud·

349 2222 605 2302 monitionibus,
639 2222 692 2289 rel
712 2221 880 2301 locorum,
913 2222 1168 2301 veternorum,
1200 2221 1254 2288 uel
1269 2225 1435 2305 pecuniae
1449 2225 1525 2306 pri-

349 2337 483 2400 tatione
514 2332 725 2398 deterrendos
747 2332 1001 2418 coercendosque
1025 2333 1230 2414 decernunt,
1266 2346 1304 2396 ut
1339 2336 1526 2419 cogitantes

350 2448 536 2530 quereistu
555 2449 762 2530 patiamini,
776 2445 991 2532 sacrilegium
1015 2459 1161 2512 restrum
1185 2448 1353 2530 cognitum
1370 2443 1525 2529 fugiatis

350 2571 381 2622 et
404 2557 446 2622 ub
471 2571 609 2622 cctcrnu
633 2556 847 2622 damnatione
871 2557 1079 2639 liberemini,
1105 2556 1356 2643 diligentissimi
1380 2569 1526 2620 rectores

351 2684 382 2734 ct
409 2672 556 2754 piissimi
586 2667 787 2733 consultores
820 2668 1038 2754 deputantur.
1083 2668 1301 2734 Conveniunt
1334 2669 1414 2733 baec
1452 2688 1525 2733 curn

352 2781 556 2865 Hieronymo
568 2831 579 2862 ,
604 2780 663 2862 qui
688 2780 727 2846 ‘ad
741 2780 966 2862 Zophoniam:
992 2781 1030 2845 Si
1042 2785 1116 2865 quis
1120 2779 1364 2864 fortitudinem
1379 2780 1525 2844 latronis

350 2894 404 2960 rel
419 2891 564 2979 piretue'
583 2908 721 2960 enervet
744 2908 775 2958 et
798 2890 945 2975 infirmos
969 2892 1103 2972 reddit,
1131 2893 1267 2978 prodest
1291 2893 1362 2956 illis
1386 2913 1449 2956 sua
1474 2896 1526 2956 iu-

346 3003 521 3088 firmitas:
555 3005 735 3070 debilitate
767 3009 851 3069 enim
884 3005 1051 3084 membra,
1085 3005 1203 3089 quibus
1230 3009 1331 3090 prius
1361 3025 1426 3068 non
1450 3005 1527 3068 bene

354 3118 558 3198 utebantur,
584 3140 604 3182 a
629 3117 715 3182 mulo
740 3131 833 3202 opere
855 3118 1037 3182 cessabunt.
1063 3116 1184 3182 Civilis
1205 3115 1525 3199 autemprudcntia,

353 3251 435 3311 quae
465 3214 576 3295 omnes
604 3229 682 3294 belli
703 3228 857 3295 articulos
878 3229 1062 3310 examinat,
1087 3228 1167 3294 satis
1193 3227 1339 3294 ostendit
1357 3227 1526 3292 lenitatem

353 3356 409 3406 aut
432 3341 528 3406 initio
548 3341 746 3421 convenire,
760 3340 903 3406 autfini:
917 3341 1012 3406 initio
1022 3341 1156 3422 quidem
1166 3389 1178 3422 ‚
1190 3355 1229 3406 ut
1238 3339 1324 3406 fama
1335 3340 1528 3406 clementiae

353 3453 573 3518 sollicitentur
593 3453 738 3520 hostium
762 3453 879 3520 animi:
905 3453 962 3518 fini
986 3473 1088 3533 vero,
1113 3467 1150 3517 ut
1162 3467 1253 3536 parta
1270 3453 1335 3536 jam
1349 3453 1528 3518 securitate

352 3567 433 3632 victi
453 3565 581 3632 facilius
597 3566 843 3632 contineantur:
867 3566 983 3632 mediis
995 3580 1102 3631 autern
1116 3564 1322 3648 temporibus
1335 3579 1368 3629 et
1380 3563 1529 3630 fervente

352 3678 499 3760 periculo
522 3678 606 3743 nihil
625 3679 810 3744 consultius
830 3694 962 3744 terrore.
1006 3678 1075 3761 Jnm
1096 3698 1176 3742 vero
1196 3675 1528 3758 depraedationibus

275 3779 277 3784 ’
353 3789 484 3872 proprie
516 3790 710 3869 videamus,
745 3811 903 3871 quaenam
935 3791 1115 3868 honestae,
1151 3809 1234 3871 quae
1267 3801 1381 3854 contra
1414 3803 1527 3870 turpes

353 3915 452 3983 atque
485 3900 619 3966 infames
651 3901 818 3966 habendae
851 3903 939 3983 sint,
973 3902 1052 3984 quia
1086 3901 1273 3966 discrimine
1297 3901 1362 3965 boc
1386 3898 1527 3966 confuso

352 4012 627 4095 pernitiosissime
658 4013 761 4096 vulgo
794 4029 938 4094 erratur,
973 4014 1050 4078 dum
1083 4029 1140 4079 aut
1171 4015 1291 4078 malum
1325 4013 1388 4077 sub
1412 4013 1528 4077 umbra

220 4143 339 4239 {gurm
355 4125 433 4190 boni
457 4123 572 4189 similis
602 4121 785 4201 delitescit,
818 4138 873 4189 atat
898 4124 930 4188 id
954 4125 1044 4205 quod
1067 4138 1191 4188 rectum
1217 4137 1265 4188 est
1287 4121 1393 4188 vicini
1416 4121 1528 4228 probri

356 4305 532 4314 -ι--φ-...ι-

389 4397 494 4455 ¹Apul.
518 4396 548 4443 de
573 4395 666 4455 philos.
692 4397 811 4446 Platonis.
832 4399 897 4458 [vol.
917 4411 939 4445 α.
956 4411 983 4456 p.
999 4395 1067 4459 244]
1104 4393 1213 4456 'Epist
1235 4409 1290 4456 154.
1309 4398 1341 4444 ad
1359 4396 1528 4444 Publicolam.

353 4487 363 4519 ³
381 4489 413 4536 ad
430 4485 583 4535 Lotharium.
623 4485 634 4516 ⁴
651 4498 739 4550 eontra
755 4489 841 4537 literas
858 4488 983 4537 Petiliani.
999 4488 1045 4536 nb.
1064 4501 1087 4536 a.
