3326 5506
454 605 502 652 na
524 605 618 672 June
645 604 826 652 rannone.
852 605 932 654 cnr.
956 604 1006 654 xr.
1253 592 1313 675 169

111 803 114 809 -
139 761 289 845 praedam
309 758 404 844 copia
427 757 497 826 visa
518 774 567 825 est
586 760 754 841 sufficere,
778 774 943 828 contemta
963 760 1018 826 illa
1037 781 1122 843 quae
1145 761 1230 828 inter
1248 783 1314 830 me·

141 873 262 939 diocris
282 871 440 938 bonitatis
461 871 611 938 homines
632 891 673 938 ne
684 872 867 940 hostilitate
878 873 1009 956 quidem
1023 873 1151 940 tollitur
1163 875 1313 942 beneficii

139 985 293 1050 memoria
325 999 358 1049 et
388 983 479 1049 taciti
512 981 653 1051 foederis
677 983 855 1069 religione,
879 1003 978 1052 naves
1006 1005 1118 1052 omnes
1145 986 1228 1052 nihil
1251 989 1313 1054 tale

139 1095 338 1180 sperantium
359 1096 612 1178 comprehensae
631 1110 708 1162 sunt
726 1116 784 1178 per
803 1115 914 1162 omnes
937 1091 1123 1181 Hispaniae
1135 1113 1252 1180 portus
1281 1113 1314 1164 et

140 1206 344 1273 Lusitaniam
357 1206 516 1286 maxime,
541 1227 621 1289 quas
634 1206 750 1273 deinde
762 1207 874 1274 Batavi
886 1208 1021 1275 summis
1034 1209 1147 1291 pretiis
1157 1209 1313 1276 redimere
1365 1248 1367 1252 ·

140 1321 352 1405 cogebantur.
398 1318 492 1384 Gens
511 1338 683 1385 numerosa
703 1337 763 1385 nec
783 1318 847 1385 alio
869 1333 961 1386 sueta
981 1319 1093 1386 vivere
1115 1339 1210 1402 quam
1232 1339 1314 1386 mer-

140 1430 226 1496 cium
262 1428 443 1496 mutatione
476 1443 552 1512 post
582 1444 646 1520 tam
679 1429 794 1514 ingens
829 1429 1057 1514 dispendium,
1083 1432 1173 1512 quod
1195 1431 1313 1497 multas

141 1541 263 1626 optime
282 1539 478 1607 constitutas
511 1541 626 1608 domos
647 1539 797 1608 funditus
817 1541 956 1622 evertit,
990 1542 1071 1623 quid
1093 1541 1221 1618 ¹faceret
1250 1541 1313 1608 nisi

142 1669 179 1719 ut
206 1653 366 1737 jacturam
408 1652 505 1718 novis
545 1651 708 1718 mercandi
750 1637 949 1720 utilitatibus
979 1653 1135 1720 sarciret?
1191 1653 1314 1719 Allecti

143 1784 255 1832 rursus
291 1761 403 1827 batavi
437 1763 547 1830 eadem
585 1762 741 1846 patientia
782 1777 878 1846 atque
909 1765 1003 1830 etiam
1034 1765 1207 1848 praemiis,
1245 1781 1314 1832 tum

144 1877 219 1959 quia
239 1877 426 1945 recentibus
448 1875 518 1942 suis
538 1874 571 1939 in
594 1874 771 1940 Lusitanos
801 1874 982 1941 benefactis
1009 1875 1218 1942 confidebant
1240 1892 1315 1961 post

144 1989 279 2071 aliquod
308 1988 463 2072 temporis
493 1986 632 2070 spatium
658 1987 785 2052 easdem
805 1986 836 2051 in
859 1986 989 2053 fraudes
1010 1989 1204 2056 inciderunt.
1250 1989 1314 2056 Ite-

143 2120 299 2182 rumque,
324 2100 508 2182 iterumque
522 2100 583 2163 hoc
594 2097 733 2182 contigit
745 2098 878 2164 alterius
889 2099 995 2183 gentis
1006 2098 1158 2182 perfidia,
1181 2099 1314 2165 alterius

144 2210 364 2292 simplicitate.
411 2209 574 2294 Egregius
596 2208 739 2291 denique
761 2208 826 2273 illis
849 2223 1030 2292 proventus
1050 2210 1126 2276 hinc
1147 2207 1314 2292 constitit,

117 2303 215 2388 'cum
251 2321 383 2387 alternis
417 2321 510 2386 annis
543 2319 678 2387 insidias
712 2322 856 2386 locarent
891 2336 923 2386 et
956 2321 1083 2404 rapinas
1115 2337 1313 2389 exercerent.

144 2435 315 2500 Exhausta
335 2433 369 2498 in
393 2433 480 2498 hunc
502 2431 635 2498 modum
658 2431 790 2498 Batavia
814 2433 890 2516 (vix
913 2433 998 2498 enim
1027 2433 1200 2516 quisquam
1226 2432 1314 2517 fuit,

144 2546 200 2628 qui
233 2564 301 2611 non
331 2546 406 2627 plus
438 2543 492 2609 isti
515 2542 691 2608 violentiae
715 2563 812 2624 quam
837 2545 990 2610 omnibns
1008 2545 1186 2630 naufragiis
1205 2545 1315 2629 impu-

133 2659 269 2742 .tatet,)
293 2656 438 2722 nondum
463 2653 611 2721 aviditati
639 2669 696 2719 aut
715 2654 899 2720 crudelitati
918 2654 1087 2723 satisfecit.
1133 2657 1219 2726 Nam
1238 2672 1315 2740 post

141 2759 257 2854 longas
286 2766 448 2850 spoliandi
474 2765 583 2843 vices,
609 2785 683 2830 cum
710 2765 774 2850 jam
803 2765 976 2849 Philippus
1002 2767 1049 2832 Ill
1080 2787 1214 2853 regnum
1243 2787 1314 2835 sus·
1326 2781 1397 2828 Anao
1411 2784 1471 2840 159a.

143 2879 286 2963 cepisset
309 2894 341 2944 et
370 2877 572 2946 incredibilis
596 2878 703 2943 denuo
736 2876 913 2944 multitudo
946 2877 986 2942 ad
1008 2893 1183 2944 mercatum
1206 2879 1315 2946 allice-

143 3006 248 3070 retur,
269 2983 400 3074 accepta
420 2989 483 3056 fide
502 2988 635 3072 publica
655 2987 749 3054 liberi
768 3003 968 3055 commeatus
987 2990 1027 3054 ab
1047 2990 1236 3057 Archiduce
1254 2991 1315 3057 Al-

144 3102 260 3182 berto,
286 3120 370 3182 quae
392 3116 449 3167 aut
471 3120 536 3166 non
560 3115 627 3167 erat
648 3115 824 3182 revocata,
858 3115 915 3166 aut
942 3115 1027 3166 certe
1051 3121 1117 3166 non
1141 3117 1313 3185 antequam

144 3211 295 3278 homines
326 3211 392 3295 jam
426 3211 506 3277 mari
547 3211 760 3280 adventantes
794 3214 915 3279 nullam
957 3227 1099 3279 mutatae
1132 3215 1315 3281 voluntatis

145 3324 265 3390 habere
294 3337 444 3405 poterant
473 3323 646 3404 notitiam,
678 3338 810 3407 repente
839 3325 976 3389 barbaro
998 3340 1031 3389 et
1053 3327 1147 3408 plane
1178 3326 1313 3392 Mithri-

111 3505 115 3512 ,
145 3435 254 3500 datico
287 3435 394 3501 edicto
426 3454 526 3503 naves
557 3455 744 3519 mercesque
775 3435 981 3519 publicatae,
1011 3455 1146 3504 excussa
1169 3438 1313 3504 omniurn

145 3546 334 3612 institorum
365 3545 555 3628 ratiocinia,
589 3547 739 3614 homines
760 3548 822 3632 ipsi
846 3549 991 3632 (tantum
1016 3563 1065 3615 est
1087 3549 1207 3614 crimen
1237 3549 1315 3614 His-

144 3657 240 3741 panis
271 3671 327 3722 aut
358 3658 513 3740 prodesse
544 3673 601 3724 ant
633 3659 752 3744 fidere)
786 3659 946 3743 compacti
970 3660 1003 3725 in
1027 3679 1207 3742 carcerem,
1231 3661 1314 3744 rapti

144 3769 185 3835 ad
215 3768 397 3852 supplicia,
431 3770 534 3834 multa
567 3769 668 3835 millia
702 3771 829 3836 addicta
863 3771 971 3837 remis.
1019 3771 1064 3836 Et
1096 3790 1183 3836 nunc
1219 3771 1314 3839 etiam

144 3880 295 3946 homines
324 3880 437 3946 Batavi
472 3880 506 3946 in
536 3881 698 3947 classibus
729 3879 919 3965 Hispanicis
949 3882 1069 3948 eisdem
1098 3883 1315 3967 compedibus

145 3991 268 4073 quibus
288 3991 395 4058 sicarii
415 4007 448 4057 et
465 3992 631 4073 latrones,
657 3993 837 4060 Christiani
858 3993 941 4059 inter
960 3993 991 4058 T
995 4013 1087 4060 urcas
1107 4009 1139 4060 et
1156 3993 1313 4078 Mauros,

145 4117 339 4169 mercatores
360 4103 423 4186 ipsi
445 4103 530 4169 inter
548 4104 668 4186 piratas
689 4103 791 4171 vincti
813 4119 1019 4188 tenerentur,
1042 4105 1106 4171 nisi
1128 4104 1314 4172 felicissima

145 4213 304 4279 libertatis
327 4214 418 4296 dies,
443 4236 509 4296 qua
533 4216 574 4281 ad
596 4216 803 4299 Neoportum
815 4231 996 4302 pugnatum
1010 4232 1079 4298 est,
1104 4217 1312 4284 Franciscum

146 4326 340 4392 Mendozam
362 4327 567 4412 Arragonum
592 4327 840 4409 Admirantem,
864 4343 896 4393 et
906 4344 984 4395 tunc
996 4329 1083 4394 bello
1093 4329 1312 4411 praepositum

146 4438 179 4504 in
202 4456 319 4504 manus
329 4438 489 4505 dedisset:
514 4459 582 4522 quo
598 4439 735 4526 pignore
746 4441 879 4506 redemti
892 4440 983 4507 cives
995 4439 1123 4521 inedia,
1147 4439 1312 4525 vinculis,
