3316 5494
451 623 498 668 mr
521 623 615 690 June
642 624 827 680 runcone.
853 589 996 673 cnm'x.
1248 627 1307 691 133

137 778 171 842 in
195 777 284 844 bello
305 774 435 861 privato
454 776 612 844 ultionem
629 796 695 845 non
713 779 883 864 permitti,
902 779 1124 864 captivitatem
1137 799 1203 846 non
1216 800 1310 847 usur-

133 888 257 971 pariet
279 887 418 968 similia,
442 888 525 954 ratio
547 888 617 972 ipsa
637 905 669 955 et
690 891 838 958 locorum
859 891 998 977 diligens
1020 891 1153 958 collatio
1175 906 1207 957 et
1225 909 1311 974 quae

134 1019 234 1083 supra
254 998 438 1065 dictasunt
458 998 682 1066 demonstrant
700 1000 911 1087 intelligenda
931 1002 970 1067 de
998 1003 1086 1069 bello
1115 1002 1242 1085 privato
1269 1002 1311 1067 ob

135 1108 299 1176 defectum
326 1109 449 1196 judicis
475 1125 751 1178 momentaneum.
807 1112 884 1178 Huc
912 1112 1007 1179 etiam
1040 1112 1189 1195 accedit,
1221 1112 1313 1196 quod

135 1220 235 1286 iidem
248 1221 260 1262 ¹
272 1220 423 1302 tradunt,
442 1220 470 1286 si
487 1221 541 1286 cui
560 1241 612 1288 res
629 1221 720 1288 furto
739 1237 797 1289 aut
810 1223 968 1290 violentia
990 1224 1123 1308 abrepta
1135 1224 1198 1305 sit,
1217 1243 1314 1308 posse

136 1352 210 1397 eum
229 1332 430 1398 tantumdem
450 1331 615 1416 recipere,
635 1331 806 1400 addicente
815 1354 892 1400 mox
904 1333 1080 1418 superiore.
1103 1335 1190 1400 Nam
1202 1355 1314 1417 quarn·

139 1462 238 1526 quam
254 1443 360 1526 primo
378 1441 548 1526 spoliatori
562 1443 618 1528 jus
634 1442 821 1510 vindicandi
838 1443 1040 1528 competat¹,
1055 1445 1193 1511 dandam
1209 1459 1315 1512 tamen

138 1553 286 1622 secundo
307 1553 530 1637 exceptionem
550 1553 825 1642 compensationis
848 1554 881 1621 in
905 1569 1050 1636 tantum,
1082 1570 1242 1638 quantum
1266 1571 1316 1622 est

139 1665 282 1750 spolium
306 1666 359 1732 vel
382 1664 502 1750 injuria
523 1665 666 1733 alterius.
700 1666 842 1732 Videtur
865 1665 976 1749 itaque
994 1667 1050 1752 jus
1069 1666 1200 1749 quidem
1225 1680 1317 1733 antea

137 1776 286 1860 pignoris
318 1775 351 1842 in
383 1776 482 1842 rebus
514 1775 579 1844 illis
600 1775 778 1859 habuisse,
800 1791 914 1861 postea
936 1794 1014 1844 vero
1035 1777 1091 1863 jus
1115 1775 1252 1843 dominii
1276 1797 1315 1842 ex

139 1887 310 1953 sententia.
348 1887 395 1953 Et
412 1887 489 1953 hinc
510 1887 616 1972 ipsum
640 1907 759 1954 nomen
782 1886 1019 1972 pignerationis
1042 1888 1231 1970 descendit,
1256 1907 1316 1954 nec

139 1998 226 2064 alius
249 1999 332 2064 ordo
356 2012 486 2065 tenetur
509 1998 542 2064 in
565 1997 764 2082 repressaliis
785 1997 807 2064 ⁸.
837 1998 903 2064 Sed
922 2009 985 2066 noc
1008 1999 1104 2066 etiam
1127 2018 1225 2081 casu,
1249 2020 1317 2082 quo

138 2109 294 2192 privatim
317 2125 447 2194 captum
475 2108 608 2192 publice
629 2108 834 2194 adJudicatur
853 2108 885 2173 in
906 2109 1051 2175 solutum
1071 2117 1101 2191 ⁴,
1126 2110 1315 2176 tentandum

137 2219 281 2286 arbitror
309 2234 347 2286 ut
374 2221 509 2302 praedae
532 2220 731 2286 vocabulum
760 2218 997 2302 repudiandum
1017 2239 1084 2286 non
1104 2220 1165 2286 sit:
1189 2240 1262 2285 nam
1286 2235 1318 2285 et

139 2332 204 2397 hoc
225 2330 334 2414 ipsum
355 2332 447 2413 quod
465 2330 586 2418 togatis
602 2329 737 2416 judiciis
749 2329 1000 2412 consequimur,
1020 2345 1058 2396 ut
1069 2330 1173 2396 nostri
1185 2331 1318 2397 tradunt
1334 2381 1338 2386 .

140 2441 313 2525 doctores,
347 2461 454 2508 nona
478 2442 590 2527 judice
613 2441 757 2524 accipere
784 2441 935 2508 videmur
965 2441 1023 2507 scd
1051 2442 1091 2507 ab
1121 2441 1317 2508 adversario

142 2553 318 2619 Caeterum
342 2552 370 2618 si
387 2552 587 2638 Judiciorum
611 2553 767 2619 continua
791 2551 833 2617 sit
855 2552 1014 2636 penuria,
1036 2567 1073 2619 ut
1093 2567 1172 2636 puta
1186 2552 1213 2618 si
1224 2554 1318 2619 locus

83 2665 86 2670 '
141 2666 173 2728 in
190 2663 318 2730 nullius
338 2663 381 2730 sit
394 2663 643 2750 jurisdictione,
661 2664 715 2730 hic
736 2683 810 2730 cunr
830 2666 925 2746 plane
943 2663 1093 2730 veniatur
1112 2662 1153 2729 ad
1169 2665 1224 2749 jus
1236 2664 1319 2731 illud

139 2789 299 2855 naturae,
323 2775 415 2857 quod
437 2775 583 2841 nondum
605 2773 765 2841 institutis
792 2773 927 2859 judiciis
952 2773 1077 2856 ubique
1098 2773 1185 2855 fuit,
1209 2774 1317 2842 statim

141 2886 248 2952 hostis
263 2887 303 2952 ab
319 2887 415 2953 hoste
432 2901 526 2970 capta
538 2887 579 2953 ad
590 2887 723 2952 modum
734 2884 869 2967 crediti,
890 2886 983 2950 velut
995 2903 1029 2950 sc
1041 2884 1154 2970 iudice
1166 2885 1317 2967 acquirit.

140 2998 276 3080 Neque¹
283 3012 397 3081 postea
416 3017 490 3064 cum
516 2998 618 3082 judex
637 2996 717 3063 adiri
739 3010 850 3081 potest
873 2995 913 3060 ad
933 2994 1172 3060 restitutionem
1192 2995 1318 3062 tenebi-

140 3122 215 3191 tur,
240 3109 285 3174 ob
306 3128 374 3174 eam
395 3109 551 3174 rationem
582 3128 678 3190 quam
709 3107 832 3174 dictant
850 3106 1037 3172 scholastici
1058 3109 1069 3142 ⁶
1091 3105 1124 3172 in
1148 3105 1246 3172 simili
1269 3127 1318 3172 ar·

141 3233 310 3303 gumento.
335 3221 403 3287 Res
423 3219 527 3300 enim,
547 3219 723 3302 inquiunt,
741 3220 865 3286 habens
881 3237 971 3283 suam
991 3216 1244 3300 perfectionem,
1259 3237 1319 3285 nec

142 3330 316 3397 continens
333 3345 440 3396 actum
457 3325 680 3396 successuum
699 3349 765 3397 non
783 3343 974 3411 revocatur,
995 3328 1072 3394 licet
1088 3343 1202 3411 postea
1216 3345 1320 3397 cesset

141 3460 239 3508 causa
271 3441 329 3508 rei.
377 3442 424 3508 Et
450 3442 477 3508 si
506 3441 629 3508 accidat
656 3457 694 3508 ut
722 3442 785 3508 hoc
813 3441 908 3508 etiarn
928 3461 1005 3509 casu
1023 3441 1095 3525 jure
1115 3439 1228 3520 civili,
1253 3461 1328 3506 non

141 3552 311 3638 gentium,
344 3553 503 3620 sententia
524 3552 620 3636 sequi
640 3553 776 3634 debeat,
812 3572 849 3618 ea
871 3567 1066 3618 tamennon
1088 3565 1138 3616 est
1159 3551 1320 3618 censenda

138 3665 192 3750 jus
213 3664 351 3730 dominii
373 3663 530 3749 adjicere,
555 3665 611 3730 sed
633 3665 815 3747 quaesitum
840 3664 1002 3729 declarare
1020 3657 1050 3727 ⁸:
1076 3662 1168 3745 quod
1187 3676 1256 3729 turn
1279 3663 1320 3729 ad

141 3775 353 3841 excutiendas
382 3774 513 3842 fraudes
542 3775 764 3859 improborum
799 3774 1022 3841 introductum
1057 3773 1162 3839 videri
1186 3788 1318 3857 potest,

141 3901 210 3952 tum
241 3902 279 3952 ut
307 3886 445 3954 tutiores
478 3885 565 3969 sint,
600 3886 658 3969 qui
692 3901 778 3953 recte
804 3899 983 3970 ceperunt,
1017 3885 1140 3952 indicto
1166 3885 1319 3954 omnibus

176 4161 183 4193 ¹
203 4163 258 4210 Inn.
277 4161 303 4210 in
322 4163 346 4210 d.
361 4175 383 4210 c.
402 4161 472 4212 olim.
490 4175 515 4210 n.
532 4164 555 4210 8.
573 4173 598 4210 et
617 4162 643 4210 in
660 4164 683 4210 d.
701 4176 723 4210 c.
741 4161 815 4210 sicut.
828 4174 853 4209 n.
866 4159 890 4209 6.
907 4171 931 4207 et
945 4158 982 4207 ibi
997 4160 1056 4208 Pan.
1073 4158 1134 4207 Silv.
1142 4157 1168 4208 in
1177 4173 1203 4207 v.
1212 4159 1320 4208 Bellum.

143 4255 164 4310 §-
183 4265 207 4310 ³·
241 4251 253 4285 ¹
270 4253 331 4301 Silv.
348 4253 384 4300 ibi
403 4257 425 4312 ς.
444 4266 483 4302 ro.
498 4254 589 4302 Prima.
623 4253 634 4286 ⁸
651 4255 717 4302 Bart.
734 4253 760 4301 in
775 4263 847 4300 tract.
863 4253 894 4299 de
911 4264 1019 4311 repress.
1035 4264 1059 4312 9.
1074 4264 1098 4309 q.
1121 4262 1143 4296 r.
1158 4249 1190 4297 ad
1207 4261 1230 4296 a.
1253 4260 1278 4296 et
1293 4262 1317 4306 3.

143 4341 231 4393 ⁴silv.
253 4343 322 4392 inv.
352 4344 535 4405 Repressaliae.
552 4345 578 4394 in
596 4343 655 4394 fine.
690 4343 779 4393 ⁵silv.
795 4343 821 4391 in
842 4358 866 4391 v.
892 4343 1003 4391 Furtum.
1026 4344 1047 4399 ς.
1070 4353 1107 4388 10.
1130 4339 1203 4389 Adde
1224 4352 1247 4387 c.
1268 4339 1316 4390 sas-

143 4445 195 4482 tum
209 4434 332 4495 legitime.
348 4437 378 4484 de
394 4449 446 4496 reg.
459 4434 507 4493 jur.
521 4435 548 4484 in
563 4433 602 4485 6⁰.
622 4433 762 4499 [Decretal.
784 4435 810 4483 in
827 4444 910 4482 sexto.
927 4447 950 4490 s.
966 4447 1005 4481 ra.
1018 4445 1070 4492 reg.
1087 4429 1139 4490 lu]
1174 4427 1185 4460 ⁸
1202 4431 1219 4476 l.
1236 4428 1309 4478 sicuti

146 4527 166 4582 l.
182 4527 227 4574 ted
245 4525 266 4574 si
281 4537 421 4585 quaeratur.
438 4526 464 4574 ff.
480 4527 501 4576 si
518 4540 585 4576 serv.
598 4526 669 4575 vind.
690 4524 735 4589 [D.
752 4529 775 4573 8.
792 4538 813 4580 5.
833 4527 855 4572 8.
869 4527 891 4583 §-
908 4523 945 4587 ³·]
