<?xml version="1.0" encoding="UTF-8"?>
<!DOCTYPE html PUBLIC "-//W3C//DTD XHTML 1.0 Transitional//EN"
    "http://www.w3.org/TR/xhtml1/DTD/xhtml1-transitional.dtd">
<html xmlns="http://www.w3.org/1999/xhtml" xml:lang="en" lang="en">
 <head>
  <title>
</title>
<meta http-equiv="Content-Type" content="text/html;charset=utf-8" />
  <meta name='ocr-system' content='tesseract 3.04.00' />
  <meta name='ocr-capabilities' content='ocr_page ocr_carea ocr_par ocr_line ocrx_word'/>
</head>
<body>
  <div class='ocr_page' id='page_1' title='image "./ledroitdeprised01hamagoog_0179.png"; bbox 0 0 3316 5494; ppageno 0'>
   <div class='ocr_carea' id='block_1_1' title="bbox 478 618 1330 688">
    <p class='ocr_par' dir='ltr' id='par_1_1' title="bbox 478 618 1330 688">
     <span class='ocr_line' id='line_1_1' title="bbox 478 618 1330 688; baseline -0.002 -20"><span class='ocrx_word' id='word_1_1' title='bbox 478 621 525 668; x_wconf 82' lang='lat' dir='ltr'>DE</span> <span class='ocrx_word' id='word_1_2' title='bbox 547 621 642 688; x_wconf 80' lang='lat' dir='ltr'>Juult</span> <span class='ocrx_word' id='word_1_3' title='bbox 668 621 851 670; x_wconf 80' lang='lat' dir='ltr'><strong>PRAEDAE.</strong></span> <span class='ocrx_word' id='word_1_4' title='bbox 876 621 955 670; x_wconf 78' lang='lat' dir='ltr'>CAP.</span> <span class='ocrx_word' id='word_1_5' title='bbox 980 623 1015 669; x_wconf 83' lang='grc' dir='ltr'>Χ.</span> <span class='ocrx_word' id='word_1_6' title='bbox 1270 618 1330 683; x_wconf 80' lang='grc'>157</span> 
     </span>
    </p>
   </div>
   <div class='ocr_carea' id='block_1_2' title="bbox 158 775 1469 3426">
    <p class='ocr_par' dir='ltr' id='par_1_2' title="bbox 158 775 1467 3426">
     <span class='ocr_line' id='line_1_2' title="bbox 159 775 1330 860; baseline -0.003 -17"><span class='ocrx_word' id='word_1_7' title='bbox 159 775 301 844; x_wconf 90' lang='lat' dir='ltr'>dicitur:</span> <span class='ocrx_word' id='word_1_8' title='bbox 326 795 423 858; x_wconf 89' lang='lat' dir='ltr'>quam</span> <span class='ocrx_word' id='word_1_9' title='bbox 446 776 552 841; x_wconf 91' lang='lat' dir='ltr'>Varro</span> <span class='ocrx_word' id='word_1_10' title='bbox 574 779 582 816; x_wconf 86' lang='lat'><strong>¹</strong></span> <span class='ocrx_word' id='word_1_11' title='bbox 603 776 722 842; x_wconf 89' lang='lat' dir='ltr'>dictam</span> <span class='ocrx_word' id='word_1_12' title='bbox 746 775 910 844; x_wconf 85' lang='lat' dir='ltr'>existimat</span> <span class='ocrx_word' id='word_1_13' title='bbox 933 776 1024 860; x_wconf 93' lang='lat' dir='ltr'>quod</span> <span class='ocrx_word' id='word_1_14' title='bbox 1045 794 1142 842; x_wconf 90' lang='lat' dir='ltr'>manu</span> <span class='ocrx_word' id='word_1_15' title='bbox 1165 775 1330 858; x_wconf 86' lang='lat' dir='ltr'>pariatur,</span> 
     </span>
     <span class='ocr_line' id='line_1_3' title="bbox 160 887 1330 973; baseline -0.002 -19"><span class='ocrx_word' id='word_1_16' title='bbox 160 908 264 973; x_wconf 84' lang='lat' dir='ltr'>egoa</span> <span class='ocrx_word' id='word_1_17' title='bbox 294 887 526 972; x_wconf 89' lang='lat' dir='ltr'>prehendendo</span> <span class='ocrx_word' id='word_1_18' title='bbox 557 888 669 956; x_wconf 87' lang='lat' dir='ltr'>verius</span> <span class='ocrx_word' id='word_1_19' title='bbox 699 888 777 954; x_wconf 90' lang='lat' dir='ltr'>elisa</span> <span class='ocrx_word' id='word_1_20' title='bbox 809 888 903 955; x_wconf 91' lang='lat' dir='ltr'>litera</span> <span class='ocrx_word' id='word_1_21' title='bbox 936 888 1077 955; x_wconf 89' lang='lat' dir='ltr'>duriore.</span> <span class='ocrx_word' id='word_1_22' title='bbox 1123 889 1241 969; x_wconf 92' lang='lat' dir='ltr'>Itaque</span> <span class='ocrx_word' id='word_1_23' title='bbox 1272 907 1330 970; x_wconf 91' lang='lat' dir='ltr'>op-</span> 
     </span>
     <span class='ocr_line' id='line_1_4' title="bbox 158 997 1331 1087; baseline -0.003 -21"><span class='ocrx_word' id='word_1_24' title='bbox 158 1015 330 1083; x_wconf 90' lang='lat' dir='ltr'>ponuntur</span> <span class='ocrx_word' id='word_1_25' title='bbox 354 998 530 1087; x_wconf 82' lang='lat' dir='ltr'>publicari</span> <span class='ocrx_word' id='word_1_26' title='bbox 560 1013 593 1066; x_wconf 92' lang='lat' dir='ltr'>et</span> <span class='ocrx_word' id='word_1_27' title='bbox 625 1003 661 1064; x_wconf 81' lang='lat' dir='ltr'>in</span> <span class='ocrx_word' id='word_1_28' title='bbox 679 998 813 1086; x_wconf 74' lang='lat' dir='ltr'>praeda</span> <span class='ocrx_word' id='word_1_29' title='bbox 835 1020 899 1066; x_wconf 80' lang='lat' dir='ltr'>esse</span> <span class='ocrx_word' id='word_1_30' title='bbox 919 997 941 1068; x_wconf 86' lang='lat'>².</span> <span class='ocrx_word' id='word_1_31' title='bbox 985 998 1199 1066; x_wconf 90' lang='lat' dir='ltr'>Diversarum</span> <span class='ocrx_word' id='word_1_32' title='bbox 1223 1013 1331 1065; x_wconf 91' lang='lat' dir='ltr'>autem</span> 
     </span>
     <span class='ocr_line' id='line_1_5' title="bbox 159 1109 1332 1178; baseline 0 -2"><span class='ocrx_word' id='word_1_33' title='bbox 159 1111 331 1178; x_wconf 89' lang='lat' dir='ltr'>civitatum</span> <span class='ocrx_word' id='word_1_34' title='bbox 364 1111 494 1178; x_wconf 89' lang='lat' dir='ltr'>diversa</span> <span class='ocrx_word' id='word_1_35' title='bbox 522 1111 583 1177; x_wconf 89' lang='lat' dir='ltr'>hac</span> <span class='ocrx_word' id='word_1_36' title='bbox 613 1110 646 1178; x_wconf 90' lang='lat' dir='ltr'>in</span> <span class='ocrx_word' id='word_1_37' title='bbox 675 1129 709 1176; x_wconf 91' lang='lat' dir='ltr'>re</span> <span class='ocrx_word' id='word_1_38' title='bbox 728 1110 879 1178; x_wconf 90' lang='lat' dir='ltr'>instituta</span> <span class='ocrx_word' id='word_1_39' title='bbox 902 1124 990 1178; x_wconf 91' lang='lat' dir='ltr'>sunt.</span> <span class='ocrx_word' id='word_1_40' title='bbox 1033 1111 1085 1176; x_wconf 93' lang='lat' dir='ltr'>De</span> <span class='ocrx_word' id='word_1_41' title='bbox 1107 1131 1145 1176; x_wconf 91' lang='lat' dir='ltr'>eo</span> <span class='ocrx_word' id='word_1_42' title='bbox 1166 1109 1231 1176; x_wconf 88' lang='lat' dir='ltr'>sere</span> <span class='ocrx_word' id='word_1_43' title='bbox 1254 1127 1332 1176; x_wconf 92' lang='lat' dir='ltr'>con·</span> 
     </span>
     <span class='ocr_line' id='line_1_6' title="bbox 158 1221 1333 1309; baseline -0.003 -19"><span class='ocrx_word' id='word_1_44' title='bbox 158 1223 252 1290; x_wconf 89' lang='lat' dir='ltr'>venit</span> <span class='ocrx_word' id='word_1_45' title='bbox 279 1243 374 1309; x_wconf 78' lang='lat' dir='ltr'>agros</span> <span class='ocrx_word' id='word_1_46' title='bbox 405 1243 445 1289; x_wconf 90' lang='lat' dir='ltr'>ex</span> <span class='ocrx_word' id='word_1_47' title='bbox 477 1221 629 1290; x_wconf 87' lang='lat' dir='ltr'>hostibus</span> <span class='ocrx_word' id='word_1_48' title='bbox 656 1236 769 1305; x_wconf 86' lang='lat' dir='ltr'>captos</span> <span class='ocrx_word' id='word_1_49' title='bbox 788 1222 821 1286; x_wconf 92' lang='lat' dir='ltr'>in</span> <span class='ocrx_word' id='word_1_50' title='bbox 844 1222 963 1305; x_wconf 87' lang='lat' dir='ltr'>praeda</span> <span class='ocrx_word' id='word_1_51' title='bbox 982 1241 1049 1289; x_wconf 92' lang='lat' dir='ltr'>non</span> <span class='ocrx_word' id='word_1_52' title='bbox 1074 1241 1167 1304; x_wconf 89' lang='lat' dir='ltr'>esse,</span> <span class='ocrx_word' id='word_1_53' title='bbox 1190 1222 1248 1288; x_wconf 89' lang='lat' dir='ltr'>sed</span> <span class='ocrx_word' id='word_1_54' title='bbox 1270 1242 1333 1305; x_wconf 86' lang='lat' dir='ltr'>pu-</span> 
     </span>
     <span class='ocr_line' id='line_1_7' title="bbox 160 1333 1332 1416; baseline -0.003 -15"><span class='ocrx_word' id='word_1_55' title='bbox 160 1335 273 1402; x_wconf 90' lang='lat' dir='ltr'>blicari</span> <span class='ocrx_word' id='word_1_56' title='bbox 294 1337 318 1403; x_wconf 80' lang='lat'>⁸.</span> <span class='ocrx_word' id='word_1_57' title='bbox 367 1334 578 1402; x_wconf 85' lang='lat' dir='ltr'>Contrarium</span> <span class='ocrx_word' id='word_1_58' title='bbox 608 1333 642 1400; x_wconf 93' lang='lat' dir='ltr'>in</span> <span class='ocrx_word' id='word_1_59' title='bbox 674 1335 772 1400; x_wconf 89' lang='lat' dir='ltr'>rebus</span> <span class='ocrx_word' id='word_1_60' title='bbox 795 1333 974 1400; x_wconf 89' lang='lat' dir='ltr'>mobilibus</span> <span class='ocrx_word' id='word_1_61' title='bbox 997 1352 1098 1416; x_wconf 91' lang='lat' dir='ltr'>seque</span> <span class='ocrx_word' id='word_1_62' title='bbox 1120 1333 1332 1400; x_wconf 89' lang='lat' dir='ltr'>moventibus</span> 
     </span>
     <span class='ocr_line' id='line_1_8' title="bbox 161 1443 1330 1530; baseline -0.002 -18"><span class='ocrx_word' id='word_1_63' title='bbox 161 1459 328 1530; x_wconf 89' lang='lat' dir='ltr'>receptum</span> <span class='ocrx_word' id='word_1_64' title='bbox 347 1445 503 1525; x_wconf 90' lang='lat' dir='ltr'>videtur,</span> <span class='ocrx_word' id='word_1_65' title='bbox 527 1446 587 1512; x_wconf 89' lang='lat' dir='ltr'>hac</span> <span class='ocrx_word' id='word_1_66' title='bbox 606 1444 701 1510; x_wconf 89' lang='lat' dir='ltr'>etiam</span> <span class='ocrx_word' id='word_1_67' title='bbox 714 1444 860 1526; x_wconf 86' lang='lat' dir='ltr'>ratione,</span> <span class='ocrx_word' id='word_1_68' title='bbox 886 1445 963 1527; x_wconf 90' lang='lat' dir='ltr'>quia</span> <span class='ocrx_word' id='word_1_69' title='bbox 975 1463 1040 1512; x_wconf 91' lang='lat' dir='ltr'>non</span> <span class='ocrx_word' id='word_1_70' title='bbox 1052 1443 1132 1512; x_wconf 88' lang='lat' dir='ltr'>satis</span> <span class='ocrx_word' id='word_1_71' title='bbox 1144 1444 1330 1529; x_wconf 85' lang='lat' dir='ltr'>expeditum</span> 
     </span>
     <span class='ocr_line' id='line_1_9' title="bbox 161 1538 1467 1670; baseline -0.002 -46"><span class='ocrx_word' id='word_1_72' title='bbox 161 1572 210 1624; x_wconf 92' lang='lat' dir='ltr'>est</span> <span class='ocrx_word' id='word_1_73' title='bbox 231 1575 339 1624; x_wconf 89' lang='lat' dir='ltr'>earum</span> <span class='ocrx_word' id='word_1_74' title='bbox 359 1538 603 1640; x_wconf 88' lang='lat' dir='ltr'>possessionem</span> <span class='ocrx_word' id='word_1_75' title='bbox 624 1576 643 1621; x_wconf 89' lang='lat' dir='ltr'>a</span> <span class='ocrx_word' id='word_1_76' title='bbox 661 1555 817 1644; x_wconf 84' lang='lat' dir='ltr'>singulis</span> <span class='ocrx_word' id='word_1_77' title='bbox 821 1555 1046 1624; x_wconf 88' lang='lat' dir='ltr'>detentoribus</span> <span class='ocrx_word' id='word_1_78' title='bbox 1067 1575 1230 1622; x_wconf 89' lang='lat' dir='ltr'>revocare</span> <span class='ocrx_word' id='word_1_79' title='bbox 1255 1556 1331 1621; x_wconf 92' lang='lat' dir='ltr'>Huc</span> <span class='ocrx_word' id='word_1_80' title='bbox 1344 1565 1467 1670; x_wconf 57' lang='lat' dir='ltr'>mul·</span> 
     </span>
     <span class='ocr_line' id='line_1_10' title="bbox 162 1665 1333 1756; baseline 0 -22"><span class='ocrx_word' id='word_1_81' title='bbox 162 1669 264 1756; x_wconf 85' lang='lat' dir='ltr'>igitur</span> <span class='ocrx_word' id='word_1_82' title='bbox 295 1668 411 1734; x_wconf 90' lang='lat' dir='ltr'>melius</span> <span class='ocrx_word' id='word_1_83' title='bbox 444 1686 541 1750; x_wconf 84' lang='lat' dir='ltr'>quam</span> <span class='ocrx_word' id='word_1_84' title='bbox 571 1669 611 1733; x_wconf 90' lang='lat' dir='ltr'>ad</span> <span class='ocrx_word' id='word_1_85' title='bbox 638 1667 779 1752; x_wconf 86' lang='lat' dir='ltr'>priorem</span> <span class='ocrx_word' id='word_1_86' title='bbox 801 1667 892 1734; x_wconf 92' lang='lat' dir='ltr'>illum</span> <span class='ocrx_word' id='word_1_87' title='bbox 914 1669 1024 1742; x_wconf 89' lang='lat' dir='ltr'>locum</span> <span class='ocrx_word' id='word_1_88' title='bbox 1051 1665 1217 1751; x_wconf 89' lang='lat' dir='ltr'>pertinet,</span> <span class='ocrx_word' id='word_1_89' title='bbox 1241 1667 1333 1750; x_wconf 93' lang='lat' dir='ltr'>quod</span> 
     </span>
     <span class='ocr_line' id='line_1_11' title="bbox 159 1777 1332 1865; baseline -0.002 -19"><span class='ocrx_word' id='word_1_90' title='bbox 159 1779 245 1865; x_wconf 84' lang='lat' dir='ltr'>juris</span> <span class='ocrx_word' id='word_1_91' title='bbox 267 1780 375 1846; x_wconf 88' lang='lat' dir='ltr'>civilis</span> <span class='ocrx_word' id='word_1_92' title='bbox 394 1795 426 1846; x_wconf 87' lang='lat' dir='ltr'>ct</span> <span class='ocrx_word' id='word_1_93' title='bbox 442 1778 638 1862; x_wconf 87' lang='lat' dir='ltr'>pontificii</span> <span class='ocrx_word' id='word_1_94' title='bbox 630 1793 841 1862; x_wconf 83' lang='lat' dir='ltr'>rnterpretes,</span> <span class='ocrx_word' id='word_1_95' title='bbox 866 1779 1062 1864; x_wconf 85' lang='lat' dir='ltr'>etheologis</span> <span class='ocrx_word' id='word_1_96' title='bbox 1074 1777 1169 1845; x_wconf 92' lang='lat' dir='ltr'>etiam</span> <span class='ocrx_word' id='word_1_97' title='bbox 1181 1779 1332 1846; x_wconf 86' lang='lat' dir='ltr'>nonnulli</span> 
     </span>
     <span class='ocr_line' id='line_1_12' title="bbox 160 1890 1332 1976; baseline 0 -18"><span class='ocrx_word' id='word_1_98' title='bbox 160 1891 389 1976; x_wconf 81' lang='lat' dir='ltr'>produnt⁴res</span> <span class='ocrx_word' id='word_1_99' title='bbox 411 1891 548 1958; x_wconf 89' lang='lat' dir='ltr'>mobiles</span> <span class='ocrx_word' id='word_1_100' title='bbox 569 1890 721 1958; x_wconf 85' lang='lat' dir='ltr'>hostibus</span> <span class='ocrx_word' id='word_1_101' title='bbox 742 1905 868 1973; x_wconf 89' lang='lat' dir='ltr'>ereptas</span> <span class='ocrx_word' id='word_1_102' title='bbox 887 1890 958 1958; x_wconf 87' lang='lat' dir='ltr'>fieri</span> <span class='ocrx_word' id='word_1_103' title='bbox 977 1890 1182 1976; x_wconf 87' lang='lat' dir='ltr'>singulorum</span> <span class='ocrx_word' id='word_1_104' title='bbox 1203 1890 1332 1974; x_wconf 89' lang='lat' dir='ltr'>capien-</span> 
     </span>
     <span class='ocr_line' id='line_1_13' title="bbox 160 2002 1332 2087; baseline -0.002 -17"><span class='ocrx_word' id='word_1_105' title='bbox 160 2003 258 2070; x_wconf 89' lang='lat' dir='ltr'>tium.</span> <span class='ocrx_word' id='word_1_106' title='bbox 304 2003 344 2070; x_wconf 91' lang='lat' dir='ltr'>Id</span> <span class='ocrx_word' id='word_1_107' title='bbox 374 2003 459 2070; x_wconf 91' lang='lat' dir='ltr'>enim</span> <span class='ocrx_word' id='word_1_108' title='bbox 488 2021 555 2071; x_wconf 89' lang='lat' dir='ltr'>non</span> <span class='ocrx_word' id='word_1_109' title='bbox 586 2021 627 2069; x_wconf 88' lang='lat' dir='ltr'>ex</span> <span class='ocrx_word' id='word_1_110' title='bbox 657 2002 812 2086; x_wconf 89' lang='lat' dir='ltr'>primario</span> <span class='ocrx_word' id='word_1_111' title='bbox 844 2017 883 2068; x_wconf 92' lang='lat' dir='ltr'>ut</span> <span class='ocrx_word' id='word_1_112' title='bbox 914 2002 1056 2068; x_wconf 87' lang='lat' dir='ltr'>diximus</span> <span class='ocrx_word' id='word_1_113' title='bbox 1092 2002 1238 2087; x_wconf 84' lang='lat' dir='ltr'>gentium</span> <span class='ocrx_word' id='word_1_114' title='bbox 1258 2003 1332 2086; x_wconf 88' lang='lat' dir='ltr'>jure</span> 
     </span>
     <span class='ocr_line' id='line_1_14' title="bbox 160 2114 1332 2200; baseline 0 -20"><span class='ocrx_word' id='word_1_115' title='bbox 160 2115 332 2199; x_wconf 84' lang='lat' dir='ltr'>procedit,</span> <span class='ocrx_word' id='word_1_116' title='bbox 366 2114 424 2182; x_wconf 89' lang='lat' dir='ltr'>scd</span> <span class='ocrx_word' id='word_1_117' title='bbox 455 2135 495 2182; x_wconf 90' lang='lat' dir='ltr'>ex</span> <span class='ocrx_word' id='word_1_118' title='bbox 515 2115 589 2199; x_wconf 84' lang='lat' dir='ltr'>jure</span> <span class='ocrx_word' id='word_1_119' title='bbox 611 2114 780 2198; x_wconf 86' lang='lat' dir='ltr'>positivo,</span> <span class='ocrx_word' id='word_1_120' title='bbox 805 2114 903 2198; x_wconf 89' lang='lat' dir='ltr'>cujus</span> <span class='ocrx_word' id='word_1_121' title='bbox 926 2133 999 2198; x_wconf 83' lang='lat' dir='ltr'>pars</span> <span class='ocrx_word' id='word_1_122' title='bbox 1021 2134 1135 2200; x_wconf 84' lang='lat' dir='ltr'>magna</span> <span class='ocrx_word' id='word_1_123' title='bbox 1153 2129 1229 2182; x_wconf 91' lang='lat' dir='ltr'>sunt</span> <span class='ocrx_word' id='word_1_124' title='bbox 1253 2135 1332 2182; x_wconf 91' lang='lat' dir='ltr'>con-</span> 
     </span>
     <span class='ocr_line' id='line_1_15' title="bbox 160 2225 1333 2310; baseline -0.002 -16"><span class='ocrx_word' id='word_1_125' title='bbox 160 2227 364 2294; x_wconf 88' lang='lat' dir='ltr'>suetudines.</span> <span class='ocrx_word' id='word_1_126' title='bbox 410 2225 539 2294; x_wconf 88' lang='lat' dir='ltr'>Deinde</span> <span class='ocrx_word' id='word_1_127' title='bbox 569 2245 635 2294; x_wconf 90' lang='lat' dir='ltr'>non</span> <span class='ocrx_word' id='word_1_128' title='bbox 668 2246 709 2293; x_wconf 85' lang='lat' dir='ltr'>ex</span> <span class='ocrx_word' id='word_1_129' title='bbox 739 2225 895 2292; x_wconf 89' lang='lat' dir='ltr'>condicto</span> <span class='ocrx_word' id='word_1_130' title='bbox 926 2225 1038 2306; x_wconf 87' lang='lat' dir='ltr'>venit,</span> <span class='ocrx_word' id='word_1_131' title='bbox 1074 2241 1111 2292; x_wconf 95' lang='lat' dir='ltr'>ut</span> <span class='ocrx_word' id='word_1_132' title='bbox 1133 2227 1333 2310; x_wconf 75' lang='lat' dir='ltr'>respublicas</span> 
     </span>
     <span class='ocr_line' id='line_1_16' title="bbox 161 2335 1331 2425; baseline -0.003 -18"><span class='ocrx_word' id='word_1_133' title='bbox 161 2339 310 2425; x_wconf 83' lang='lat' dir='ltr'>obliget,</span> <span class='ocrx_word' id='word_1_134' title='bbox 332 2338 391 2406; x_wconf 90' lang='lat' dir='ltr'>sed</span> <span class='ocrx_word' id='word_1_135' title='bbox 412 2335 507 2421; x_wconf 92' lang='lat' dir='ltr'>quasi</span> <span class='ocrx_word' id='word_1_136' title='bbox 527 2335 668 2404; x_wconf 86' lang='lat' dir='ltr'>fortuito</span> <span class='ocrx_word' id='word_1_137' title='bbox 688 2355 868 2421; x_wconf 88' lang='lat' dir='ltr'>consensu,</span> <span class='ocrx_word' id='word_1_138' title='bbox 892 2357 998 2420; x_wconf 91' lang='lat' dir='ltr'>aquo</span> <span class='ocrx_word' id='word_1_139' title='bbox 1018 2336 1158 2422; x_wconf 83' lang='lat' dir='ltr'>singulis</span> <span class='ocrx_word' id='word_1_140' title='bbox 1176 2338 1331 2422; x_wconf 89' lang='lat' dir='ltr'>populis,</span> 
     </span>
     <span class='ocr_line' id='line_1_17' title="bbox 160 2449 1330 2532; baseline -0.002 -14"><span class='ocrx_word' id='word_1_141' title='bbox 160 2452 218 2520; x_wconf 91' lang='lat' dir='ltr'>ubi</span> <span class='ocrx_word' id='word_1_142' title='bbox 252 2451 297 2517; x_wconf 91' lang='lat' dir='ltr'>ita</span> <span class='ocrx_word' id='word_1_143' title='bbox 328 2450 480 2532; x_wconf 87' lang='lat' dir='ltr'>videtur,</span> <span class='ocrx_word' id='word_1_144' title='bbox 514 2449 663 2517; x_wconf 87' lang='lat' dir='ltr'>recedere</span> <span class='ocrx_word' id='word_1_145' title='bbox 697 2449 834 2517; x_wconf 91' lang='lat' dir='ltr'>liberum</span> <span class='ocrx_word' id='word_1_146' title='bbox 857 2465 906 2516; x_wconf 88' lang='lat' dir='ltr'>est</span> <span class='ocrx_word' id='word_1_147' title='bbox 925 2453 955 2514; x_wconf 86' lang='lat'>⁸:</span> <span class='ocrx_word' id='word_1_148' title='bbox 980 2465 1013 2516; x_wconf 90' lang='lat' dir='ltr'>et</span> <span class='ocrx_word' id='word_1_149' title='bbox 1033 2449 1090 2517; x_wconf 91' lang='lat' dir='ltr'>ubi</span> <span class='ocrx_word' id='word_1_150' title='bbox 1112 2450 1330 2530; x_wconf 88' lang='lat' dir='ltr'>observatur,</span> 
     </span>
     <span class='ocr_line' id='line_1_18' title="bbox 160 2560 1331 2644; baseline -0.003 -14"><span class='ocrx_word' id='word_1_151' title='bbox 160 2583 228 2630; x_wconf 93' lang='lat' dir='ltr'>non</span> <span class='ocrx_word' id='word_1_152' title='bbox 258 2563 381 2629; x_wconf 89' lang='lat' dir='ltr'>directa</span> <span class='ocrx_word' id='word_1_153' title='bbox 411 2576 459 2628; x_wconf 90' lang='lat' dir='ltr'>est</span> <span class='ocrx_word' id='word_1_154' title='bbox 482 2560 684 2644; x_wconf 89' lang='lat' dir='ltr'>acquisitio,</span> <span class='ocrx_word' id='word_1_155' title='bbox 711 2560 769 2628; x_wconf 87' lang='lat' dir='ltr'>sed</span> <span class='ocrx_word' id='word_1_156' title='bbox 791 2561 884 2626; x_wconf 91' lang='lat' dir='ltr'>brevi</span> <span class='ocrx_word' id='word_1_157' title='bbox 909 2579 1016 2630; x_wconf 86' lang='lat' dir='ltr'>manu.</span> <span class='ocrx_word' id='word_1_158' title='bbox 1061 2560 1230 2628; x_wconf 90' lang='lat' dir='ltr'>Praeterea</span> <span class='ocrx_word' id='word_1_159' title='bbox 1251 2581 1331 2628; x_wconf 92' lang='lat' dir='ltr'>vero</span> 
     </span>
     <span class='ocr_line' id='line_1_19' title="bbox 161 2671 1334 2760; baseline -0.002 -20"><span class='ocrx_word' id='word_1_160' title='bbox 161 2675 299 2760; x_wconf 85' lang='lat' dir='ltr'>regula</span> <span class='ocrx_word' id='word_1_161' title='bbox 307 2673 368 2740; x_wconf 90' lang='lat' dir='ltr'>ista</span> <span class='ocrx_word' id='word_1_162' title='bbox 401 2673 470 2741; x_wconf 88' lang='lat' dir='ltr'>sine</span> <span class='ocrx_word' id='word_1_163' title='bbox 502 2671 689 2740; x_wconf 87' lang='lat' dir='ltr'>discrimine</span> <span class='ocrx_word' id='word_1_164' title='bbox 713 2671 912 2740; x_wconf 87' lang='lat' dir='ltr'>admittenda</span> <span class='ocrx_word' id='word_1_165' title='bbox 935 2692 1001 2740; x_wconf 91' lang='lat' dir='ltr'>non</span> <span class='ocrx_word' id='word_1_166' title='bbox 1025 2687 1084 2740; x_wconf 90' lang='lat' dir='ltr'>est</span> <span class='ocrx_word' id='word_1_167' title='bbox 1130 2672 1251 2740; x_wconf 88' lang='lat' dir='ltr'>Praeda</span> <span class='ocrx_word' id='word_1_168' title='bbox 1275 2688 1334 2740; x_wconf 91' lang='lat' dir='ltr'>aut</span> 
     </span>
     <span class='ocr_line' id='line_1_20' title="bbox 163 2783 1469 2868; baseline -0.001 -17"><span class='ocrx_word' id='word_1_169' title='bbox 163 2787 195 2854; x_wconf 94' lang='lat' dir='ltr'>in</span> <span class='ocrx_word' id='word_1_170' title='bbox 231 2805 373 2852; x_wconf 85' lang='lat' dir='ltr'>excursu</span> <span class='ocrx_word' id='word_1_171' title='bbox 406 2800 463 2853; x_wconf 87' lang='lat' dir='ltr'>aut</span> <span class='ocrx_word' id='word_1_172' title='bbox 497 2786 531 2852; x_wconf 91' lang='lat' dir='ltr'>iu</span> <span class='ocrx_word' id='word_1_173' title='bbox 564 2784 738 2868; x_wconf 90' lang='lat' dir='ltr'>procinctu</span> <span class='ocrx_word' id='word_1_174' title='bbox 771 2783 928 2867; x_wconf 61' lang='lat' dir='ltr'>capitur„</span> <span class='ocrx_word' id='word_1_175' title='bbox 960 2783 1034 2850; x_wconf 84' lang='lat' dir='ltr'>Itali</span> <span class='ocrx_word' id='word_1_176' title='bbox 1068 2783 1221 2852; x_wconf 87' lang='lat' dir='ltr'>doctores</span> <span class='ocrx_word' id='word_1_177' title='bbox 1250 2783 1334 2852; x_wconf 94' lang='lat' dir='ltr'>illud</span> <span class='ocrx_word' id='word_1_178' title='bbox 1347 2805 1469 2852; x_wconf 64' lang='lat' dir='ltr'>emur.</span> 
     </span>
     <span class='ocr_line' id='line_1_21' title="bbox 161 2859 1467 2980; baseline 0 -18"><span class='ocrx_word' id='word_1_179' title='bbox 161 2900 378 2980; x_wconf 77' lang='lat' dir='ltr'>carrariam,</span> <span class='ocrx_word' id='word_1_180' title='bbox 402 2897 465 2964; x_wconf 92' lang='lat' dir='ltr'>hoc</span> <span class='ocrx_word' id='word_1_181' title='bbox 487 2897 640 2962; x_wconf 78' lang='lat' dir='ltr'>butinam</span> <span class='ocrx_word' id='word_1_182' title='bbox 669 2895 833 2964; x_wconf 83' lang='lat' dir='ltr'>vocant⁸.</span> <span class='ocrx_word' id='word_1_183' title='bbox 877 2895 943 2962; x_wconf 83' lang='lat' dir='ltr'>Res</span> <span class='ocrx_word' id='word_1_184' title='bbox 972 2883 1143 2962; x_wconf 86' lang='lat' dir='ltr'>mobiles</span> <span class='ocrx_word' id='word_1_185' title='bbox 1135 2914 1168 2962; x_wconf 91' lang='lat' dir='ltr'>m</span> <span class='ocrx_word' id='word_1_186' title='bbox 1192 2913 1331 2962; x_wconf 87' lang='lat' dir='ltr'>excursu</span> <span class='ocrx_word' id='word_1_187' title='bbox 1345 2859 1467 2906; x_wconf 62' lang='lat'>⁸⁹⁸¹⁹⁰¹⁵</span> 
     </span>
     <span class='ocr_line' id='line_1_22' title="bbox 162 3006 1333 3093; baseline -0.002 -19"><span class='ocrx_word' id='word_1_188' title='bbox 162 3024 292 3093; x_wconf 89' lang='lat' dir='ltr'>captas,</span> <span class='ocrx_word' id='word_1_189' title='bbox 316 3026 383 3076; x_wconf 92' lang='lat' dir='ltr'>non</span> <span class='ocrx_word' id='word_1_190' title='bbox 402 3007 535 3091; x_wconf 91' lang='lat' dir='ltr'>publica</span> <span class='ocrx_word' id='word_1_191' title='bbox 553 3006 657 3074; x_wconf 92' lang='lat' dir='ltr'>totius</span> <span class='ocrx_word' id='word_1_192' title='bbox 676 3006 839 3076; x_wconf 84' lang='lat' dir='ltr'>exercitus</span> <span class='ocrx_word' id='word_1_193' title='bbox 856 3007 1000 3086; x_wconf 89' lang='lat' dir='ltr'>virtute,</span> <span class='ocrx_word' id='word_1_194' title='bbox 1023 3006 1081 3072; x_wconf 89' lang='lat' dir='ltr'>sed</span> <span class='ocrx_word' id='word_1_195' title='bbox 1099 3006 1333 3090; x_wconf 87' lang='lat' dir='ltr'>populabunda</span> 
     </span>
     <span class='ocr_line' id='line_1_23' title="bbox 161 3116 1332 3204; baseline -0.003 -18"><span class='ocrx_word' id='word_1_196' title='bbox 161 3139 283 3203; x_wconf 88' lang='lat' dir='ltr'>manu,</span> <span class='ocrx_word' id='word_1_197' title='bbox 307 3137 382 3188; x_wconf 89' lang='lat' dir='ltr'>cum</span> <span class='ocrx_word' id='word_1_198' title='bbox 404 3118 565 3204; x_wconf 80' lang='lat' dir='ltr'>ejusmodi</span> <span class='ocrx_word' id='word_1_199' title='bbox 588 3119 753 3186; x_wconf 88' lang='lat' dir='ltr'>actionum</span> <span class='ocrx_word' id='word_1_200' title='bbox 777 3118 855 3186; x_wconf 86' lang='lat' dir='ltr'>finis</span> <span class='ocrx_word' id='word_1_201' title='bbox 874 3137 976 3202; x_wconf 89' lang='lat' dir='ltr'>prope</span> <span class='ocrx_word' id='word_1_202' title='bbox 997 3116 1116 3184; x_wconf 89' lang='lat' dir='ltr'>unicus</span> <span class='ocrx_word' id='word_1_203' title='bbox 1138 3118 1183 3184; x_wconf 89' lang='lat' dir='ltr'>sit</span> <span class='ocrx_word' id='word_1_204' title='bbox 1203 3118 1332 3186; x_wconf 90' lang='lat' dir='ltr'>hostem</span> 
     </span>
     <span class='ocr_line' id='line_1_24' title="bbox 163 3227 1333 3314; baseline -0.003 -16"><span class='ocrx_word' id='word_1_205' title='bbox 163 3231 280 3298; x_wconf 73' lang='lat' dir='ltr'>damam</span> <span class='ocrx_word' id='word_1_206' title='bbox 300 3229 448 3312; x_wconf 87' lang='lat' dir='ltr'>afficere,</span> <span class='ocrx_word' id='word_1_207' title='bbox 472 3245 506 3296; x_wconf 91' lang='lat' dir='ltr'>et</span> <span class='ocrx_word' id='word_1_208' title='bbox 527 3244 661 3314; x_wconf 91' lang='lat' dir='ltr'>propter</span> <span class='ocrx_word' id='word_1_209' title='bbox 683 3229 908 3298; x_wconf 89' lang='lat' dir='ltr'>difficultatem</span> <span class='ocrx_word' id='word_1_210' title='bbox 932 3228 1179 3312; x_wconf 89' lang='lat' dir='ltr'>inquisitionis,</span> <span class='ocrx_word' id='word_1_211' title='bbox 1203 3227 1333 3312; x_wconf 85' lang='lat' dir='ltr'>capien-</span> 
     </span>
     <span class='ocr_line' id='line_1_25' title="bbox 162 3338 1332 3426; baseline -0.002 -18"><span class='ocrx_word' id='word_1_212' title='bbox 162 3342 253 3410; x_wconf 86' lang='lat' dir='ltr'>tibus</span> <span class='ocrx_word' id='word_1_213' title='bbox 275 3340 415 3426; x_wconf 81' lang='lat' dir='ltr'>singulis</span> <span class='ocrx_word' id='word_1_214' title='bbox 447 3359 618 3410; x_wconf 87' lang='lat' dir='ltr'>concessas</span> <span class='ocrx_word' id='word_1_215' title='bbox 642 3340 804 3420; x_wconf 84' lang='lat' dir='ltr'>arbitror,</span> <span class='ocrx_word' id='word_1_216' title='bbox 838 3339 901 3407; x_wconf 92' lang='lat' dir='ltr'>nisi</span> <span class='ocrx_word' id='word_1_217' title='bbox 926 3338 1016 3406; x_wconf 93' lang='lat' dir='ltr'>aliud</span> <span class='ocrx_word' id='word_1_218' title='bbox 1038 3354 1147 3406; x_wconf 88' lang='lat' dir='ltr'>actum</span> <span class='ocrx_word' id='word_1_219' title='bbox 1166 3353 1332 3423; x_wconf 85' lang='lat' dir='ltr'>appareat.</span> 
     </span>
    </p>
   </div>
   <div class='ocr_carea' id='block_1_3' title="bbox 163 3449 1334 3537">
    <p class='ocr_par' dir='ltr' id='par_1_3' title="bbox 163 3449 1334 3537">
     <span class='ocr_line' id='line_1_26' title="bbox 163 3449 1334 3537; baseline -0.002 -17"><span class='ocrx_word' id='word_1_220' title='bbox 163 3453 280 3535; x_wconf 89' lang='lat' dir='ltr'>Atque</span> <span class='ocrx_word' id='word_1_221' title='bbox 303 3452 347 3518; x_wconf 90' lang='lat' dir='ltr'>ita</span> <span class='ocrx_word' id='word_1_222' title='bbox 370 3452 404 3518; x_wconf 91' lang='lat' dir='ltr'>in</span> <span class='ocrx_word' id='word_1_223' title='bbox 425 3451 647 3537; x_wconf 81' lang='lat' dir='ltr'>singularibus</span> <span class='ocrx_word' id='word_1_224' title='bbox 668 3451 936 3518; x_wconf 88' lang='lat' dir='ltr'>dimicationibus</span> <span class='ocrx_word' id='word_1_225' title='bbox 955 3450 1061 3535; x_wconf 88' lang='lat' dir='ltr'>spolia</span> <span class='ocrx_word' id='word_1_226' title='bbox 1081 3450 1169 3520; x_wconf 91' lang='lat' dir='ltr'>hosti</span> <span class='ocrx_word' id='word_1_227' title='bbox 1190 3449 1334 3518; x_wconf 86' lang='lat' dir='ltr'>detracta</span> 
     </span>
    </p>
   </div>
   <div class='ocr_carea' id='block_1_4' title="bbox 161 3708 1335 4589">
    <p class='ocr_par' dir='ltr' id='par_1_4' title="bbox 161 3708 1335 4589">
     <span class='ocr_line' id='line_1_27' title="bbox 195 3708 1334 3776; baseline -0.003 -14"><span class='ocrx_word' id='word_1_228' title='bbox 195 3711 256 3762; x_wconf 85' lang='lat' dir='ltr'>¹de</span> <span class='ocrx_word' id='word_1_229' title='bbox 282 3712 343 3773; x_wconf 82' lang='lat' dir='ltr'>ling.</span> <span class='ocrx_word' id='word_1_230' title='bbox 369 3713 422 3760; x_wconf 77' lang='lat' dir='ltr'>Lat.</span> <span class='ocrx_word' id='word_1_231' title='bbox 449 3715 466 3761; x_wconf 88' lang='lat'>1.</span> <span class='ocrx_word' id='word_1_232' title='bbox 486 3725 508 3768; x_wconf 79' lang='lat'>⁵·</span> <span class='ocrx_word' id='word_1_233' title='bbox 528 3712 562 3775; x_wconf 76' lang='grc' dir='ltr'>[ς.</span> <span class='ocrx_word' id='word_1_234' title='bbox 583 3714 637 3771; x_wconf 84' lang='lat'>178.</span> <span class='ocrx_word' id='word_1_235' title='bbox 656 3713 697 3762; x_wconf 87' lang='lat' dir='ltr'>ed.</span> <span class='ocrx_word' id='word_1_236' title='bbox 714 3711 803 3774; x_wconf 89' lang='lat' dir='ltr'>Mull.]</span> <span class='ocrx_word' id='word_1_237' title='bbox 838 3708 884 3763; x_wconf 75' lang='lat'>²1.</span> <span class='ocrx_word' id='word_1_238' title='bbox 903 3711 924 3760; x_wconf 86' lang='lat' dir='ltr'>si</span> <span class='ocrx_word' id='word_1_239' title='bbox 943 3711 1069 3773; x_wconf 81' lang='lat' dir='ltr'>captivus.</span> <span class='ocrx_word' id='word_1_240' title='bbox 1087 3714 1110 3770; x_wconf 68' lang='grc' dir='ltr'>ξ.</span> <span class='ocrx_word' id='word_1_241' title='bbox 1131 3725 1152 3760; x_wconf 89' lang='grc' dir='ltr'>ι.</span> <span class='ocrx_word' id='word_1_242' title='bbox 1172 3709 1217 3776; x_wconf 89' lang='grc'><strong>[1).</strong></span> <span class='ocrx_word' id='word_1_243' title='bbox 1234 3724 1275 3774; x_wconf 84' lang='grc'>49.</span> <span class='ocrx_word' id='word_1_244' title='bbox 1296 3723 1334 3767; x_wconf 77' lang='lat' dir='ltr'>rs.</span> 
     </span>
     <span class='ocr_line' id='line_1_28' title="bbox 163 3801 1335 3867; baseline -0.002 -13"><span class='ocrx_word' id='word_1_245' title='bbox 163 3804 216 3866; x_wconf 75' lang='lat' dir='ltr'>am]</span> <span class='ocrx_word' id='word_1_246' title='bbox 236 3816 263 3853; x_wconf 87' lang='lat' dir='ltr'>et</span> <span class='ocrx_word' id='word_1_247' title='bbox 281 3806 299 3852; x_wconf 93' lang='lat' dir='ltr'>l.</span> <span class='ocrx_word' id='word_1_248' title='bbox 317 3803 340 3851; x_wconf 86' lang='lat' dir='ltr'>si</span> <span class='ocrx_word' id='word_1_249' title='bbox 364 3803 427 3864; x_wconf 90' lang='lat' dir='ltr'>quid</span> <span class='ocrx_word' id='word_1_250' title='bbox 452 3803 532 3852; x_wconf 89' lang='lat' dir='ltr'>bello.</span> <span class='ocrx_word' id='word_1_251' title='bbox 558 3802 588 3867; x_wconf 91' lang='lat'>[1.</span> <span class='ocrx_word' id='word_1_252' title='bbox 611 3803 664 3865; x_wconf 68' lang='lat' dir='ltr'>ab]</span> <span class='ocrx_word' id='word_1_253' title='bbox 684 3805 742 3852; x_wconf 85' lang='lat' dir='ltr'>eod.</span> <span class='ocrx_word' id='word_1_254' title='bbox 760 3803 799 3852; x_wconf 90' lang='lat' dir='ltr'>tit.</span> <span class='ocrx_word' id='word_1_255' title='bbox 832 3801 845 3834; x_wconf 85' lang='lat'><strong>¹</strong></span> <span class='ocrx_word' id='word_1_256' title='bbox 861 3804 893 3851; x_wconf 91' lang='lat' dir='ltr'>V.</span> <span class='ocrx_word' id='word_1_257' title='bbox 911 3815 986 3865; x_wconf 83' lang='lat' dir='ltr'>supra</span> <span class='ocrx_word' id='word_1_258' title='bbox 1004 3804 1035 3852; x_wconf 85' lang='lat' dir='ltr'>acl</span> <span class='ocrx_word' id='word_1_259' title='bbox 1053 3813 1118 3863; x_wconf 87' lang='lat' dir='ltr'>part.</span> <span class='ocrx_word' id='word_1_260' title='bbox 1138 3815 1161 3852; x_wconf 87' lang='lat'>1.</span> <span class='ocrx_word' id='word_1_261' title='bbox 1179 3813 1225 3851; x_wconf 86' lang='lat' dir='ltr'>art.</span> <span class='ocrx_word' id='word_1_262' title='bbox 1243 3815 1267 3852; x_wconf 85' lang='lat' dir='ltr'>a.</span> <span class='ocrx_word' id='word_1_263' title='bbox 1284 3803 1335 3852; x_wconf 87' lang='lat' dir='ltr'>boc</span> 
     </span>
     <span class='ocr_line' id='line_1_29' title="bbox 162 3891 1334 3958; baseline -0.001 -14"><span class='ocrx_word' id='word_1_264' title='bbox 162 3909 219 3956; x_wconf 78' lang='lat' dir='ltr'>erp.</span> <span class='ocrx_word' id='word_1_265' title='bbox 237 3907 262 3944; x_wconf 86' lang='lat' dir='ltr'>et</span> <span class='ocrx_word' id='word_1_266' title='bbox 281 3893 318 3943; x_wconf 90' lang='lat' dir='ltr'>ibi</span> <span class='ocrx_word' id='word_1_267' title='bbox 342 3897 428 3943; x_wconf 86' lang='lat' dir='ltr'>locum</span> <span class='ocrx_word' id='word_1_268' title='bbox 451 3894 583 3955; x_wconf 85' lang='lat' dir='ltr'>Procopii.</span> <span class='ocrx_word' id='word_1_269' title='bbox 607 3895 683 3944; x_wconf 86' lang='lat' dir='ltr'>Duar.</span> <span class='ocrx_word' id='word_1_270' title='bbox 708 3894 734 3944; x_wconf 93' lang='lat' dir='ltr'>ln</span> <span class='ocrx_word' id='word_1_271' title='bbox 753 3893 792 3944; x_wconf 85' lang='lat' dir='ltr'>tit.</span> <span class='ocrx_word' id='word_1_272' title='bbox 812 3895 844 3942; x_wconf 87' lang='lat' dir='ltr'>de</span> <span class='ocrx_word' id='word_1_273' title='bbox 861 3907 917 3955; x_wconf 85' lang='lat' dir='ltr'>aeq.</span> <span class='ocrx_word' id='word_1_274' title='bbox 934 3907 983 3943; x_wconf 91' lang='lat' dir='ltr'>rer.</span> <span class='ocrx_word' id='word_1_275' title='bbox 1002 3895 1070 3942; x_wconf 93' lang='lat' dir='ltr'>dom.</span> <span class='ocrx_word' id='word_1_276' title='bbox 1089 3893 1133 3958; x_wconf 91' lang='lat' dir='ltr'>[D.</span> <span class='ocrx_word' id='word_1_277' title='bbox 1150 3907 1192 3955; x_wconf 87' lang='lat'>41.</span> <span class='ocrx_word' id='word_1_278' title='bbox 1213 3891 1248 3956; x_wconf 88' lang='lat' dir='ltr'>r.]</span> <span class='ocrx_word' id='word_1_279' title='bbox 1269 3907 1291 3943; x_wconf 90' lang='lat' dir='ltr'>c.</span> <span class='ocrx_word' id='word_1_280' title='bbox 1310 3907 1334 3952; x_wconf 78' lang='lat' dir='ltr'>s·</span> 
     </span>
     <span class='ocr_line' id='line_1_30' title="bbox 163 3983 1333 4046; baseline -0.003 -12"><span class='ocrx_word' id='word_1_281' title='bbox 163 3984 252 4044; x_wconf 83' lang='lat' dir='ltr'>cujac.</span> <span class='ocrx_word' id='word_1_282' title='bbox 271 3985 333 4034; x_wconf 86' lang='lat' dir='ltr'>Obs.</span> <span class='ocrx_word' id='word_1_283' title='bbox 351 3987 368 4034; x_wconf 89' lang='lat' dir='ltr'>l.</span> <span class='ocrx_word' id='word_1_284' title='bbox 389 3998 427 4046; x_wconf 77' lang='grc' dir='ltr'><strong>ι4.</strong></span> <span class='ocrx_word' id='word_1_285' title='bbox 443 3999 466 4034; x_wconf 87' lang='lat' dir='ltr'>c.</span> <span class='ocrx_word' id='word_1_286' title='bbox 485 3999 509 4044; x_wconf 81' lang='lat'>7.</span> <span class='ocrx_word' id='word_1_287' title='bbox 542 3984 554 4017; x_wconf 90' lang='lat'><strong>⁴</strong></span> <span class='ocrx_word' id='word_1_288' title='bbox 572 3987 613 4034; x_wconf 86' lang='lat' dir='ltr'>Gl.</span> <span class='ocrx_word' id='word_1_289' title='bbox 632 3986 658 4034; x_wconf 90' lang='lat' dir='ltr'>ln</span> <span class='ocrx_word' id='word_1_290' title='bbox 677 3999 699 4035; x_wconf 90' lang='lat' dir='ltr'>c.</span> <span class='ocrx_word' id='word_1_291' title='bbox 718 3986 794 4034; x_wconf 80' lang='lat' dir='ltr'>sieut.</span> <span class='ocrx_word' id='word_1_292' title='bbox 813 3985 845 4034; x_wconf 86' lang='lat' dir='ltr'>de</span> <span class='ocrx_word' id='word_1_293' title='bbox 860 3983 966 4043; x_wconf 79' lang='lat' dir='ltr'>jureiur.</span> <span class='ocrx_word' id='word_1_294' title='bbox 984 3985 1075 4034; x_wconf 89' lang='lat' dir='ltr'>Thom.</span> <span class='ocrx_word' id='word_1_295' title='bbox 1093 3984 1137 4033; x_wconf 87' lang='lat' dir='ltr'>lib.</span> <span class='ocrx_word' id='word_1_296' title='bbox 1156 3996 1180 4041; x_wconf 79' lang='lat'>³·</span> <span class='ocrx_word' id='word_1_297' title='bbox 1198 3986 1229 4033; x_wconf 91' lang='lat' dir='ltr'>de</span> <span class='ocrx_word' id='word_1_298' title='bbox 1246 3984 1333 4046; x_wconf 76' lang='lat' dir='ltr'>regim.</span> 
     </span>
     <span class='ocr_line' id='line_1_31' title="bbox 161 4073 1333 4139; baseline -0.002 -15"><span class='ocrx_word' id='word_1_299' title='bbox 161 4077 247 4125; x_wconf 87' lang='lat' dir='ltr'>Princ.</span> <span class='ocrx_word' id='word_1_300' title='bbox 274 4090 298 4125; x_wconf 87' lang='lat' dir='ltr'>c.</span> <span class='ocrx_word' id='word_1_301' title='bbox 323 4090 347 4125; x_wconf 86' lang='lat' dir='ltr'>a.</span> <span class='ocrx_word' id='word_1_302' title='bbox 373 4077 449 4127; x_wconf 85' lang='lat' dir='ltr'>Hadr.</span> <span class='ocrx_word' id='word_1_303' title='bbox 472 4077 499 4124; x_wconf 91' lang='lat' dir='ltr'>in</span> <span class='ocrx_word' id='word_1_304' title='bbox 524 4090 549 4139; x_wconf 84' lang='lat'>4.</span> <span class='ocrx_word' id='word_1_305' title='bbox 575 4087 638 4125; x_wconf 85' lang='lat' dir='ltr'>sent.</span> <span class='ocrx_word' id='word_1_306' title='bbox 664 4087 736 4126; x_wconf 86' lang='lat' dir='ltr'>tract.</span> <span class='ocrx_word' id='word_1_307' title='bbox 763 4077 794 4124; x_wconf 91' lang='lat' dir='ltr'>de</span> <span class='ocrx_word' id='word_1_308' title='bbox 817 4087 876 4125; x_wconf 85' lang='lat' dir='ltr'>rest.</span> <span class='ocrx_word' id='word_1_309' title='bbox 894 4080 916 4135; x_wconf 62' lang='grc' dir='ltr'>ς.</span> <span class='ocrx_word' id='word_1_310' title='bbox 933 4073 1065 4137; x_wconf 81' lang='lat' dir='ltr'>aggredior</span> <span class='ocrx_word' id='word_1_311' title='bbox 1082 4088 1162 4125; x_wconf 86' lang='lat' dir='ltr'>casus.</span> <span class='ocrx_word' id='word_1_312' title='bbox 1180 4075 1247 4123; x_wconf 87' lang='lat' dir='ltr'>Flor.</span> <span class='ocrx_word' id='word_1_313' title='bbox 1263 4087 1290 4134; x_wconf 91' lang='lat' dir='ltr'>p.</span> <span class='ocrx_word' id='word_1_314' title='bbox 1309 4087 1333 4132; x_wconf 78' lang='lat' dir='ltr'>s.</span> 
     </span>
     <span class='ocr_line' id='line_1_32' title="bbox 161 4164 1333 4232; baseline -0.003 -16"><span class='ocrx_word' id='word_1_315' title='bbox 161 4167 201 4216; x_wconf 89' lang='lat' dir='ltr'>tit.</span> <span class='ocrx_word' id='word_1_316' title='bbox 224 4182 250 4229; x_wconf 89' lang='grc'>4.</span> <span class='ocrx_word' id='word_1_317' title='bbox 275 4180 299 4217; x_wconf 88' lang='lat' dir='ltr'>c.</span> <span class='ocrx_word' id='word_1_318' title='bbox 326 4181 347 4216; x_wconf 89' lang='grc' dir='ltr'>ι.</span> <span class='ocrx_word' id='word_1_319' title='bbox 370 4169 427 4230; x_wconf 90' lang='lat' dir='ltr'>Joh.</span> <span class='ocrx_word' id='word_1_320' title='bbox 452 4164 545 4224; x_wconf 82' lang='lat' dir='ltr'>Maior.</span> <span class='ocrx_word' id='word_1_321' title='bbox 571 4165 597 4215; x_wconf 94' lang='lat' dir='ltr'>in</span> <span class='ocrx_word' id='word_1_322' title='bbox 623 4180 647 4227; x_wconf 90' lang='grc'>4.</span> <span class='ocrx_word' id='word_1_323' title='bbox 674 4167 732 4216; x_wconf 80' lang='lat' dir='ltr'>dist.</span> <span class='ocrx_word' id='word_1_324' title='bbox 762 4179 800 4223; x_wconf 82' lang='lat' dir='ltr'>rs.</span> <span class='ocrx_word' id='word_1_325' title='bbox 825 4181 868 4232; x_wconf 63' lang='lat' dir='ltr'>op.</span> <span class='ocrx_word' id='word_1_326' title='bbox 895 4180 935 4216; x_wconf 85' lang='lat' dir='ltr'>ao.</span> <span class='ocrx_word' id='word_1_327' title='bbox 961 4168 1040 4226; x_wconf 79' lang='lat' dir='ltr'>Alph.</span> <span class='ocrx_word' id='word_1_328' title='bbox 1057 4179 1071 4213; x_wconf 84' lang='lat' dir='ltr'>a</span> <span class='ocrx_word' id='word_1_329' title='bbox 1089 4167 1178 4213; x_wconf 88' lang='lat' dir='ltr'>Castro</span> <span class='ocrx_word' id='word_1_330' title='bbox 1196 4165 1241 4213; x_wconf 89' lang='lat' dir='ltr'>lib.</span> <span class='ocrx_word' id='word_1_331' title='bbox 1260 4178 1283 4212; x_wconf 83' lang='lat'>2.</span> <span class='ocrx_word' id='word_1_332' title='bbox 1301 4165 1333 4212; x_wconf 89' lang='lat' dir='ltr'>de</span> 
     </span>
     <span class='ocr_line' id='line_1_33' title="bbox 162 4256 1332 4320; baseline -0.005 -12"><span class='ocrx_word' id='word_1_333' title='bbox 162 4257 221 4316; x_wconf 80' lang='lat' dir='ltr'>lust.</span> <span class='ocrx_word' id='word_1_334' title='bbox 238 4271 301 4319; x_wconf 87' lang='lat' dir='ltr'>pun.</span> <span class='ocrx_word' id='word_1_335' title='bbox 320 4259 414 4308; x_wconf 80' lang='lat' dir='ltr'>haeret.</span> <span class='ocrx_word' id='word_1_336' title='bbox 435 4271 457 4308; x_wconf 89' lang='lat' dir='ltr'>t.</span> <span class='ocrx_word' id='word_1_337' title='bbox 478 4272 516 4320; x_wconf 65' lang='lat'>14</span> <span class='ocrx_word' id='word_1_338' title='bbox 535 4259 613 4308; x_wconf 80' lang='lat' dir='ltr'>Andr.</span> <span class='ocrx_word' id='word_1_339' title='bbox 631 4257 716 4318; x_wconf 87' lang='lat' dir='ltr'>Tiraq.</span> <span class='ocrx_word' id='word_1_340' title='bbox 734 4260 766 4308; x_wconf 89' lang='lat' dir='ltr'>de</span> <span class='ocrx_word' id='word_1_341' title='bbox 779 4260 844 4319; x_wconf 75' lang='lat' dir='ltr'>legg.</span> <span class='ocrx_word' id='word_1_342' title='bbox 862 4270 954 4308; x_wconf 88' lang='lat' dir='ltr'>comm.</span> <span class='ocrx_word' id='word_1_343' title='bbox 970 4259 988 4306; x_wconf 90' lang='lat'>1.</span> <span class='ocrx_word' id='word_1_344' title='bbox 1008 4271 1030 4306; x_wconf 91' lang='grc' dir='ltr'>ι.</span> <span class='ocrx_word' id='word_1_345' title='bbox 1047 4271 1073 4306; x_wconf 91' lang='lat' dir='ltr'>n.</span> <span class='ocrx_word' id='word_1_346' title='bbox 1091 4257 1132 4317; x_wconf 82' lang='lat'>4⁶·</span> <span class='ocrx_word' id='word_1_347' title='bbox 1150 4256 1332 4304; x_wconf 76' lang='lat' dir='ltr'>Covmmadd.</span> 
     </span>
     <span class='ocr_line' id='line_1_34' title="bbox 168 4345 1332 4411; baseline -0.003 -13"><span class='ocrx_word' id='word_1_348' title='bbox 168 4364 191 4398; x_wconf 87' lang='lat' dir='ltr'>c.</span> <span class='ocrx_word' id='word_1_349' title='bbox 207 4360 343 4411; x_wconf 84' lang='lat' dir='ltr'>peceatum</span> <span class='ocrx_word' id='word_1_350' title='bbox 361 4363 387 4410; x_wconf 88' lang='lat' dir='ltr'>p.</span> <span class='ocrx_word' id='word_1_351' title='bbox 406 4363 429 4400; x_wconf 72' lang='grc' dir='ltr'>ι.</span> <span class='ocrx_word' id='word_1_352' title='bbox 447 4353 470 4408; x_wconf 72' lang='lat' dir='ltr'>l.</span> <span class='ocrx_word' id='word_1_353' title='bbox 490 4363 528 4398; x_wconf 93' lang='grc' dir='ltr'>ιι.</span> <span class='ocrx_word' id='word_1_354' title='bbox 546 4349 615 4400; x_wconf 88' lang='lat' dir='ltr'>Vict.</span> <span class='ocrx_word' id='word_1_355' title='bbox 632 4351 665 4400; x_wconf 84' lang='lat' dir='ltr'>de</span> <span class='ocrx_word' id='word_1_356' title='bbox 681 4347 894 4406; x_wconf 68' lang='lat' dir='ltr'>interstitium.</span> <span class='ocrx_word' id='word_1_357' title='bbox 928 4347 939 4380; x_wconf 62' lang='lat' dir='ltr'>l</span> <span class='ocrx_word' id='word_1_358' title='bbox 956 4350 987 4397; x_wconf 90' lang='lat' dir='ltr'>V.</span> <span class='ocrx_word' id='word_1_359' title='bbox 998 4362 1020 4398; x_wconf 87' lang='lat' dir='ltr'>c.</span> <span class='ocrx_word' id='word_1_360' title='bbox 1031 4349 1154 4407; x_wconf 63' lang='lat' dir='ltr'>andrea.</span> <span class='ocrx_word' id='word_1_361' title='bbox 1165 4349 1189 4394; x_wconf 83' lang='grc'>8.</span> <span class='ocrx_word' id='word_1_362' title='bbox 1222 4345 1332 4405; x_wconf 70' lang='lat' dir='ltr'>‘supa</span> 
     </span>
     <span class='ocr_line' id='line_1_35' title="bbox 163 4438 1331 4504; baseline -0.003 -16"><span class='ocrx_word' id='word_1_363' title='bbox 163 4439 189 4488; x_wconf 86' lang='lat' dir='ltr'>in</span> <span class='ocrx_word' id='word_1_364' title='bbox 214 4442 232 4488; x_wconf 87' lang='lat' dir='ltr'>l.</span> <span class='ocrx_word' id='word_1_365' title='bbox 256 4439 288 4487; x_wconf 85' lang='lat' dir='ltr'>ab</span> <span class='ocrx_word' id='word_1_366' title='bbox 311 4439 436 4490; x_wconf 84' lang='lat' dir='ltr'>hostibus.</span> <span class='ocrx_word' id='word_1_367' title='bbox 462 4443 491 4488; x_wconf 87' lang='lat' dir='ltr'>e.</span> <span class='ocrx_word' id='word_1_368' title='bbox 508 4442 539 4490; x_wconf 88' lang='lat' dir='ltr'>de</span> <span class='ocrx_word' id='word_1_369' title='bbox 560 4452 628 4503; x_wconf 81' lang='lat' dir='ltr'>capt.</span> <span class='ocrx_word' id='word_1_370' title='bbox 647 4438 691 4504; x_wconf 92' lang='lat' dir='ltr'>[c.</span> <span class='ocrx_word' id='word_1_371' title='bbox 710 4443 733 4489; x_wconf 85' lang='lat'>8.</span> <span class='ocrx_word' id='word_1_372' title='bbox 752 4453 792 4496; x_wconf 80' lang='lat' dir='ltr'>st.</span> <span class='ocrx_word' id='word_1_373' title='bbox 813 4438 863 4503; x_wconf 76' lang='lat' dir='ltr'>ra]</span> <span class='ocrx_word' id='word_1_374' title='bbox 884 4440 968 4490; x_wconf 84' lang='lat' dir='ltr'>etalii</span> <span class='ocrx_word' id='word_1_375' title='bbox 985 4439 1056 4488; x_wconf 87' lang='lat' dir='ltr'>citati</span> <span class='ocrx_word' id='word_1_376' title='bbox 1074 4453 1088 4486; x_wconf 83' lang='lat' dir='ltr'>a</span> <span class='ocrx_word' id='word_1_377' title='bbox 1106 4439 1197 4486; x_wconf 87' lang='lat' dir='ltr'>Thom.</span> <span class='ocrx_word' id='word_1_378' title='bbox 1221 4438 1331 4484; x_wconf 83' lang='lat' dir='ltr'>Gramm.</span> 
     </span>
     <span class='ocr_line' id='line_1_36' title="bbox 164 4531 390 4589; baseline -0.004 -10"><span class='ocrx_word' id='word_1_379' title='bbox 164 4531 227 4580; x_wconf 87' lang='lat' dir='ltr'>Dee.</span> <span class='ocrx_word' id='word_1_380' title='bbox 246 4543 330 4589; x_wconf 82' lang='lat' dir='ltr'>71.n.</span> <span class='ocrx_word' id='word_1_381' title='bbox 351 4533 390 4579; x_wconf 84' lang='lat'>18.</span> 
     </span>
    </p>
   </div>
   <div class='ocr_carea' id='block_1_5' title="bbox 0 0 1665 5494">
    <p class='ocr_par' dir='ltr' id='par_1_5' title="bbox 0 0 1665 5494">
     <span class='ocr_line' id='line_1_37' title="bbox 0 0 1665 5494; baseline 0 0"><span class='ocrx_word' id='word_1_382' title='bbox 0 0 1665 5494; x_wconf 95' lang='lat' dir='ltr'> </span> 
     </span>
    </p>
   </div>
  </div>
 </body>
</html>
