3362 5504
322 592 377 664 348
804 605 1011 648 uocumuurn.

319 792 350 838 et
380 781 519 853 navibus,
549 779 638 838 carris
658 791 688 838 et
709 781 808 854 equis,
830 780 935 854 quibus
956 795 1063 838 merces
1085 778 1234 852 impositae
1256 791 1355 852 erant,
1375 790 1405 837 et
1426 796 1490 838 cae-

321 896 395 942 teras
414 895 561 958 praeterea
579 900 685 957 poenas
709 885 855 952 incurret,
876 901 951 956 quae
971 883 1108 957 deinceps
1126 881 1343 940 indicabuntur.
1373 884 1412 942 Et
1430 901 1490 956 quo

320 989 421 1046 melius
451 1000 664 1061 praevertamus
694 1004 792 1046 omnes
820 987 933 1046 fraudes
963 999 993 1046 et
1023 987 1167 1056 fallacias,
1187 1003 1256 1057 quas
1276 984 1411 1045 adversus
1433 988 1490 1045 hoc

320 1091 449 1150 edictum
481 1092 600 1150 forsitan
626 1094 733 1166 aliquis
754 1103 866 1150 struere
886 1093 977 1165 velit,
997 1107 1132 1165 expresse
1152 1088 1283 1163 jubemus
1304 1106 1402 1148 omnes
1422 1108 1489 1163 por-

321 1197 422 1254 titores
453 1207 482 1252 et
513 1208 661 1256 coactores
689 1209 877 1269 caeterosque
916 1195 1097 1268 magistratus
1130 1206 1243 1254 nostros
1275 1197 1305 1253 in
1338 1196 1490 1271 portibus,

320 1295 435 1370 oppidis
463 1297 564 1354 aliisve
595 1299 666 1356 locis
695 1309 834 1358 terrarum
862 1297 1072 1357 foederatarum
1101 1296 1150 1377 (hi
1181 1311 1276 1358 autem
1306 1301 1489 1358 meminerint

319 1399 505 1474 iurisiurandi
527 1413 556 1459 et
577 1403 708 1475 cogitent
729 1419 757 1459 se
778 1403 907 1476 alioquin
929 1417 1049 1460 munere
1069 1420 1122 1462 suo
1144 1405 1289 1477 privatum
1313 1405 1348 1461 iri
1369 1415 1398 1462 et
1419 1421 1489 1478 poe-

320 1521 369 1562 nas
390 1515 492 1563 nostro
520 1507 642 1564 arbitrio
663 1504 818 1584 daturos),
839 1508 965 1580 reliquos
989 1518 1136 1580 praeterea
1157 1523 1276 1575 omnes,
1296 1509 1346 1580 qui
1368 1509 1489 1580 provin-

319 1610 428 1668 ciarum
459 1608 665 1669 foederataram
698 1610 776 1670 cives
797 1621 865 1668 sunt
885 1613 931 1668 vel
953 1626 998 1668 eas
1016 1612 1224 1684 frequentant,
1245 1623 1278 1670 ut
1299 1629 1399 1684 magna
1420 1627 1490 1669 cura

320 1725 349 1772 et
377 1713 527 1789 diligentia
558 1715 727 1788 inquirant,
758 1732 792 1771 an
825 1725 931 1772 eontra
952 1715 1009 1773 hoc
1033 1713 1159 1773 edictum
1180 1731 1288 1773 merces
1309 1717 1421 1789 aliquae
1442 1717 1489 1772 vel

320 1818 395 1876 bona
426 1818 461 1876 ad
492 1830 593 1892 portus
624 1830 654 1878 ct
684 1817 793 1893 oppida
824 1819 950 1876 hostium
982 1819 1236 1877 transmittantur:
1268 1817 1351 1892 quod
1379 1819 1402 1876 si
1430 1835 1490 1876 esse

319 1933 499 1996 compertum
521 1923 577 1990 sit,
598 1921 729 1996 jubemus
750 1938 858 1980 merces
878 1938 976 1980 omnes
997 1934 1026 1980 et
1047 1922 1124 1981 bona
1151 1939 1216 1981 cum
1239 1923 1379 1996 navibus,
1401 1924 1490 1980 carris

320 2038 350 2085 et
380 2027 481 2100 equis,
511 2027 617 2100 quibus
646 2026 781 2100 imposita
811 2028 887 2096 sint,
914 2024 1040 2086 detineri
1068 2039 1098 2086 et
1125 2028 1287 2101 publicari,
1308 2029 1349 2086 ita
1370 2039 1403 2086 ut
1424 2045 1489 2102 pars

320 2148 377 2192 una
408 2130 490 2190 cedat
521 2130 663 2197 delatori,
691 2131 751 2188 sive
771 2131 953 2204 magistratus
972 2132 1009 2190 sit
1031 2132 1123 2206 reip,
1141 2132 1201 2189 sive
1222 2133 1373 2207 privatus,
1394 2147 1490 2208 partes

320 2251 390 2293 vero
419 2233 491 2294 duae
519 2235 678 2293 inserviant
700 2235 741 2292 rei
763 2235 929 2305 communi,
949 2234 1076 2309 indeque
1092 2238 1224 2294 solvatur
1243 2239 1420 2312 quaesitori,
1438 2239 1489 2312 qui

321 2355 380 2397 rem
409 2336 486 2413 apud
506 2337 616 2412 iudices
638 2350 841 2413 prosequetur.
882 2339 1004 2413 Insuper
1023 2339 1154 2413 jubemus
1176 2357 1242 2399 cum
1264 2339 1396 2399 dominos
1416 2358 1490 2400 mer-

319 2444 417 2512 cium,
449 2455 509 2501 tum
540 2443 736 2500 navicularios
756 2445 803 2500 vel
825 2443 1038 2514 vehicularios,
1059 2460 1183 2518 quorum
1203 2445 1323 2504 navibus
1341 2448 1388 2503 vel
1409 2446 1490 2503 vehi-

319 2548 393 2606 culis
425 2563 532 2605 merces
563 2544 599 2604 ad
626 2547 721 2606 hostes
752 2558 1004 2621 transportentur,
1035 2549 1064 2604 in
1090 2563 1204 2606 carcere
1231 2548 1375 2623 detineri,
1397 2547 1490 2607 donec

319 2655 443 2711 mulctas
464 2651 623 2720 solverint,
644 2667 718 2724 quae
742 2649 874 2724 judicum
895 2653 1038 2711 sententia
1059 2653 1208 2727 impositae
1230 2653 1307 2712 sinte
1327 2653 1379 2712 hae
1399 2656 1489 2712 mulc-

321 2766 366 2815 tae
398 2758 427 2814 in
459 2754 582 2815 dominis
614 2757 751 2815 mercium
773 2755 889 2814 florenis
910 2759 1008 2827 mille,
1029 2758 1058 2815 in
1080 2758 1247 2815 vectoribus
1267 2757 1382 2816 florenis
1405 2759 1490 2831 quin-

320 2860 413 2934 gentis
445 2858 520 2917 haud
548 2859 673 2917 minores
703 2875 762 2916 esse
793 2858 951 2918 debebunt.
1002 2861 1042 2920 Et
1071 2879 1130 2934 quo
1162 2859 1329 2936 diligentius
1359 2861 1490 2920 edictum

320 2965 512 3034 observetur,
540 2964 575 3020 ab
606 2962 740 3021 omnibus
768 2981 841 3037 quos
871 2964 982 3037 aliquid
1010 2967 1039 3022 in
1070 2964 1197 3023 fraudem
1227 2967 1288 3039 ejus
1317 2967 1491 3023 commisisse

320 3080 499 3142 compertum
531 3069 568 3125 sit
600 3068 676 3126 intra
707 3084 814 3126 annum
856 3079 969 3142 praeter
1007 3072 1129 3128 mulctas
1170 3085 1256 3143 supra
1287 3067 1381 3126 dictas
1414 3066 1491 3141 apud

321 3173 504 3246 magistratus
525 3183 554 3230 et
582 3170 708 3245 iudices,
736 3170 771 3229 ad
793 3189 866 3246 quos
887 3189 919 3230 ea
940 3189 984 3231 res
1010 3175 1172 3248 pertineat,
1190 3175 1275 3232 etiam
1297 3173 1391 3247 pretia
1412 3172 1490 3244 exigi

320 3279 454 3334 volumus
475 3277 611 3346 navium,
632 3277 832 3335 vehiculorum
853 3288 882 3334 et
901 3294 1059 3352 equorum:
1078 3296 1131 3337 nec
1153 3281 1240 3337 ullam
1263 3280 1292 3336 in
1304 3279 1489 3336 exsecutione

320 3396 428 3438 moram
456 3381 624 3453 interponi,
655 3384 724 3441 licet
753 3382 901 3441 damnatus
929 3384 1000 3441 alios
1019 3382 1130 3457 judices
1159 3384 1311 3458 appellarit
1332 3395 1361 3440 et
1382 3398 1489 3455 provo-

321 3485 404 3544 carit.
444 3485 577 3558 Denique
606 3485 628 3541 si
657 3485 734 3544 forte
758 3488 821 3560 quis
843 3487 872 3546 in
894 3489 1054 3562 provinciis
1075 3486 1228 3546 foederatis
1248 3504 1358 3545 merces
1379 3487 1487 3560 aliquas

321 3590 368 3648 vel
396 3588 471 3648 bona
501 3590 574 3647 velit
595 3591 791 3654 transmittere
818 3589 853 3648 ad
874 3603 988 3664 gentem
1008 3594 1134 3665 aliquam
1155 3593 1280 3650 vicinam
1302 3603 1332 3650 et
1350 3593 1489 3658 amicam,

321 3691 351 3750 id
382 3693 409 3750 ei
437 3692 531 3751 facere
552 3711 610 3751 non
633 3693 751 3764 licebit,
772 3695 827 3752 nisi
848 3697 929 3769 prius
949 3696 1113 3754 obtinuerit
1134 3707 1323 3754 commeatum
1344 3696 1380 3753 ab
1402 3693 1490 3753 admi·
1578 3730 1582 3737 ·

322 3797 414 3858 ralatu
443 3797 568 3870 generali
597 3808 715 3867 nostro,
738 3801 784 3856 vel
813 3800 849 3857 ab
869 3801 904 3857 iis
924 3800 1030 3873 quibus
1052 3818 1103 3858 nos
1124 3799 1210 3872 hujus
1231 3799 1273 3857 rei
1294 3815 1391 3857 curam
1414 3816 1491 3856 man-

322 3898 504 3967 daverimus,
532 3911 562 3958 et
594 3900 712 3974 insuper
742 3904 851 3961 caverit
871 3905 1058 3973 vectoribus,
1080 3906 1109 3962 in
1132 3919 1256 3978 quorum
1278 3918 1363 3960 naves
1385 3919 1491 3961 merces

322 4004 511 4078 impositurus
532 4004 588 4072 sit,
616 4002 651 4061 de
672 4006 768 4079 pretio
789 4007 906 4065 navium
927 4019 957 4066 et
978 4024 1087 4066 merces
1109 4025 1168 4065 non
1189 4008 1246 4064 alio
1265 4024 1350 4079 quam
1371 4005 1408 4064 ad
1429 4010 1490 4063 loca

322 4109 414 4167 amica
442 4118 667 4181 transportatum
698 4110 750 4180 iri,
778 4109 866 4184 idque
884 4113 966 4170 ,intra
990 4123 1097 4170 certam
1126 4109 1219 4186 diem,
1239 4127 1312 4184 quae
1334 4113 1363 4169 in
1383 4113 1490 4170 instru-

322 4223 421 4269 mento
453 4210 574 4269 indicari
602 4210 719 4272 debeat:
751 4212 855 4286 quodsi
883 4217 967 4274 aliter
994 4216 1114 4290 fecerit,
1136 4217 1231 4273 statim
1252 4213 1346 4274 dictae
1368 4219 1490 4274 mulctae

323 4313 515 4373 damnabitur.
556 4315 728 4375 Mandemus
750 4319 834 4376 etiam
864 4320 997 4378 omnibus
1019 4319 1141 4380 ducibus
1163 4323 1374 4396 praefectisque
1395 4325 1490 4398 copia-

324 4433 387 4476 rum
405 4419 610 4479 maritimarum
630 4433 659 4480 et
673 4423 878 4491 terrestrium,
899 4435 933 4481 ut
954 4423 1108 4498 diligenter
1130 4425 1281 4486 attendant
1303 4444 1419 4501 omnes,
1436 4429 1488 4506 ¹qui
