3310 5482
438 552 485 598 DE
508 551 602 618 JURE
629 551 810 598 Pannona.
835 551 914 598 CAP.
939 553 986 598 lV.
1266 555 1306 622 57

131 710 391 793 concupiscimus
402 704 515 771 aliana
526 726 539 770 .·
563 709 645 790 qaia
664 703 762 770 illius'
779 708 936 792 imperio,
959 705 1052 790 cujus
1073 717 1151 770 tant
1172 712 1305 790 omnia,

127 820 230 896 facta
247 831 325 882 sunt
338 830 474 896 nostra,
498 817 753 901 etjustanostra
772 829 862 880 sunt.
909 815 1042 882 Placent
1062 815 1147 900 Juris
1169 817 1306 885 Pontifi-

131 931 178 996 cii
202 927 380 996 doctores?
424 925 577 992 Pontifex
612 927 682 1010 ipse
698 926 910 993 Innocentius
932 931 940 964 ¹
964 930 1132 1013 acquisita
1163 929 1244 994 bello
1264 930 1306 995 lt-

131 1045 200 1106 cito
225 1040 316 1105 licita
340 1041 482 1104 retineri
505 1037 654 1104 affirmat:
684 1038 838 1119 idemque
870 1037 983 1106 multis
1006 1037 1196 1119 exsequitur
1219 1040 1307 1106 Hos·

132 1151 250 1217 tiensis
282 1152 293 1190 ¹
322 1165 354 1216 et
384 1148 634 1215 Panormitanus
656 1155 669 1194 ³
693 1165 725 1215 et
756 1149 1019 1216 Archidiaconus
1041 1151 1064 1216 ⁴.
1103 1149 1195 1216 Quid
1223 1151 1307 1236 juris

133 1262 279 1329 Romani
303 1259 520 1342 interpretes?
556 1260 706 1328 Bartolus
727 1268 759 1324 ⁸:
783 1261 848 1326 Ubi
868 1260 987 1326 ballum
1011 1261 1141 1326 licitum
1156 1261 1233 1346 fuit
1253 1261 1308 1328 da·

128 1372 335 1459 praedantes
358 1391 398 1436 aa·
411 1371 495 1455 jura
514 1370 609 1438 civili
628 1370 676 1436 ad
695 1375 938 1438 restitutionem
960 1393 1023 1436 non
1044 1385 1211 1440 tenentur.
1234 1373 1308 1438 Bal-

135 1485 201 1550 dus
221 1483 234 1518 ⁸
251 1484 315 1549 hoc
346 1483 504 1564 amplius:
539 1483 580 1546 In
598 1482 679 1567 foro
702 1486 802 1547 etiam
829 1486 960 1548 interno
981 1486 1198 1549 conscientiae
1217 1483 1308 1549 licita

140 1599 335 1663 retinentur
357 1613 443 1678 quae
453 1594 547 1678 justo
568 1592 650 1664 ballo
671 1599 772 1678 capta
792 1607 894 1661 sant:
918 1593 1014 1678 cuius
1032 1608 1066 1664 et
1076 1594 1175 1660 verba
1183 1593 1308 1678 Jason⁷

139 1704 241 1771 refert
263 1719 295 1769 et
317 1723 431 1768 omnes
454 1704 595 1786 probant
616 1722 682 1769 non
706 1704 804 1770 modo
826 1703 1054 1788 jurisconsulti
1076 1724 1188 1770 verum
1213 1704 1308 1770 etiam

136 1829 362 1886 sacrosanctae
395 1814 572 1897 sapientiae
600 1815 816 1898 interpretes,
849 1814 1038 1897 quicunque
1059 1815 1142 1880 hanc
1162 1814 1309 1898 disputa·

138 1928 263 1994 tionem
284 1925 414 2009 proprie
438 1925 585 1993 exsecuti
606 1940 703 2006 sunt,
728 1941 765 1991 ut
785 1924 962 2006 Silvester,
987 1926 1175 2007 Adrianus,
1199 1925 1311 2010 Ange·

139 2041 215 2121 lus,
239 2038 355 2120 Lupus
367 2051 400 2102 et
419 2037 504 2103 inter
523 2036 690 2120 Hispanos
711 2035 862 2102 Victoria
884 2050 915 2101 et
931 2035 1196 2103 Covarruvias⁸2
1220 2037 1312 2120 quod

139 2150 168 2215 si
191 2167 305 2216 omnes
326 2163 475 2214 auctores
498 2147 729 2230 inspiciamus,
753 2166 848 2213 nemo
870 2147 999 2214 damnat
1020 2147 1191 2230 praedam,
1215 2147 1311 2214 multi

142 2261 309 2344 avaritiam
331 2259 365 2325 in
388 2259 522 2342 praeda,
555 2264 588 2328 τὸ
611 2263 832 2342 πλεονέκτημα,
855 2257 893 2324 td
912 2257 1001 2343 quod
1014 2258 1093 2343 plus
1112 2279 1214 2345 atquo
1238 2273 1310 2324 ast:

143 2372 230 2446 sicut
262 2392 323 2446 nec
346 2370 491 2452 bellum,
516 2369 626 2435 sedin
650 2369 737 2434 bello
758 2369 982 2434 crudelitatem
1011 2369 1136 2451 culpari
1155 2369 1310 2442 diximus.

137 2482 302 2566 praedam
330 2480 430 2566 igitur
459 2497 577 2569 capara
611 2479 794 2566 aliquando
808 2481 940 2565 justum
964 2495 1010 2546 est
1035 2479 1240 2548 Christianis
1271 2503 1311 2548 ex
1325 2503 1400 2550 conat.
1414 2500 1448 2546 11.

144 2592 352 2658 Christianis
376 2597 462 2660 omni
475 2595 558 2678 jare
578 2594 601 2658 ⁹.

592 2739 786 2806 CAPUT
819 2740 863 2808 V.

597 2895 776 2948 Qunasmo
801 2896 857 2944 111.

478 3008 573 3059 euna
600 3007 745 3054 annana
768 3008 882 3072 Jusra
908 3008 978 3068 srr.

611 3119 792 3171 oonssrro
817 3120 863 3165 rv.

459 3231 553 3294 ouon
579 3232 728 3277 aaaron
751 3230 898 3297 Jusrmu
924 3229 994 3276 srr.

653 3357 802 3368 ---.--

189 3421 222 3487 Si
246 3421 347 3506 igitur
370 3435 419 3487 est
437 3420 547 3502 aliqua
568 3420 751 3505 ejusmodi,
774 3439 928 3502 quaenam
951 3420 1005 3486 illa
1025 3419 1067 3486 sit
1079 3421 1212 3504 praeda,
1231 3443 1314 3506 quae

149 3560 385 3572 *-

180 3631 231 3680 ¹in
249 3646 273 3681 c.
291 3632 351 3693 quia
366 3632 491 3693 plerique.
507 3635 538 3682 de
554 3632 622 3681 lrnm.
639 3634 710 3681 Eccl.
730 3630 868 3696 [Decretal.
895 3644 919 3689 3.
937 3645 977 3694 49.
1005 3630 1041 3695 8.]
1078 3628 1089 3662 ²
1115 3631 1140 3679 in
1156 3643 1251 3680 summa
1275 3631 1314 3682 tit.

149 3723 178 3771 de
198 3723 296 3784 poenit.
324 3724 463 3785 [Decretal.
487 3736 510 3780 5.
537 3723 588 3785 38.]
631 3721 685 3772 ³in
710 3725 734 3772 d.
752 3737 775 3771 c.
799 3723 865 3771 sicut
889 3735 914 3770 et
941 3724 965 3771 d.
990 3735 1013 3770 c.
1038 3721 1098 3770 olim
1128 3719 1265 3786 [Decretal.
1292 3738 1315 3771 2.

150 3826 187 3874 24.
204 3828 244 3876 29.
270 3826 295 3862 et
315 3828 339 3862 a.
365 3827 403 3871 13.
432 3814 482 3878 12.]
519 3814 573 3862 ⁴in
592 3828 615 3862 c.
639 3814 762 3862 Dominus
779 3826 873 3863 noster.
904 3811 992 3877 [Decr.
1012 3815 1079 3861 Grnt.
1098 3827 1123 3874 p.
1142 3827 1165 3862 a.
1182 3827 1223 3871 23.
1241 3813 1313 3880 aa]

149 3902 204 3952 ‘ad
220 3907 238 3952 l.
255 3907 402 3953 naturalem.
421 3909 442 3964 ξ.
460 3905 520 3954 item
539 3918 602 3965 quae
628 3906 658 3952 ab
677 3907 742 3954 host.
760 3905 784 3952 ff.
804 3907 835 3953 de
851 3919 907 3964 acq.
926 3907 993 3954 dom.
1013 3905 1057 3966 [D.
1083 3918 1124 3966 41.
1151 3919 1173 3954 1.
1197 3918 1219 3962 5.
1246 3904 1313 3969 §7.]

150 3993 199 4042 ‘iu
217 4009 241 4042 c.
262 4009 282 4043 1.
309 3994 336 4042 in
353 4009 379 4056 4.
398 3999 449 4044 col.
472 3998 503 4044 de
526 3995 579 4044 mil.
596 4010 650 4045 vas.
667 3995 712 4056 qui
730 4007 866 4043 contumax
881 4007 926 4044 est.
946 3996 985 4057 [F.
1004 4008 1025 4043 2.
1045 3994 1098 4060 aa]
1134 3993 1193 4044 ⁷ad
1210 3976 1228 4043 l.
1250 4009 1271 4044 t.
1288 3996 1315 4044 ff.

153 4085 181 4132 de
196 4099 252 4145 acq.
270 4098 340 4145 poss.
359 4087 404 4150 [D.
420 4099 462 4146 41,
480 4084 515 4149 a]
536 4100 561 4134 n.
582 4089 604 4134 8.
637 4084 727 4134 ⁸Silv.
746 4085 772 4134 in
790 4087 871 4136 verbo
889 4088 983 4134 Bellum
1000 4089 1021 4144 ξ.
1042 4100 1064 4134 ι.
1087 4098 1111 4134 et
1126 4086 1147 4148 §.
1164 4099 1189 4148 9.
1225 4086 1315 4134 Adria·

153 4188 193 4224 nus
211 4176 237 4224 in
254 4188 349 4236 quaest.
369 4178 400 4225 de
418 4187 477 4225 rest.
486 4176 513 4225 iu
522 4188 586 4236 part.
596 4188 620 4225 et
638 4188 734 4237 quaest.
754 4179 784 4226 de
802 4177 880 4225 bello.
898 4179 1009 4238 Angelus
1027 4176 1053 4225 in
1071 4176 1166 4236 disput.
1184 4177 1317 4225 Renovate

153 4278 243 4324 guerra.
276 4268 360 4328 Lupus
378 4269 409 4316 de
428 4268 496 4316 bello
513 4271 535 4327 ξ.
552 4270 597 4316 ult.
617 4268 724 4329 [Ocean.
746 4267 794 4324 jur.
818 4270 872 4316 vol.
893 4269 929 4316 16.
947 4282 973 4328 p.
989 4266 1057 4330 Μ]
1094 4266 1208 4315 Victoria
1220 4265 1316 4324 dejure

155 4355 247 4406 bellic.
275 4371 314 4415 51.
333 4371 427 4419 etseq.
472 4361 642 4408 Covarruvias
665 4363 696 4408 ad
719 4362 735 4407 l.
754 4372 905 4420 peccatum,
924 4362 955 4408 de
973 4373 1023 4420 reg.
1040 4357 1088 4415 jur.
1103 4371 1155 4406 can.
1174 4369 1245 4418 parte
1259 4372 1282 4408 a.
1295 4359 1316 4418 §.

160 4460 192 4494 rr.
211 4447 328 4511 [covarr.
348 4452 423 4510 Oper.
443 4453 515 4498 Ornn.
534 4454 586 4498 vol.
609 4465 629 4498 r.
648 4465 672 4510 p.
692 4451 762 4511 sta]
799 4449 809 4482 ⁹
827 4453 902 4499 Mart.
920 4453 996 4500 Laud.
1014 4465 1038 4511 q.
1060 4463 1098 4498 rr.
