3316 5494
339 599 400 665 154
647 599 694 648 DE
717 599 812 667 Juxu
838 598 1024 648 PRAEDAE·
1052 601 1133 650 CAP.
1157 600 1192 650 X·

329 755 425 841 dere)
458 754 500 823 ad
532 773 669 837 aequam
699 773 810 822 secum
844 754 982 838 praedae
1005 770 1128 840 partem
1156 750 1344 822 admiserint
1360 760 1384 819 ¹.
1429 751 1502 820 Nec

328 866 419 934 alind
446 869 565 935 volunt
594 866 763 936 Ambrosii
793 867 894 934 verba
925 864 960 948 ²,
993 886 1134 950 quorum
1168 880 1243 932 ante
1273 864 1501 939 meminimus:

327 979 415 1046 Sana
443 981 494 1044 his
526 981 586 1064 qui
603 977 872 1067 recensuissent
890 980 927 1044 iu
946 976 1173 1063 radamantum
1185 976 1336 1062 fortasse
1356 979 1478 1042 sociati
1489 1023 1502 1056 ‚

321 1103 458 1178 partem
486 1089 695 1160 emolumenti
722 1087 935 1156 tribuendam
957 1093 1103 1171 asserit,
1126 1102 1299 1176 tamquam
1322 1087 1501 1159 mercedem

326 1202 463 1269 laboris.
506 1201 551 1268 Et
578 1203 642 1268 hoc
672 1201 780 1285 ipsum
814 1201 848 1266 in
882 1201 947 1268 Dei
980 1203 1107 1286 populo
1139 1214 1299 1284 perpetuo
1330 1199 1503 1282 obtinuit,

326 1313 367 1380 ab
400 1313 585 1380 Abrahamo
618 1312 744 1380 scilicet
777 1313 819 1380 ad
850 1312 1059 1384 Maccabaica
1091 1333 1199 1395 usque
1229 1327 1376 1395 tempora
1397 1314 1430 1390 ¹,
1463 1325 1503 1378 ut

326 1424 408 1492 socii
439 1425 631 1508 subditique
659 1424 794 1508 praedae
815 1424 992 1508 participes
1014 1423 1139 1492 fierent.
1183 1424 1235 1489 De
1261 1442 1354 1506 quo,
1377 1423 1503 1507 praeci-

325 1557 392 1620 pue
423 1557 490 1619 qua
513 1535 663 1604 subditos
695 1535 824 1621 tangit,
847 1535 1031 1604 accuratius
1050 1535 1210 1620 agendum
1243 1549 1302 1602 est.
1347 1534 1503 1605 Dicimus

210 1715 214 1724 ,
326 1668 404 1734 ergo
432 1647 638 1716 auxiliarium
665 1649 729 1718 boc
756 1664 788 1715 et
811 1649 1019 1717 subditotum
1038 1647 1163 1717 ratione
1183 1645 1311 1720 admitti
1331 1646 1502 1728 debere⁴,

326 1773 364 1826 ut
384 1779 451 1828 non
474 1759 572 1827 modo
594 1780 655 1844 pro
674 1760 803 1846 jactura
826 1774 860 1828 et
882 1760 1047 1844 impensa,
1068 1779 1182 1826 verum
1204 1758 1299 1826 etiam
1323 1778 1383 1841 pro
1404 1777 1502 1841 opera

326 1870 390 1941 eibi
411 1871 560 1956 obligent
581 1871 813 1956 susceptricem
834 1871 911 1938 belli
934 1870 1175 1954 rempublicam.
1198 1870 1406 1958 Quamquam
1416 1869 1504 1940 enirn

327 1981 450 2068 singuli
471 1981 680 2052 subditorum
699 1983 843 2067 publicis
865 1983 1045 2052 commodis
1075 1981 1232 2053 inservire
1252 1981 1395 2063 debent,
1419 1981 1505 2054 illud

328 2108 435 2162 tamen
462 2094 677 2178 proportione
700 2094 868 2180 judicatur
889 2099 927 2178 ⁶,
951 2095 1042 2178 quod
1070 2109 1128 2162 aut
1146 2094 1254 2166 dando
1274 2108 1331 2159 aut
1351 2091 1504 2164 faciendo

328 2204 490 2288 quispiam
511 2205 661 2274 societati
690 2206 831 2290 amplius
863 2225 961 2291 quam
984 2226 1045 2290 pro
1074 2226 1134 2272 sua
1160 2221 1250 2289 parte
1276 2204 1505 2288 impendit,a

330 2316 468 2400 reliquis
497 2317 600 2400 repeti
629 2337 747 2401 posse,
771 2332 809 2385 ut
833 2317 866 2384 in
888 2319 977 2386 omni
1001 2338 1034 2385 re
1057 2317 1223 2387 communi
1246 2328 1259 2361 ⁶
1282 2316 1429 2386 accidere
1452 2317 1504 2383 vi·

329 2425 455 2495 demus.
502 2429 577 2496 Hoc
596 2445 703 2498 tamen
726 2430 765 2498 ab
789 2429 1004 2498 auxiliaribus
1026 2429 1151 2498 subditi
1174 2429 1333 2496 differunt
1351 2428 1387 2510 ⁷,
1412 2428 1504 2511 quod

328 2539 502 2614 auxiliares
528 2541 597 2626 juri
628 2561 713 2623 suo,
742 2541 806 2612 nisi
835 2541 978 2625 propriis
999 2541 1228 2624 pactionibus,
1257 2541 1414 2626 derogare
1437 2560 1504 2608 nou

329 2665 491 2736 possunt,
520 2654 575 2739 jus
607 2666 714 2722 autem
738 2653 944 2722 subditorum
967 2653 1166 2737 reipublicae
1187 2653 1316 2738 legibus
1337 2652 1504 2720 immutari

328 2766 413 2831 solet
433 2767 469 2845 ⁸,
500 2763 577 2847 quia
607 2767 706 2832 semel
739 2785 803 2834 usu
825 2765 982 2836 suadente
1001 2765 1046 2833 ita
1067 2765 1244 2846 convenit,
1275 2777 1315 2831 ut
1336 2763 1504 2834 communi

329 2875 464 2945 utilitati
486 2875 613 2960 privata
633 2877 902 2960 posthaberetur:
927 2892 1026 2961 atque
1047 2876 1093 2948 ita
1115 2897 1211 2960 saepe
1234 2875 1354 2945 accidit
1376 2891 1505 2948 utare-

328 2988 461 3072 publita
481 2988 606 3056 subditi
627 2987 742 3058 damna
761 2990 850 3058 bello
873 3004 1005 3072 accepta
1024 3007 1090 3058 non
1112 3002 1313 3072 recuperent.
1346 2987 1506 3070 Exempla

328 3119 495 3172 sumamus
520 3121 559 3166 ex
589 3100 738 3170 Romano
767 3101 842 3186 jure
864 3097 888 3167 ⁹.
937 3101 1081 3172 Primum
1106 3121 1180 3170 turn
1210 3099 1387 3184 placuisset
1414 3101 1505 3174 bello

327 3226 422 3294 capta
444 3211 609 3296 utrimque
632 3212 837 3297 capientibus
858 3213 995 3292 cedere,
1018 3233 1084 3280 rem
1107 3212 1190 3281 civis
1207 3212 1345 3280 Romani
1355 3212 1397 3282 ab
1407 3211 1504 3278 boste

328 3338 519 3406 occupatam
543 3324 713 3392 constabat
734 3323 879 3407 ejusdem
902 3324 1007 3390 hostis
1020 3323 1138 3392 factam
1163 3343 1251 3392 esse:
1276 3341 1382 3406 aquo
1404 3321 1433 3392 si
1455 3341 1505 3389 re·

329 3432 490 3518 ciperetur
517 3433 589 3518 ipso
616 3436 689 3519 jure
720 3453 787 3502 non
819 3434 860 3500 ad
891 3435 997 3502 civem
1031 3435 1174 3514 redibat,
1209 3435 1267 3502 sed
1297 3435 1339 3503 ad
1371 3453 1506 3517 rempu-

327 3543 467 3628 blicam,
492 3545 571 3629 quia
589 3564 641 3612 res
663 3545 789 3613 scilicet
810 3546 844 3613 in
868 3546 963 3615 bonis
983 3548 1074 3615 illius
1096 3547 1325 3616 inveniebatur
1355 3545 1415 3629 qui
1437 3544 1504 3612 rei·

328 3656 480 3740 publicae
508 3656 658 3724 debebat.
696 3656 889 3726 ‚Videbatur
918 3658 1021 3745 igitur
1053 3661 1200 3744 populus
1233 3658 1403 3726 Romanus
1424 3677 1503 3741 spo-

364 3879 373 3914 ¹
391 3879 469 3932 Dion.
486 3879 567 3931 Helie.
584 3882 601 3928 l.
618 3882 643 3932 6.
662 3879 702 3945 [p.
718 3893 776 3945 41⁵·
794 3895 833 3930 vs.
855 3881 905 3947 18.]
942 3879 1207 3932 ¹denbranamo.1.
1227 3896 1248 3932 ι.
1266 3895 1290 3932 c.
1308 3881 1503 3939 ncipaturinc.

330 3971 398 4022 dicat
422 3971 522 4032 aliquis.
548 3969 639 4037 [Dece.
663 3974 732 4021 Grat.
757 3987 783 4034 p.
807 3987 832 4022 a.
852 3987 892 4032 aa.
911 3985 934 4030 s.
952 3972 1004 4037 as.]
1042 3973 1053 4006 ¹
1070 3975 1134 4024 Gen.
1154 3987 1193 4036 ¹4·
1211 3973 1237 4024 in
1255 3971 1314 4026 line.
1332 3974 1418 4026 Maec,
1437 3986 1461 4021 a.
1479 3974 1503 4020 8.

330 4077 368 4114 vs.
386 4066 426 4112 ab.
443 4074 468 4113 et
487 4075 526 4120 ao.
545 4065 618 4114 Adde
635 4066 709 4125 alleg.
727 4077 802 4125 supra
820 4066 851 4114 ad
867 4076 932 4125 part.
952 4078 973 4114 ι.
991 4076 1037 4114 art.
1055 4079 1079 4114 a.
1096 4067 1121 4114 b.
1139 4078 1162 4114 c.
1197 4063 1502 4118 ‘innomine-sicunde

328 4153 435 4213 jureiur.
452 4167 477 4204 n.
494 4167 519 4216 4.
537 4165 561 4203 et
579 4155 638 4202 Pan.
655 4154 692 4204 ibi
709 4168 735 4203 n.
755 4166 794 4212 ιγ.
816 4155 895 4204 Mart.
912 4156 990 4205 Laud.
1008 4157 1039 4204 dc
1056 4155 1126 4206 bello
1145 4171 1170 4218 q.
1188 4157 1212 4205 ό.
1230 4166 1255 4204 ct
1272 4170 1298 4216 q.
1315 4168 1357 4217 42.
1374 4156 1454 4214 ayara
1471 4155 1502 4202 de

328 4244 385 4304 jure
402 4244 465 4294 belli
482 4247 499 4293 l.
520 4258 541 4293 1.
558 4259 582 4296 c.
600 4258 625 4293 a.
648 4259 674 4294 n.
693 4248 733 4303 88·
751 4258 776 4294 et
793 4259 835 4307 40.
853 4259 909 4296 curn
928 4248 1001 4308 alleg.
1034 4246 1139 4309 ‘Varo
1155 4259 1239 4298 contr.
1258 4247 1297 4298 ill.
1315 4248 1333 4294 l.
1354 4259 1376 4296 ι.
1395 4259 1418 4296 c.
1436 4245 1461 4294 6.
1477 4255 1501 4292 et

330 4348 413 4386 contr.
429 4348 526 4398 poster.
543 4350 566 4386 c.
583 4349 607 4398 4.
625 4349 650 4384 ιι.
668 4339 691 4384 8.
726 4336 737 4368 ⁸
753 4338 771 4386 1.
788 4350 836 4398 pro
854 4336 927 4387 socio
946 4337 1049 4386 arbiter.
1066 4341 1088 4398 5.
1110 4353 1131 4388 1.
1148 4339 1175 4388 ff.
1191 4352 1239 4400 pro
1257 4337 1338 4388 socio.
1358 4335 1403 4401 [D.
1423 4349 1461 4396 17.
1478 4349 1501 4392 b

332 4428 385 4490 qu]
420 4424 431 4465 ²
455 4427 516 4476 silv.
543 4427 569 4478 in
595 4444 622 4478 v.
645 4429 744 4478 Bellum
773 4442 794 4478 r.
820 4429 841 4492 ς.
864 4442 888 4487 7.
907 4430 991 4480 conci.
1008 4429 1035 4480 d.
1053 4429 1204 4492 etamplius
1222 4432 1244 4488 5.
1265 4440 1303 4488 ιι.
1336 4425 1398 4476 ⁸V.
1415 4429 1447 4477 ad
1463 4439 1501 4477 te·

331 4521 414 4582 qulam
433 4531 456 4577 5.
473 4533 497 4569 c.
515 4533 538 4570 a.
572 4519 623 4570 lt.
641 4521 665 4570 8.
684 4532 738 4572 cor.
756 4530 779 4579 s.
1100 4499 1103 4506 ¹
