3326 5506
331 555 393 634 248
625 574 672 621 ns
697 574 790 642 June
818 573 1202 622 reassumendam.

333 725 501 808 loquimur
533 748 608 796 curn
632 729 778 814 Ulpiano
799 738 833 813 ¹,
863 749 929 796 non
952 729 1007 795 ille
1031 729 1183 795 damnum
1207 728 1283 809 dat,
1306 727 1363 792 sed
1385 727 1509 808 luctu,

334 858 402 921 quo
425 838 532 906 adhuc
556 843 636 908 alter
659 844 831 924 utebatur,
856 863 929 910 eum
953 842 1118 926 prohibet.
1142 841 1301 908 Naturale
1323 853 1434 906 autem
1459 852 1510 903 est

333 964 366 1016 et
396 971 524 1018 summo
543 953 610 1038 juri
631 971 730 1039 atque
751 955 846 1022 etiam
867 954 1025 1039 aequitati
1048 950 1291 1034 conveniens²‚
1315 967 1353 1019 ut
1374 954 1509 1017 lucrum

334 1063 366 1130 in
391 1065 498 1131 medio
521 1068 666 1150 positum
699 1089 795 1135 suurn
827 1068 969 1152 quisque
1001 1067 1093 1134 malit
1113 1087 1183 1134 esse
1207 1085 1304 1149 quam
1327 1059 1510 1141 alterius²,

334 1176 429 1244 etiam
460 1179 518 1260 qui
552 1196 625 1246 ante
655 1195 852 1265 perceperat.
896 1180 982 1268 Quis
1014 1179 1100 1247 ferat
1120 1193 1308 1263 querentem
1332 1173 1510 1260 opificem,

334 1290 425 1372 quod
457 1292 538 1357 alter
568 1294 714 1378 ejusdem
747 1293 824 1360 artis
848 1293 1003 1360 exercitio
1028 1292 1135 1376 ipsius
1158 1290 1328 1358 commoda
1352 1287 1509 1355 evertat?

333 1401 531 1469 Batavorum
556 1401 669 1473 'autem
698 1425 795 1473 causa
817 1427 856 1472 eo
880 1421 929 1474 est
949 1405 1093 1490 justior,
1118 1404 1195 1486 quia
1219 1403 1365 1486 ipsorum
1388 1401 1450 1466 hac
1476 1400 1510 1464 in

334 1529 425 1598 parte
457 1514 584 1584 utilitas
615 1538 688 1584 cum
721 1518 827 1585 totius
856 1517 990 1584 humani
1014 1516 1142 1604 generis
1165 1515 1307 1582 utilitate
1330 1514 1513 1598 conjuncta

336 1641 405 1710 est,
431 1649 530 1710 quam
562 1629 715 1697 Lusitani
743 1651 893 1698 eversum
915 1645 1004 1698 eunt.
1048 1629 1171 1711 Neque
1192 1629 1255 1695 hoc
1274 1642 1360 1692 recte
1380 1625 1513 1692 dicetur

334 1740 375 1806 ad
401 1742 652 1809 aemulationem
680 1742 774 1824 lieri,
808 1758 846 1809 ut
873 1743 907 1808 in
934 1763 969 1809 re
999 1739 1098 1809 simili
1119 1740 1265 1809 ostendit
1282 1738 1455 1822 Vasquius
1476 1743 1511 1803 ³:

336 1868 392 1919 aut
420 1853 505 1919 enim
533 1855 628 1938 plane
647 1857 711 1922 hoc
730 1855 915 1941 negandum
935 1870 1005 1936 est,
1029 1869 1085 1920 aut
1105 1853 1354 1921 asseverandum
1377 1872 1444 1916 non
1468 1851 1513 1917 ad

335 1968 453 2032 bonam
473 1967 596 2049 modo,
615 1987 728 2034 verum
749 1968 845 2034 etiam
877 1968 919 2035 ad
948 1967 1103 2051 optimam
1134 1966 1384 2033 aemulationem
1413 1963 1512 2045 fieri,

331 2081 425 2165 juxta
459 2079 641 2146 Hesiodum
662 2075 695 2146 ⁵:
729 2085 828 2162 ryall
850 2081 928 2165 rupa
951 2082 1000 2160 ἥδε
1021 2085 1155 2164 βροτοῖσι.
1203 2079 1296 2143 Bona
1319 2077 1360 2142 lis
1381 2091 1512 2143 morta·

336 2190 422 2258 libus
442 2193 521 2257 haec
541 2206 600 2258 est.
637 2192 725 2258 Nam
745 2192 840 2258 etiam
861 2193 889 2257 si
909 2191 984 2273 quis
1003 2191 1125 2274 pietate
1145 2205 1278 2272 motus,
1302 2189 1413 2272 inquit
1432 2190 1511 2270 ille,

335 2302 534 2370 frumentum
568 2305 602 2371 in
632 2324 757 2371 summa
788 2304 923 2388 penuria
949 2303 1051 2371 vilius
1083 2303 1261 2385 venderet,
1296 2301 1512 2385 impediretur

337 2415 485 2498 improba
504 2415 642 2482 durities
662 2437 775 2483 eorum
788 2415 958 2484 hominum
970 2465 978 2495 ,
990 2415 1047 2500 qui
1070 2415 1234 2482 saeviente
1255 2415 1391 2499 penuria
1413 2435 1511 2481 suum

336 2528 441 2594 carius
462 2527 783 2596 fueruntvendituri.
806 2529 931 2596 Verum
943 2545 993 2595 est
1004 2528 1126 2596 talibus
1136 2527 1242 2594 modis
1253 2527 1359 2594 minui
1370 2527 1510 2594 aliorum

335 2639 485 2721 reditus,
519 2660 579 2706 nec
607 2640 641 2706 id
673 2661 849 2728 negamus,
875 2642 938 2708 ait:
974 2642 1032 2709 sed
1051 2645 1253 2706 minuuntur
1275 2661 1348 2704 cum
1374 2643 1511 2705 unirer-

336 2773 445 2818 sorum
478 2756 644 2818 hominum
676 2754 862 2821 commodo:
897 2768 929 2819 ct
962 2759 1092 2820 utinam
1133 2756 1275 2818 omnium
1310 2752 1510 2837 Principum

336 2879 367 2931 et
400 2879 622 2951 tyrannorum
655 2868 743 2931 orbis
776 2867 904 2933 reditus
937 2869 989 2931 ita
1022 2869 1268 2930 minuerentur.
1313 2863 1406 2951 Quid
1431 2883 1510 2948 ergo

335 2991 400 3044 tam
422 2977 573 3060 iniquum
593 2978 699 3045 videri
718 2993 851 3061 potest,
876 2999 972 3060 quam
996 2977 1162 3061 Hispanos
1181 2975 1375 3061 vectigalem
1390 2977 1510 3042 habere

335 3104 493 3156 terrarum
516 3091 648 3172 orbem,
671 3106 709 3156 ut
729 3090 793 3158 nisi
814 3092 855 3157 ad
886 3091 1019 3157 illorum
1052 3104 1169 3155 nutum
1197 3109 1257 3154 nec
1280 3109 1385 3154 emere
1413 3087 1512 3154 liceat

335 3221 396 3268 nec
427 3201 595 3268 vendere?
642 3202 680 3268 In
710 3202 838 3269 cunctis
861 3202 1052 3268 civitatibus
1077 3201 1284 3268 dardanarios
1308 3200 1386 3266 odio
1411 3215 1510 3283 atque

337 3313 434 3378 etiam
466 3313 581 3396 poenis
613 3314 844 3398 prosequimur
862 3311 897 3397 ⁰,
931 3335 990 3380 nec
1021 3316 1125 3380 ullum
1150 3329 1214 3380 tarn
1238 3312 1397 3380 nefarium
1422 3312 1510 3379 vitae

338 3445 441 3510 genus
464 3425 596 3491 videtur
618 3446 716 3509 quam
741 3425 802 3492 ista
824 3447 969 3493 annonae
991 3427 1179 3511 flagellatio.
1205 3425 1329 3492 Merito
1353 3425 1510 3507 quidem,

337 3552 470 3604 naturae
503 3537 588 3602 enim
620 3537 748 3604 faciunt
780 3539 954 3624 injuriam,
979 3559 1063 3621 quae
1087 3539 1120 3606 in
1148 3558 1320 3637 cqmmune
1352 3536 1512 3604 faecunda

338 3665 387 3717 est
406 3650 438 3715 ⁷:
473 3670 579 3733 neque
613 3671 692 3716 vero
726 3651 848 3719 censeri
881 3652 978 3717 debet
1009 3652 1042 3716 in
1077 3670 1158 3717 usus
1182 3671 1359 3735 paucorum
1384 3645 1512 3735 reperta

337 3761 540 3847 negotiatio,
564 3762 622 3829 sed
645 3776 682 3828 ut
706 3765 797 3846 quod
820 3764 912 3830 alteri
936 3765 1027 3829 deest
1043 3763 1176 3830 alterius
1189 3764 1282 3847 copia
1294 3779 1510 3846 pensaretur,

334 3877 426 3960 justo
460 3889 567 3940 tamen
600 3875 796 3957 compendio
828 3876 981 3943 omnibus
1004 3875 1200 3960 proposito,
1224 3875 1282 3958 qui
1305 3876 1451 3941 laborem
1475 3895 1512 3940 ac

338 3987 521 4070 periculum
546 3985 762 4054 transferendi
787 3987 820 4054 in
844 4009 877 4055 se
901 3987 1089 4072 suscipiunt
1110 3984 1133 4054 ⁸.
1178 3988 1253 4053 Hoc
1278 3988 1384 4070 ipsum
1409 3987 1513 4072 igitur

370 4175 416 4225 ¹1.
441 4175 610 4225 Proculusff.
635 4177 666 4224 de
681 4177 771 4224 damno
789 4175 835 4224 inf.
853 4175 897 4239 [D.
914 4189 954 4238 ³9·
972 4190 996 4224 2.
1013 4176 1065 4238 aa]
1102 4173 1156 4224 ²v.
1173 4189 1196 4224 c.
1215 4189 1238 4223 2.
1255 4177 1321 4224 adl.
1342 4189 1364 4223 2.
1401 4175 1508 4235 ³Vasq.

305 4317 306 4322 ,
336 4270 446 4318 dloco.
481 4267 585 4317 ⁴ibin.
603 4280 625 4323 s.
660 4267 752 4329 ⁵[Op.
772 4280 797 4316 et
810 4269 841 4316 D.
864 4281 902 4316 vs.
925 4268 977 4330 24.]
1013 4268 1058 4316 ⁶1.
1083 4281 1104 4316 r.
1123 4270 1152 4316 C.
1172 4268 1203 4316 de
1224 4279 1328 4327 monop.
1349 4267 1392 4329 [C.
1409 4279 1433 4328 4.
1454 4267 1508 4328 ⁵9·]

334 4357 444 4418 ⁷Cajet.
462 4362 493 4409 ad
508 4361 598 4408 summ.
615 4360 663 4408 Th.
680 4372 703 4408 2.
719 4373 742 4409 a.
758 4374 783 4421 q.
799 4372 840 4419 77.
856 4371 901 4408 art.
921 4374 942 4409 1.
960 4362 1030 4421 quod
1047 4361 1079 4408 ad
1099 4360 1209 4408 tertium.
1239 4357 1250 4390 ⁸
1269 4359 1346 4407 Arist.
1366 4361 1397 4406 de
1416 4371 1471 4418 rep.
1490 4360 1509 4405 l.

338 4466 359 4502 1.
377 4466 401 4502 c.
419 4466 443 4517 9.
464 4452 503 4516 [p.
522 4463 594 4510 1257.
612 4465 632 4499 1.
648 4464 687 4501 vs.
707 4464 744 4512 14.
761 4463 786 4501 et
805 4451 858 4513 au]
