3316 5494
407 668 453 716 na
475 669 569 736 Jurta
595 667 781 716 osannae.
806 667 888 716 car.
914 667 995 715 v111.
1245 657 1287 734 85

119 841 174 890 seu
194 822 306 906 legum
327 823 485 905 quaedam
506 820 591 888 inter
613 840 647 888 se
665 821 841 889 harmonia.
865 823 1068 907 EJusautem
1082 823 1285 906 harmoniae,

119 946 154 998 ut
172 931 218 999 ita
238 932 361 1014 dicam,
381 948 573 1002 concentum
594 933 678 1018 regit
698 935 750 1000 lex
768 934 891 1000 decima
910 933 1015 1000 tertia.
1049 934 1174 1000 Delium
1196 953 1286 1000 exse-

119 1042 281 1111 cutionem
303 1064 372 1112 esse
390 1044 542 1112 diximus
588 1046 645 1111 Ad
664 1064 732 1112 eam
764 1045 825 1112 rite
845 1044 1104 1112 constituendam
1126 1048 1179 1111 lex
1201 1064 1287 1110 nona

120 1167 149 1220 ct
165 1155 219 1220 lex
250 1156 443 1223 duodecima
469 1156 625 1224 duntaxat
650 1155 823 1239 pertinent.
868 1155 964 1222 Prius
982 1172 1087 1232 autem
1108 1172 1156 1222 est
1175 1156 1287 1223 videre

120 1263 157 1330 de
175 1286 214 1332 eo
236 1267 324 1334 bello
348 1269 441 1350 quod
459 1288 478 1334 a
496 1266 633 1351 privatis
656 1267 856 1351 suscipitur,
884 1267 917 1334 in
939 1288 1007 1350 quo
1029 1268 1200 1335 difficultas
1224 1282 1287 1334 sta-

119 1375 174 1442 tim
204 1397 240 1445 se
266 1398 335 1446 non
364 1380 447 1446 levis
472 1378 626 1446 ostendit.
670 1379 712 1446 In
740 1378 868 1463 privato
901 1379 986 1446 enim
1015 1380 1101 1446 bello
1127 1378 1286 1464 judicium

118 1490 309 1571 praecedere
337 1511 404 1558 non
427 1506 554 1574 potest:
572 1510 646 1557 cum
665 1489 749 1556 enim
766 1490 891 1575 judicia
910 1491 976 1556 sint
994 1509 1093 1574 penes
1111 1491 1287 1574 rempubli-

119 1620 211 1683 cam,
246 1601 419 1670 accedente
443 1604 513 1687 ejus
543 1602 734 1670 auctoritate
754 1602 875 1668 bellum
893 1601 1052 1669 desineret
1081 1622 1150 1668 esse
1178 1601 1286 1685 priva·

118 1725 184 1778 tum
212 1717 238 1778 ¹.
284 1714 461 1800 Quomodo
483 1714 584 1799 igitur
600 1717 722 1800 justam
742 1714 860 1780 habere
877 1713 1017 1797 speciem
1039 1713 1148 1797 potebt
1164 1714 1286 1779 bellum

120 1826 212 1906 quod
239 1826 402 1910 privatum
433 1841 505 1908 est,
537 1847 610 1892 cum
639 1828 692 1892 lex
720 1845 805 1892 nona
828 1839 860 1891 et
880 1825 1071 1892 duodecima
1092 1825 1287 1909 praecedens

117 1936 277 2020 judicium
298 1937 490 2020 requirant?
512 1937 615 2026 Quod
634 1958 667 2002 rn
687 1937 824 2022 singulis
847 1937 942 2003 etiam
955 1938 1085 2004 casibus
1097 1937 1287 2004 auctoritate

120 2049 300 2132 sapientum
316 2047 465 2134 jurisque
486 2049 594 2116 civilis
615 2049 856 2132 comprobatur.
877 2049 1011 2116 Nemini
1033 2048 1116 2116 enim
1136 2049 1288 2132 Principe

120 2159 305 2227 inconsulto
324 2162 419 2227 datur
437 2180 598 2228 armorum
621 2160 855 2228 movendorum
876 2159 1012 2244 copia²r
1032 2175 1116 2227 esset
1128 2160 1212 2226 enim
1225 2161 1288 2230 hoc

121 2293 184 2339 non
201 2275 327 2358 justum
352 2275 493 2356 bellum,
517 2274 574 2340 sed
594 2274 757 2358 privatum
776 2273 983 2342 latrocinium
1002 2272 1035 2337 ³:
1058 2273 1144 2340 unde
1164 2273 1191 2338 si
1212 2272 1288 2355 quis

121 2383 247 2469 injussu
276 2385 392 2469 populi
424 2400 481 2452 aut
512 2385 672 2470 Principis
700 2387 821 2452 bellum
846 2384 980 2472 gesserit
1008 2385 1211 2453 delectumve
1231 2385 1289 2450 ha·

121 2496 226 2562 buerit
248 2512 305 2563 aut
330 2497 506 2564 exercitum
528 2497 781 2581 comparaverit,
798 2499 869 2582 lege
885 2496 974 2582 Julia
992 2511 1120 2564 tenetur
1139 2499 1288 2583 majesta·

120 2608 161 2674 tis
180 2616 204 2674 ⁴.
237 2609 406 2696 Quorsum
425 2607 525 2694 igitur
542 2609 700 2693 praesidia
720 2608 753 2674 in
774 2609 908 2692 publico
928 2608 1108 2691 disposita,
1131 2628 1287 2690 quorsum

122 2718 291 2787 interdicta
310 2735 342 2786 et
361 2703 533 2787 cautiones*
549 2721 589 2786 de
609 2740 675 2789 non
696 2719 891 2786 offendendo
905 2719 939 2785 in
954 2720 1026 2804 jure
1040 2719 1212 2803 proditae,
1224 2719 1287 2785 nisi

122 2845 157 2896 ut
174 2832 319 2914 privatae
339 2831 518 2899 defensioni
544 2853 611 2900 non
629 2847 715 2898 esset
731 2835 825 2900 locus
843 2831 882 2897 ⁵?
906 2832 961 2898 Ad
979 2851 1056 2898 suae
1076 2831 1123 2896 rei
1140 2829 1289 2897 vindrca·

122 2941 242 3012 tionem
273 2943 364 3026 quod
390 2945 506 3010 attinet
534 2959 693 3011 statutum
721 2943 866 3023 scimus,
886 2941 913 3008 si
937 2942 1088 3010 dominus
1109 2941 1288 3025 possessio-

122 3074 192 3119 nem
224 3069 298 3120 ante
327 3055 504 3123 adventum
532 3054 700 3140 judicialis·
730 3053 854 3120 arbitrii
880 3054 1040 3122 violenter
1060 3053 1233 3132 invaserit,
1257 3067 1289 3118 et

120 3165 358 3247 possessionem
391 3167 509 3233 debere
535 3167 664 3234 restitui
687 3181 719 3232 et
732 3165 921 3260 ¹dominium
942 3165 1047 3232 amitti
1064 3161 1086 3232 ⁸.
1124 3164 1289 3254 ¹Similiter

122 3276 155 3341 in
166 3277 279 3344 debito
290 3278 344 3344 vis
365 3297 433 3345 esse
454 3278 591 3358 dicitur,
611 3269 744 3361 quoties
764 3277 839 3362 quis
861 3277 895 3343 id
915 3277 1006 3361 quod
1024 3276 1133 3345 deberi
1152 3276 1215 3343 sibi
1227 3297 1289 3360 pu-

108 3403 168 3453 ·tat
188 3409 255 3454 non
276 3409 333 3472 per
352 3390 495 3474 judicem
514 3391 681 3475 reposcit,
705 3404 738 3456 et
756 3392 810 3475 J‘us
834 3389 948 3456 crediti
968 3387 1017 3456 ilii
1035 3388 1140 3473 perire
1160 3389 1219 3472 qui
1235 3391 1289 3475 jus
1338 3406 1340 3412 ’

123 3500 184 3566 sibi
214 3500 333 3566 dixerit
350 3503 375 3568 ⁷.
420 3502 543 3568 Delicti
574 3522 671 3568 causa
700 3501 796 3567 etiam
827 3501 988 3585 apertior:
1016 3506 1059 3585 μὴ
1082 3497 1290 3577 ἑαυτοὺςὲκδι-
1398 3534 1401 3540 ·

123 3619 253 3688 mimae,
284 3633 349 3677 non
377 3627 497 3680 vosmet
520 3619 603 3699 ipsos
634 3613 846 3693 ulciscentes,
869 3612 979 3695 inquit
1001 3612 1185 3694 Apostolus
1203 3619 1235 3677 ⁸:
1259 3627 1291 3677 et

125 3722 244 3790 Seneca
266 3727 298 3789 ἐ
328 3725 546 3790 inhumanum
569 3725 703 3793 verbum
726 3739 771 3790 est
793 3739 823 3790 et
845 3724 974 3810 quidem
990 3726 1160 3810 projesta
1181 3738 1290 3809 recep·

158 4031 165 4062 ¹
182 4033 210 4080 in
237 4043 283 4080 art.
306 4045 328 4081 a.
345 4036 430 4081 conci.
447 4045 468 4089 5.
485 4033 547 4082 silv.
564 4032 590 4082 in
608 4048 632 4083 v.
647 4035 744 4084 Bellum
765 4048 790 4082 n.
809 4046 832 4091 3.
850 4033 886 4087 ibi
904 4033 996 4095 primo.
1030 4031 1041 4067 ²
1058 4048 1081 4083 c.
1098 4033 1161 4095 quid
1175 4037 1291 4095 culpatur

128 4122 213 4182 [Decr.
232 4125 301 4171 Grat.
316 4138 341 4183 p.
359 4137 382 4172 a.
399 4137 439 4181 aa.
457 4138 477 4173 1.
495 4125 532 4187 4]
552 4127 581 4173 C.
599 4137 625 4174 ut
642 4139 767 4182 armorum
780 4139 848 4174 usus.
865 4135 912 4174 tot.
935 4126 974 4174 tit.
996 4125 1038 4187 [C.
1061 4139 1098 4173 11.
1118 4127 1172 4187 47.]
1206 4123 1290 4174 ’Lim

126 4215 192 4270 ¹·38·
211 4214 318 4277 [c.4s.]
352 4212 439 4272 ⁴1.3.
461 4215 488 4262 ff.
512 4217 543 4265 ad
560 4215 682 4278 l.Juliam
697 4215 794 4274 majest.
817 4216 860 4277 [D.
878 4218 919 4278 48.
940 4216 976 4278 4]
1012 4215 1070 4262 ⁵V.
1083 4217 1149 4264 Dant.
1164 4216 1191 4264 in
1208 4218 1224 4263 l.
1247 4215 1290 4277 qul

125 4302 258 4354 bonafide.
273 4308 295 4363 ς.
310 4303 332 4353 si
346 4306 404 4366 quis
417 4306 479 4366 quid
492 4320 516 4354 n.
535 4319 555 4354 r.
574 4306 599 4354 ff.
615 4309 646 4355 de
665 4309 745 4355 damn.
755 4307 801 4356 inf.
821 4308 864 4369 [D.
877 4319 917 4369 ³9·
935 4321 957 4355 a.
972 4319 1009 4364 rs.
1022 4309 1043 4364 5.
1059 4307 1109 4368 11.]
1144 4308 1155 4338 ⁶
1172 4309 1188 4355 1.
1202 4307 1223 4355 si
1236 4308 1291 4367 quis

125 4393 151 4441 in
163 4407 266 4444 tantam.
283 4396 313 4444 C.
325 4398 393 4444 unde
410 4396 447 4445 vi.
467 4397 509 4458 [C.
531 4399 553 4444 8.
565 4411 590 4458 4.
610 4399 646 4459 7.]
681 4395 692 4436 ⁷
709 4399 727 4446 Ι.
746 4412 769 4447 2.
787 4402 809 4457 ς.
825 4399 872 4446 hac
893 4397 994 4452 actione
1008 4397 1034 4445 ff.
1047 4396 1074 4446 vi
1089 4396 1149 4445 bon.
1166 4409 1228 4458 rapt.
1247 4400 1290 4461 [D.

126 4495 165 4544 47.
176 4488 199 4534 8.
216 4499 239 4534 n.
257 4484 347 4550 §.18.]
368 4488 385 4534 l.
403 4500 434 4535 ex
452 4498 500 4536 tot.
517 4488 543 4536 n.
562 4491 632 4548 quod
652 4501 728 4538 meru.
748 4490 791 4550 [D.
811 4502 835 4550 4.
856 4503 878 4537 a.
902 4489 953 4550 ra]
972 4488 1155 4538 hereditates.
1175 4500 1200 4536 et
1216 4491 1232 4537 l.
1247 4491 1282 4539 ult

126 4574 193 4626 ffiad
210 4579 227 4626 l.
244 4577 293 4640 Jul.
309 4579 341 4627 de
360 4577 387 4627 vi
405 4577 472 4638 priv.
493 4579 536 4640 [D.
552 4582 593 4640 48.
607 4592 630 4638 7.
646 4592 669 4638 7.
685 4591 710 4628 et
727 4581 764 4642 8.]
791 4577 1009 4641 ⁸Rom.1a.19.
1035 4577 1291 4639 ’deirabaesm
