3362 5504
457 631 503 676 ΠΕ
526 631 620 697 JURE
646 629 834 676 PRAEDAE.
861 629 943 675 CAP·
969 629 1046 676 XIV.
1273 627 1335 692 309

164 811 224 865 re,
257 804 295 855 ut
327 788 469 876 singulis
499 789 683 853 hominibus
708 809 747 852 ne
770 785 915 872 amplius
939 807 1039 872 quam
1069 786 1220 873 singulas
1242 799 1334 851 artes

163 923 253 966 nosse
284 903 395 968 liceat.
441 902 575 989 Quanto
609 901 711 986 igitur
742 901 843 984 magis
868 900 902 965 id
933 901 1138 984 probandum
1163 915 1235 981 est,
1259 921 1333 966 curn

163 1035 213 1078 ars
237 1017 335 1080 altera
359 1029 408 1080 est
429 1016 468 1079 ab
490 1015 672 1095 electione,
698 1016 796 1079 altera
809 1035 826 1078 a
840 1014 1031 1080 necessitate
1049 1014 1225 1080 assumitur
1237 1026 1335 1095 atque

163 1126 209 1192 ita
231 1140 413 1209 comparata
433 1142 502 1206 est,
526 1141 564 1192 ut
585 1127 686 1209 priori
708 1126 886 1208 inserviat,
912 1127 1003 1209 quod
1025 1126 1095 1191 sine
1118 1129 1178 1192 hac
1202 1125 1255 1192 illa
1277 1125 1335 1191 ob·

162 1238 260 1304 tineri
292 1227 358 1304 non
392 1238 523 1322 possit?
557 1239 678 1320 Neque
714 1258 793 1305 vero
825 1239 1085 1305 Atheniensibus
1117 1251 1264 1319 tantum,
1298 1252 1336 1304 ut

162 1351 318 1416 historiae
356 1369 418 1416 nos
453 1350 593 1431 docent,
630 1367 687 1417 aut
728 1351 1054 1436 Carthaginiensibus
1097 1349 1263 1433 hodieque
1305 1365 1336 1415 et

163 1462 348 1545 antiquitus
371 1462 452 1546 ipsis
475 1463 644 1528 Lusitanis
668 1463 915 1531 usitatissimum
931 1463 995 1531 fuit
1006 1479 1218 1529 mercaturam
1239 1462 1335 1528 annis

163 1574 315 1655 munire,
348 1576 404 1640 sed
436 1591 468 1641 et
497 1590 623 1641 veteres
645 1576 781 1658 Batavi,
805 1576 1005 1642 sanctissimi·
1022 1590 1053 1641 et
1076 1573 1335 1642 innocentissimi

163 1687 228 1754 viri
261 1702 293 1752 et
324 1707 408 1770 quos
441 1688 559 1754 imitari
579 1710 675 1772 posse
707 1711 766 1773 pro
797 1711 921 1758 summa
950 1690 1072 1756 virtute
1095 1703 1165 1770 est,
1191 1689 1337 1770 exempla

165 1799 304 1884 posteris
327 1801 398 1884 ejus
421 1800 467 1866 rei
489 1800 629 1885 insignia
650 1803 871 1886 reliquerunt:
896 1824 1036 1886 quorum
1058 1823 1075 1867 e
1097 1803 1209 1868 multis
1234 1820 1335 1866 unum

165 1912 314 1980 referam.
362 1911 450 1978 Olim
475 1913 652 1979 maritimae
676 1915 913 1982 Germanorum
937 1914 1108 1997 civitates,
1127 1933 1194 1997 quo
1207 1913 1337 1978 nomine
1351 1916 1420 1962 Anno
1435 1919 1496 1973 14³8·

165 2025 305 2091 veniunt
336 2024 511 2105 Lubecca,
548 2026 797 2112 Hamburgum,
836 2028 1034 2110 Gedanum,
1058 2027 1334 2111 -Lunoburgum,

166 2137 379 2217 Vismarum,
414 2137 657 2216 Rostochium,
694 2140 810 2205 Zunda
843 2155 874 2205 et
904 2140 1007 2221 aliae,
1033 2140 1155 2222 quibus
1178 2137 1336 2204 Prutheni

166 2265 371 2315 accesserant
394 2265 426 2315 et
450 2249 589 2332 Hispani
612 2251 798 2334 Venetique
823 2253 915 2336 (nam
940 2252 1028 2318 ethi
1052 2268 1122 2318 turn
1145 2250 1338 2335 septentrio-

166 2383 238 2428 nem
264 2362 479 2446 navigabant)
493 2411 504 2443 ,
530 2378 707 2446 aucupatae
720 2364 928 2430 dissidiorum
942 2384 1079 2445 causas,
1103 2384 1240 2447 quarum
1254 2364 1339 2429 inter

165 2477 364 2541 aemulantes
396 2489 594 2540 mercaturae
627 2496 724 2541 causa
742 2495 919 2558 numquam
942 2477 1078 2560 penuria
1103 2493 1173 2558 est,
1198 2477 1338 2543 batavos

165 2589 260 2655 nullo
293 2586 370 2652 belli
401 2603 516 2670 paratu
549 2587 647 2653 maria
673 2604 874 2670 permeantes
895 2605 1075 2672 coeperunt
1096 2589 1258 2673 spoliare,
1284 2609 1338 2655 oc-

165 2699 270 2765 cidere
289 2716 345 2766 aut
368 2701 400 2765 in
426 2700 630 2768 durissimam
655 2700 876 2784 captivitatem
902 2701 1075 2767 abducere.
1123 2703 1169 2766 At
1193 2701 1335 2784 illi,qui

166 2812 367 2897 gravissimis
389 2813 498 2879 vexati
521 2812 650 2897 injuriis
670 2827 787 2878 cuncta
812 2828 917 2878 tamen
942 2829 1015 2878 ante
1037 2813 1102 2878 vim
1126 2814 1260 2878 mallent
1283 2833 1337 2878 ex·

67 2989 72 2997 ,
165 2924 287 3008 periri,
311 2923 450 2990 decretis
482 2925 703 3009 legationibus
727 2945 778 2991 res
801 2939 954 3008 repetunt
976 2945 1012 2990 ac
1038 2926 1156 3009 jubent
1179 2943 1232 2990 eas
1255 2945 1339 3006 quas

167 3035 236 3102 dixi
260 3035 433 3118 civitates,
459 3036 521 3102 nisi
545 3056 649 3102 noxae
671 3036 924 3102 aestimationem
944 3039 1189 3120 persolverent,
1201 3036 1338 3120 privatis

166 3147 346 3214 latrociniis
370 3146 525 3213 absistere
544 3163 577 3212 et
599 3163 710 3230 aperto
731 3148 763 3213 in
785 3163 950 3232 posterum
964 3151 1072 3215 Marte
1084 3169 1193 3216 secum
1207 3163 1337 3215 certare.
1384 3231 1391 3238 η

167 3261 254 3326 Cum
274 3281 352 3326 vero
378 3259 560 3325 Germanos
582 3275 619 3326 ut
640 3276 756 3344 sponte
784 3263 852 3346 juri
886 3277 1035 3345 parerent
1059 3261 1221 3327 adducere
1246 3263 1337 3327 nullo

167 3373 266 3439 modo
295 3371 504 3456 potuissent,
539 3392 672 3438 assensu
703 3374 865 3457 Principis
898 3374 985 3457 (erat
1018 3374 1046 3460 is
1070 3388 1139 3438 tum
1164 3373 1338 3456 Philippus

167 3485 439 3570 Burgundionum
463 3483 607 3569 primus)
631 3486 757 3551 cunctis
782 3487 814 3551 in
839 3486 975 3552 urbibus
998 3501 1122 3552 armant
1138 3487 1338 3569 implentque

167 3617 291 3677 naves,
316 3597 437 3680 quibus
460 3618 536 3663 mox
560 3597 593 3662 in
613 3598 739 3663 hostem
753 3597 874 3663 invecti
885 3598 1099 3682 promulgatis
1113 3613 1150 3664 ut
1161 3598 1338 3681 plurimum

167 3709 300 3793 praeliis
333 3708 475 3776 feliciter
501 3729 567 3775 non
591 3710 699 3776 minus
723 3731 820 3792 quam
851 3709 981 3777 fortiter
1010 3711 1260 3795 depugnarunt,
1294 3710 1338 3775 ita

168 3836 207 3887 ut
224 3821 317 3887 brevi
337 3824 445 3888 nullae
465 3822 498 3886 in
519 3843 639 3888 oceano
666 3843 765 3889 naves
786 3838 912 3906 praeter
925 3823 1092 3890 Batavicas
1112 3823 1338 3907 conspiceren-

169 3948 246 4016 tur,
271 3955 354 4016 quae
378 3934 410 3999 in
433 3935 532 4000 decus
552 3935 743 4020 multiplicis
765 3935 921 4002 victoriae
943 3935 1159 4001 everriculum
1181 3933 1339 4018 praefere-

174 4047 417 4131 bant,purgati
429 4047 526 4112 maris
547 4047 684 4132 insigne.
710 4049 832 4132 Captae
852 4067 919 4115 uno
938 4048 1060 4132 praelio
1072 4047 1190 4133 viginti
1207 4067 1340 4131 magnae
1416 4084 1421 4092 ·
1517 4069 1524 4082 ·

174 4157 415 4224 Germanorum
449 4179 571 4240 naveS,
604 4160 820 4226 Pruthenicae
850 4175 939 4242 tres,
975 4179 1104 4224 caracca
1126 4159 1253 4224 Veneta
1277 4178 1341 4224 una

179 4269 297 4337 referta
321 4271 464 4354 opibus,
490 4291 573 4352 quae
597 4271 682 4337 inter
702 4272 773 4338 illas
783 4273 990 4338 versabatur:
1015 4271 1094 4336 haec
1106 4271 1139 4337 in
1153 4270 1340 4337 Zelandiam

180 4398 294 4449 avecta
318 4398 376 4450 est.
422 4385 540 4449 Altero
568 4383 686 4449 deinde
717 4385 872 4450 conflictu
896 4399 961 4452 tres
984 4384 1064 4449 aliae
1087 4403 1186 4449 naves
1209 4403 1343 4466 magnae

180 4495 278 4561 molis
310 4495 342 4560 in
374 4509 565 4578 potestatem
600 4511 769 4562 venerunt.
817 4496 950 4579 Captivi
984 4495 1212 4561 honestissime
1246 4495 1342 4560 habe-
