3326 5506
159 2912 228 2957 Anno
245 2909 293 2956 eod.

157 2964 292 3026 Septembri.

316 601 374 662 188
616 615 663 660 na
686 614 781 681 Juaa
806 613 993 662 auxanus.
1019 615 1100 662 car.
1125 613 1174 660 xr.

310 771 499 836 caracollam
534 769 676 855 (navigii
709 783 824 835 notum
853 766 923 832 illie
956 770 1079 854 genus)
1112 766 1262 835 centurio
1299 765 1484 832 Lusitanus

309 903 374 950 una
392 881 476 948 serie
496 881 631 948 destitui
652 881 757 965 jubet.
781 879 909 944 Deinde
930 879 1187 962 administrum,
1208 879 1267 962 qui
1279 880 1484 944 machaeram

309 994 509 1079 evaginatam
531 1013 628 1058 manu
646 993 795 1057 tenebat:
820 992 906 1074 lsu,
930 991 1061 1074 inquit,
1086 996 1146 1077 qui
1158 995 1291 1078 primus
1311 993 1349 1054 in
1369 988 1486 1056 ordine

308 1118 379 1186 est,
401 1105 576 1169 brachium
600 1103 757 1170 dextrum
781 1101 904 1169 decide.
935 1102 1054 1168 Etiam
1077 1106 1276 1182 sinistrum,
1297 1101 1399 1168 addit.
1424 1099 1486 1166 Pa·

308 1231 416 1282 retur:
442 1216 486 1282 ita
510 1214 642 1296 quidem
668 1228 705 1279 ut
737 1213 880 1279 dubitari
912 1228 1045 1296 posset,
1077 1214 1208 1280 saevius
1241 1213 1295 1278 ille
1327 1213 1485 1296 juberet,

308 1347 347 1394 an
381 1327 435 1394 hic
467 1340 711 1408 exsequeretur.
759 1325 848 1391 Tum
867 1344 947 1391 vero
970 1325 1070 1407 pedes
1092 1323 1258 1392 distinctis
1281 1322 1405 1390 ictibus
1429 1323 1485 1389 de·

306 1438 385 1506 meti
414 1438 518 1523 jubet.
577 1437 715 1503 Stabant
745 1436 819 1517 alil,
850 1455 935 1519 quos
969 1437 1078 1502 eadem
1102 1436 1275 1502 manebant
1297 1449 1486 1525 tormenta,

305 1570 485 1633 numquam
517 1563 582 1615 tam
614 1568 673 1632 pro
704 1548 772 1615 vita
796 1569 893 1631 quam
925 1563 1004 1615 tunc
1034 1569 1094 1632 pro
1115 1562 1220 1614 morte
1244 1546 1391 1614 solliciti.
1438 1547 1486 1612 Et

305 1661 564 1745 procedentibus
588 1661 620 1727 in
645 1661 793 1727 ordinem
823 1641 980 1743 exemplis
1003 1679 1069 1726 non
1088 1660 1153 1745 jam
1178 1672 1310 1741 metus,
1333 1657 1393 1724 sed
1411 1677 1485 1723 mu-

305 1788 363 1840 tua
394 1787 462 1839 erat
491 1771 666 1840 miseratio,
712 1771 852 1839 Videres
881 1787 1016 1839 truncos
1045 1786 1078 1838 et
1106 1771 1170 1837 sibi
1198 1769 1394 1853 superstites
1426 1784 1483 1852 et,

307 1885 399 1967 quod
422 1885 580 1950 malorum
605 1883 758 1950 ultimum
783 1900 853 1966 est,
875 1883 1065 1950 hominibus
1086 1881 1274 1950 dissimiles.
1297 1882 1412 1948 Multo
1436 1896 1485 1946 ta·

306 2015 379 2062 men
401 1995 651 2075 dissimiliores,
675 1995 733 2078 qui
757 1994 819 2062 ista
841 1993 1013 2062 faciebant.
1058 1995 1114 2062 Ad
1143 2009 1322 2060 extremum
1344 1992 1486 2059 dissecta
1546 2037 1550 2044 -
1587 2077 1592 2084 ,
1657 2003 1658 2056 l

305 2107 422 2191 capita.
457 2108 600 2174 Duobus
619 2122 726 2174 tamen
748 2107 781 2172 id
803 2106 903 2172 animi
925 2105 1011 2188 fuit,
1035 2120 1073 2171 ut
1095 2119 1268 2188 antequam
1293 2104 1332 2169 ad
1355 2122 1390 2170 se
1411 2124 1485 2186 per-

304 2234 441 2285 ventum
464 2233 572 2300 esset,
598 2218 717 2303 integri
739 2218 845 2285 adhuc
869 2219 902 2284 in
923 2237 1010 2284 mare
1030 2216 1237 2300 prosilirent:
1271 2236 1413 2298 quorum
1438 2217 1484 2280 al·

304 2345 355 2397 ter
374 2350 519 2413 mersus,
544 2333 624 2397 alter
645 2330 783 2416 effugit,
805 2328 989 2397 foedissimi
1008 2328 1188 2412 spectaculi
1209 2328 1357 2394 nuntius.
1381 2328 1483 2394 Intel-

306 2444 455 2525 lectaque
489 2442 655 2525 speciatim
689 2443 819 2522 omnia,
853 2463 926 2508 curn
959 2461 1044 2508 anno
1072 2456 1231 2524 sequente
1255 2439 1486 2523 Wolphardus

306 2554 549 2636 Harmannius,
563 2554 795 2623 Lusitanorum
810 2555 937 2636 aliquot
948 2554 1088 2638 potitus,
1102 2554 1142 2620 de
1154 2552 1356 2619 redemtione
1368 2572 1482 2617 eorum

306 2647 435 2750 ageret,
458 2666 517 2749 qui
542 2667 664 2750 captivi
689 2667 722 2733 in
744 2667 863 2734 Tidori
881 2680 1113 2732 remanserant:
1140 2663 1231 2747 quod
1244 2684 1309 2730 non
1322 2662 1482 2728 obtinuit.

307 2778 373 2844 Sed
405 2778 573 2844 machinae
606 2799 641 2844 ac
673 2792 800 2844 caetera
833 2777 1051 2844 infortunatae
1086 2777 1179 2843 navis
1207 2775 1324 2859 praeda
1348 2774 1382 2839 in
1406 2775 1482 2841 navi

307 2890 497 2958 Lusitanica
519 2912 536 2955 a
558 2890 690 2957 Batavis
712 2889 843 2974 cognita
867 2909 902 2956 ac
920 2904 1049 2972 recepta
1070 2903 1159 2957 sunt.
1204 2888 1321 2953 Restat
1345 2888 1492 2952 alterum·

308 3002 417 3081 nefas,
442 3003 530 3068 haud
553 3002 718 3068 diversum
744 3015 913 3085 tempore,
940 3002 997 3066 sed
1017 3002 1080 3065 hoc
1107 3001 1203 3066 etiam
1230 2998 1483 3079 detestabilius,

308 3116 400 3198 quod
420 3134 509 3182 sacra
528 3113 612 3198 juris
629 3112 756 3196 species
776 3111 937 3196 impietati
950 3111 1154 3178 commodata
1167 3125 1234 3192 est,
1259 3129 1333 3176 cum
1347 3109 1380 3175 id
1392 3110 1485 3192 quod

306 3226 431 3299 factum
451 3224 617 3306 dicemus,
643 3244 702 3290 nec
722 3226 811 3309 justa
834 3226 900 3290 ulla
922 3243 1044 3304 causa,
1068 3244 1126 3289 nec
1150 3238 1208 3289 aut
1229 3222 1295 3288 loci
1323 3237 1381 3287 aut
1409 3221 1482 3287 illo-

307 3357 378 3404 rum
409 3340 498 3421 leges
527 3336 761 3421 permitterent.
807 3335 947 3402 Macatls
976 3335 1126 3402 Sinarum
1155 3333 1300 3419 regionis
1331 3333 1481 3400 Indicum

307 3449 348 3515 ad
381 3467 537 3515 oceanum
560 3447 725 3533 vergentis
749 3448 930 3530 emporium
954 3463 1022 3514 est:
1047 3448 1119 3514 data
1142 3445 1288 3530 precario
1311 3444 1481 3510 Lusitanis

306 3561 423 3644 sedes,
446 3559 503 3626 ubi
526 3574 703 3626 mercatum
726 3574 912 3626 exercerent
937 3575 968 3625 et
985 3562 1040 3645 jus
1062 3559 1207 3626 dicerent
1227 3557 1264 3622 in
1290 3576 1368 3624 suos
1398 3556 1482 3622 dun-

307 3688 410 3740 taxat.
455 3673 662 3761 Quamquam
686 3691 726 3737 ne
746 3673 817 3738 hoc·
837 3671 970 3753 quidem
995 3670 1209 3750 indistincte,
1234 3688 1308 3734 cum
1333 3668 1480 3751 ipsorum

306 3784 454 3850 moribus
493 3784 644 3869 capitalia
679 3783 831 3868 ingenuis
865 3781 1026 3866 supplicia
1058 3801 1075 3848 a
1107 3783 1179 3846 solo
1216 3779 1386 3864 praeside,
1424 3779 1482 3862 qui

309 3896 421 3963 Goam
438 3910 549 3975 tenet,
574 3895 709 3980 irrogari
732 3893 883 3977 possint,
909 3908 965 3960 aut
989 3894 1084 3959 etiam
1104 3894 1230 3960 soleant
1254 3891 1301 3957 rei
1326 3891 1360 3956 in
1383 3890 1483 3958 Lusi-

308 4008 426 4075 taniam
460 4006 594 4073 remitti.
642 4008 815 4086 Classem,
849 4005 902 4070 cui
923 4004 1074 4071 Necltius
1095 4003 1187 4070 alteri
1214 4016 1383 4086 praeerat,
1421 4002 1482 4068 sub

308 4121 393 4186 illud
415 4119 522 4202 ipsum
545 4118 638 4184 littus
662 4130 793 4201 egerant
817 4116 926 4182 venti:
959 4116 1136 4184 mittendos
1170 4116 1224 4180 ille
1257 4128 1392 4192 censet,
1425 4112 1482 4194 qui

308 4231 374 4296 loci
398 4233 542 4313 positum
572 4228 828 4312 investigarent,
857 4228 1030 4294 redderent
1049 4228 1210 4294 adventus
1239 4224 1418 4301 rationem,
1452 4238 1484 4289 et

308 4342 406 4409 simul
435 4343 587 4409 alimenta
616 4340 797 4406 recentiora
819 4355 1052 4424 compararent.
1098 4339 1173 4405 Hoc
1195 4338 1291 4424 jussu
1313 4336 1483 4402 Martinus

308 4453 441 4535 Apius,
467 4452 524 4537 qui
550 4449 672 4518 fiscalis
695 4469 817 4517 munus
840 4451 873 4516 in
905 4470 941 4516 ea
962 4451 1065 4516 classe
1088 4449 1225 4530 obibat,
1250 4447 1406 4516 assumtis
1428 4448 1482 4513 de·
