3310 5482
874 347 935 412 ,Γ

574 589 771 633 CONSPECTUS
793 587 910 631 OPERIS.
1290 587 1331 628 xv

197 771 316 828 Coroll.
337 771 488 848 Quatenus
508 765 612 840 praeda
634 767 677 823 his
695 765 879 836 acquiratur,
900 762 950 834 qui
963 761 1021 818 suis
1033 761 1186 835 impensis,
1207 759 1335 830 damnis,

338 850 487 922 pericu10,
509 863 626 904 suorum
648 846 846 903 ministrorum
868 859 972 916 opera,
994 843 1073 900 nuila
1091 853 1174 914 pacta
1186 840 1335 910 mercede,

336 929 445 986 bellum
467 927 616 1001 publicum
638 936 755 999 gerunt.

499 1076 661 1144 CAPUT
686 1073 1002 1141 UNDECIMUM.

690 1258 779 1304 PARS
803 1257 825 1302 1.

204 1379 268 1438 Art.
299 1378 322 1435 I.
364 1378 474 1436 Causae
485 1378 554 1436 belli
566 1378 741 1436 Batavorum
753 1377 782 1433 in
796 1375 959 1444 Albanum,
981 1373 1146 1447 Hispanos,
1168 1372 1336 1446 Philippum

362 1470 420 1516 etc.

199 1563 265 1619 Art.
288 1562 327 1619 II.
358 1561 460 1619 Officia
483 1565 660 1620 Batavorum
685 1577 720 1618 eo
743 1561 771 1617 In
795 1560 885 1617 bello

201 1666 267 1723 Art.
289 1666 342 1723 III.
364 1667 473 1724 Causae
495 1667 564 1723 beili
587 1667 763 1723 Batavorum
786 1665 815 1720 in
839 1663 1006 1721 Lusitanos.

200 1770 267 1827 Art.
288 1770 342 1826 IV.
364 1768 465 1827 Officia
488 1772 666 1828 Batavorum
689 1770 717 1826 in
741 1769 909 1826 Lusitanos.

201 1874 268 1931 Art.
296 1873 333 1930 V.
362 1875 490 1947 Iniuriae
511 1869 719 1932 Lusitanorum
743 1873 772 1929 in
795 1874 919 1929 Batavos
941 1886 992 1944 per
1012 1869 1205 1927 Lusitaniam.

203 1978 268 2034 Art.
290 1978 343 2036 VI.
366 1979 492 2051 Iniuriae
513 1979 721 2035 Lusitanorum
744 1977 773 2033 in
798 1977 921 2032 Batavos
943 1973 1012 2031 alibi
1034 1975 1148 2048 passIm.

204 2084 269 2140 Art.
281 2082 350 2139 VII.
370 2082 495 2155 iujuriae
523 2083 731 2140 Lusitanorum
758 2080 787 2137 in
812 2081 936 2137 Batavos
959 2096 993 2136 eo
1016 2080 1132 2147 colore,
1154 2075 1233 2150 quod
1255 2077 1338 2134 attri-

371 2163 454 2220 butas
477 2163 545 2236 ipsis
568 2163 698 2234 regiones
720 2160 899 2217 commerciis
921 2157 1046 2215 adirent.

204 2267 361 2323 Art.VIII.
370 2263 448 2324 Idem
469 2268 553 2323 color
574 2281 626 2339 per
648 2263 770 2322 Indiam.

676 2437 766 2482 PARS
792 2436 831 2482 11.

204 2569 270 2624 Art.
301 2567 325 2624 I.
367 2567 537 2625 Calumniae
559 2566 767 2626 Lusitanorum
790 2566 820 2624 in
843 2567 978 2624 Batavos.

204 2672 270 2728 Art.
293 2671 331 2729 II.
364 2671 500 2729 Submissi
522 2673 552 2729 In
576 2672 700 2730 Batavos
721 2672 817 2729 hostes
839 2689 855 2729 a
877 2671 1034 2729 Lusitanis.

204 2776 271 2832 Art.
292 2775 345 2832 III.
367 2773 492 2833 Fraudes
514 2786 543 2833 et
565 2775 684 2849 perfidia
705 2777 912 2834 Lusitanorum
934 2777 964 2832 In
989 2777 1123 2832 Batavos.

202 2878 270 2936 Art.
291 2879 344 2936 IV.
365 2884 512 2953 coeptum
534 2897 549 2936 a
571 2880 718 2938 Lusitanis
736 2881 844 2937 bellum
867 2881 896 2937 in
920 2881 1055 2937 Batavos.

201 2983 271 3039 Art.
301 2983 338 3040 V.
361 2985 474 3042 Bellum
496 2966 704 3042 Lusitanorum
726 2985 755 3041 in
775 2986 881 3041 amIcos
901 2985 1087 3041 Batavorum.

497 3133 657 3200 CAPUT
681 3134 1023 3200 DUODECIMUM.

202 3297 237 3354 In
264 3313 324 3369 quo
346 3295 529 3364 ostenditur,
558 3298 667 3354 etiamsi
697 3298 803 3355 bellum
832 3298 976 3371 privatum
998 3296 1115 3365 fuisset,
1134 3296 1241 3368 iustum
1262 3297 1341 3366 fore,

155 3379 295 3451 justeque
323 3388 432 3449 partam
463 3375 596 3449 praedam
629 3376 744 3435 Indicae
772 3376 985 3435 Holiandorum
1019 3377 1168 3435 Societati.
1221 3378 1253 3434 In
1282 3393 1341 3449 quo

158 3461 216 3515 ista
238 3459 408 3513 inseruntur
431 3457 626 3514 Problemata:

230 3560 254 3618 I.
267 3557 314 3616 Ad
335 3572 434 3632 gentes
455 3577 553 3618 omnes
570 3562 703 3619 omnibus
725 3573 805 3636 patet
826 3560 937 3630 aditus,
958 3561 1022 3635 iure
1043 3561 1173 3634 gentIum
1195 3577 1254 3618 non
1277 3576 1341 3634 per·

266 3641 418 3709 mittente,
438 3639 486 3697 sed
508 3642 676 3714 imperante.

212 3743 253 3800 II.
266 3741 397 3799 Infideles
426 3743 464 3800 ob
493 3745 548 3801 hoc
573 3746 683 3819 Ipsum,
711 3745 791 3818 quod
813 3743 941 3802 infideles
963 3756 1048 3814 sunt,
1069 3743 1199 3802 dominio
1221 3744 1342 3818 publico

267 3824 421 3896 privatove
442 3825 510 3881 exui
533 3841 590 3881 non
612 3836 749 3897 possunt,
770 3843 824 3883 nec
847 3826 934 3884 titulo
957 3825 1151 3895 inventionis,
1170 3841 1223 3882 nec
1241 3825 1343 3882 Ponti-

267 3901 348 3959 ficiae
371 3901 554 3973 donationis,
575 3920 629 3962 nec
650 3906 730 3962 belli.

199 4005 256 4062 III.
267 4006 351 4063 Mare
378 4018 428 4065 aut
446 4006 491 4080 jus
513 4007 666 4081 navigandi
689 4010 718 4066 in
741 4025 776 4066 eo
797 4009 948 4083 proprium
970 4007 1032 4066 fieri
1055 4025 1114 4066 non
1137 4019 1233 4082 potest
1255 4024 1343 4066 occu-

267 4086 400 4222 patiorge,
428 4098 478 4144 aut
504 4085 662 4146 donatione
685 4088 854 4158 Pontificia,
875 4099 925 4147 aut
945 4090 1174 4163 praescrIptione
1196 4090 1255 4146 sive
1273 4104 1343 4145 con·

267 4177 350 4224 suctu
374 4167 430 4224 Ine.

197 4269 251 4326 IV.
263 4269 314 4342 Jus
336 4268 481 4327 mercandi
504 4288 571 4328 cum
592 4284 677 4345 gente
699 4275 787 4331 altera
810 4274 958 4346 proprium
976 4271 1038 4330 fieri
1061 4289 1119 4329 non
1142 4283 1238 4345 potest
1256 4288 1343 4329 occu-

267 4349 402 4485 patiogc,
423 4362 472 4408 aut
493 4349 650 4431 donatione
674 4352 842 4420 Pontificia,
864 4365 913 4410 aut
946 4354 1172 4426 praescriptione
1196 4352 1256 4409 sive
1273 4367 1343 4408 con-

267 4439 351 4486 suetu
373 4430 430 4486 Ine.
