3362 5504
336 579 397 653 318
641 593 687 638 ur:
711 594 804 658 June
829 593 1011 640 rnaauaa.
1037 593 1115 638 car.
1140 593 1200 640 nr.

330 745 439 812 Nemo
473 762 582 813 autem
617 748 680 814 lroc
716 767 833 832 negare
868 762 1000 830 potest,
1044 767 1119 816 cum
1155 745 1309 828 Epicurei
1341 753 1349 785 ¹
1382 745 1505 826 etiam,

328 858 447 924 summi
470 860 714 926 commodorum
738 843 872 926 suorum
893 857 1104 939 defensores,
1130 858 1241 924 dicant
1258 864 1310 926 οὐκ
1328 856 1400 926 εἶναι
1421 860 1508 934 ἡδέως

326 973 377 1055 ζῆν
399 972 467 1038 ἄνευ
489 979 539 1040 τοῦ
562 980 658 1045 tande
681 975 730 1038 tal
753 975 867 1046 δικαίως
889 973 958 1056 ζῆν,
983 992 1045 1033 nort
1063 969 1416 1056 possejueuttdotirt',
1441 971 1508 1032 nisi

328 1095 358 1144 et
392 1082 520 1146 honeste
552 1096 582 1146 et
606 1083 701 1167 juste
730 1087 881 1150 nitatur.
928 1081 1106 1166 Praecipue
1131 1097 1238 1148 autem
1262 1102 1337 1146 cum
1362 1082 1507 1146 honesto

328 1192 484 1277 conjungi
508 1207 593 1258 amat
614 1193 740 1259 utilitas
764 1194 841 1274 illa,
875 1213 958 1276 quae
980 1193 1161 1260 communis
1186 1209 1218 1258 et
1241 1193 1374 1276 publica
1399 1208 1449 1258 est
1470 1190 1506 1271 ¹,

329 1325 426 1385 quam
447 1320 479 1369 et
495 1303 982 1389 jurisprudeutes'plerumque
1002 1306 1193 1390 respiciunt.
1239 1305 1383 1370 Primum
1406 1305 1509 1389 igitur

330 1416 419 1481 sicut
451 1417 557 1482 omnis
586 1419 675 1501 justa
708 1417 884 1500 acquisitio
918 1419 1008 1486 utilis
1039 1434 1089 1484 est
1113 1433 1145 1483 et
1166 1439 1206 1482 ex
1230 1437 1342 1482 eorum
1368 1436 1507 1500 genere,

329 1550 412 1610 quae
436 1529 633 1594 severissimi
654 1529 928 1612 philosophorum
947 1536 1116 1615 προηγμένα
1135 1544 1278 1609 vocant,
1304 1528 1399 1610 quasi
1419 1527 1509 1592 dicas

325 1645 543 1727 praeposito,
578 1641 654 1722 quia
687 1641 824 1707 divitiae
859 1644 1034 1708 multarum
1070 1661 1177 1706 rerum
1202 1654 1278 1706 sunt
1302 1639 1508 1718 effectrices,

331 1753 374 1819 ita
408 1767 439 1817 et
471 1753 610 1835 praeda,
645 1773 728 1834 quac
763 1754 840 1818 dum
871 1755 959 1839 justa
988 1767 1019 1818 et
1042 1754 1178 1818 honesta
1211 1752 1276 1832 sit,
1313 1751 1508 1833 neutiquam

330 1865 509 1947 spernenda
533 1880 603 1946 est,

459 1982 491 2045 οὐ
514 1982 573 2060 γὰρ
595 1980 745 2058 ἀπόβλητ’
768 1981 831 2044 e’eri
854 1982 920 2044 isoio
942 1980 1067 2060 ἐρικυδέα
1089 1982 1161 2059 δῶρα
1182 1982 1206 2042 ⁴.

462 2087 554 2152 Nom
580 2109 635 2152 nec
660 2087 868 2173 despicienda
892 2087 1000 2152 Deam
1024 2102 1102 2151 sunt
1126 2087 1248 2152 inclita
1273 2085 1371 2151 dona.

373 2198 586 2265 Ostendimus
606 2207 617 2238 ⁶
639 2198 724 2264 enim
757 2199 863 2264 Deum
898 2199 982 2264 inter
1009 2214 1156 2279 caetera,
1182 2218 1265 2280 quae
1288 2196 1353 2279 piis
1379 2194 1511 2261 confert

330 2309 490 2376 beneficia
513 2327 544 2375 et
566 2314 631 2377 hoc
652 2331 833 2377 numerare.
883 2310 986 2378 Utilis
1011 2325 1059 2376 est
1082 2310 1183 2394 igitur
1206 2312 1259 2375 vel
1283 2311 1344 2374 hac
1367 2307 1510 2373 maxime

330 2423 370 2487 de
402 2442 522 2504 causa,
558 2423 649 2504 quod
680 2422 734 2489 isti
767 2423 824 2504 qui
857 2422 902 2488 sic
927 2423 1064 2490 honeste
1088 2424 1333 2504 locupletantur
1356 2421 1512 2503 pluribus

331 2533 426 2600 etiam
459 2534 613 2617 prodesse
644 2550 807 2617 possunt,
842 2549 874 2600 et
906 2534 984 2615 quia
1016 2533 1216 2616 reipublicae
1250 2533 1386 2598 interest
1419 2532 1511 2598 cives

331 2646 451 2713 habere
471 2648 657 2729 opulentos.
681 2645 772 2710 Tum
793 2661 953 2728 quatenus
974 2666 1047 2728 pars
1068 2645 1204 2728 praedae
1221 2645 1261 2710 ad
1274 2643 1508 2727 rempublicam

330 2758 481 2841 pervenit
504 2759 597 2824 nullo
622 2759 693 2842 ejus
716 2773 852 2840 sumtu,
878 2757 1089 2824 utilissimum
1114 2759 1177 2823 hoc
1201 2771 1250 2821 est
1272 2756 1345 2822 istis
1368 2756 1510 2821 maxime

332 2870 443 2934 aerarii
468 2870 560 2952 quod
583 2884 646 2934 tam
671 2869 762 2954 gravi
782 2872 870 2936 bello
890 2869 1040 2935 atteritur
1060 2869 1319 2934 difficultatibus.
1366 2867 1511 2933 Romani

331 2981 491 3064 plurimos
520 3002 578 3064 per
610 3001 711 3047 annos
743 2982 783 3046 ad
814 2981 989 3049 continuos
1015 2983 1175 3048 bellorum
1197 3002 1279 3047 usus
1302 2981 1408 3048 coacti
1433 2995 1512 3046 sunt

331 3093 455 3158 tributa
488 3093 660 3173 conferre,
695 3094 786 3175 quod
814 3095 873 3158 etsi
899 3094 1097 3160 diuturnitas
1120 3093 1189 3175 ipsa
1214 3113 1311 3177 grave
1335 3092 1511 3171 effecerat,

331 3220 437 3272 tamen
469 3206 663 3272 necessitate
696 3208 905 3273 tolerabatur.
953 3206 1017 3272 Sed
1046 3207 1135 3272 victa
1159 3205 1358 3270 Macedonia
1382 3218 1510 3269 tantum

331 3333 384 3379 ex·
404 3315 522 3398 praeda
552 3317 586 3381 in
619 3317 776 3382 aerarium
809 3321 946 3384 relatum
979 3334 1050 3398 est,
1078 3333 1118 3382 ut
1141 3338 1183 3382 ex
1207 3338 1246 3383 eo
1271 3317 1359 3382 cives
1383 3315 1512 3382 fuerint

331 3427 515 3508 immunes,
548 3448 608 3492 nec
640 3428 681 3492 ad
713 3430 906 3497 collationes
939 3432 1022 3496 ullas
1054 3444 1168 3512 postea
1203 3443 1413 3496 vocarentur.
1463 3429 1512 3494 Ita

332 3558 415 3618 quae
446 3553 556 3604 secuta
584 3554 662 3605 sunt
685 3541 770 3606 bella
794 3542 993 3608 devictarum
1020 3541 1164 3626 gentium
1190 3541 1347 3624 impensis
1370 3539 1512 3606 admini-

331 3663 428 3714 strata
461 3663 548 3714 sunt.
595 3650 668 3735 Ego
702 3652 784 3734 quid
816 3653 947 3719 Batavis
980 3654 1012 3717 in
1045 3669 1213 3736 posterum
1244 3654 1442 3737 sperandum
1467 3653 1511 3719 sit

331 3779 396 3824 non
416 3761 616 3843 praejudico.
641 3763 728 3828 Illud
747 3785 859 3830 omnes
879 3764 1095 3846 fatebuntur,
1120 3779 1284 3847 quatenus
1304 3765 1376 3832 fieri
1397 3779 1513 3848 potest

332 3870 447 3935 utilius
470 3872 591 3937 aerario
616 3894 655 3938 ex
677 3875 822 3941 hostium
849 3898 944 3958 quam
972 3877 1093 3942 civium
1118 3875 1337 3943 facultatibus
1350 3877 1513 3944 succurri.

186 3998 308 4095 fferam
333 3980 466 4062 Optime
498 3982 686 4068 philosophi
705 3984 717 4020 ⁸
737 3987 770 4051 in
801 3987 895 4054 utilis
918 3989 1170 4071 pertractatione
1193 3989 1369 4072 praecipue
1393 3991 1516 4056 docent

367 4177 374 4207 ¹
394 4179 419 4226 in
438 4180 546 4240 epistola
565 4184 646 4231 Cassii
665 4187 695 4233 ad
714 4186 797 4234 Cicer.
817 4187 902 4235 Famil.
922 4189 966 4235 lib.
989 4201 1027 4243 15.
1047 4189 1122 4248 epist.
1144 4203 1182 4252 19.
1217 4189 1227 4222 έ
1246 4191 1326 4237 Arist.
1344 4192 1421 4237 Rhet.
1433 4191 1478 4237 lib.
1492 4205 1515 4238 1.

334 4281 356 4314 c.
373 4269 397 4315 6.
415 4280 439 4316 et
458 4284 482 4330 9.
504 4268 540 4332 [p.
562 4274 633 4330 1362.
650 4273 674 4321 b.
693 4289 731 4322 vs.
751 4279 790 4323 28.
809 4289 833 4324 et
852 4292 878 4337 p.
899 4279 972 4335 1366.
990 4279 1014 4325 b.
1034 4293 1072 4328 vs.
1091 4279 1127 4343 s.]
1163 4278 1174 4312 ⁸
1193 4284 1209 4328 l.
1229 4295 1252 4330 2.
1271 4283 1303 4330 de
1319 4293 1404 4329 const.
1429 4281 1515 4328 Princ.

335 4355 378 4418 [D.
397 4373 417 4405 1.
432 4359 470 4422 4.]
504 4359 666 4412 ⁴llomerus.
686 4367 715 4412 11.
732 4366 777 4416 lib.
794 4379 817 4422 3.
837 4382 875 4416 vs.
894 4369 934 4423 65.
969 4369 1024 4416 ⁵irr
1043 4368 1094 4418 fine
1112 4384 1168 4431 cap.
1188 4385 1226 4432 ¹4·
1260 4371 1516 4420 taruennam.

336 4461 357 4495 1.
377 4462 399 4494 c.
418 4452 441 4496 8.
461 4451 499 4511 [p.
520 4454 592 4508 1365.
610 4455 635 4502 b.
652 4468 690 4504 vs.
708 4456 760 4518 aa]
