3362 5504
457 594 503 640 ne
527 594 620 659 June
649 595 1043 643 praesumamur.
1267 597 1330 663 273

155 749 296 816 Romani
331 751 498 815 consulem
526 769 595 814 esse
623 750 840 815 Antonium¹.
887 750 933 814 Et
956 751 1012 815 illa
1036 770 1119 831 quae
1144 770 1183 815 ex
1208 752 1329 816 oratio-

153 862 253 928 nibus
286 861 414 926 Tiberii
449 861 592 926 Gracchi
625 861 822 927 Plutarchus
852 861 863 895 ²
893 862 1075 944 excerpsit,
1121 863 1217 944 longe
1251 877 1329 928 sunt

153 973 342 1052 verissima,
364 973 425 1039 etsi
446 972 530 1037 forte
562 974 601 1037 ab
631 973 702 1054 ipso
726 991 792 1037 non
815 987 901 1037 recte
924 988 1089 1054 usurpata.
1136 973 1253 1038 Latine
1280 974 1328 1038 sic

154 1098 291 1150 sonant:
317 1085 556 1149 Sacrosouctos
581 1098 627 1148 est
652 1085 831 1164 tribuous,
856 1088 937 1168 quio
957 1083 1047 1169 plebi
1067 1099 1222 1148 socratas
1242 1086 1326 1168 ejus·

155 1218 218 1282 que
249 1195 401 1280 defhnsor
432 1210 503 1260 est:
536 1194 625 1280 quod
654 1200 682 1259 si
717 1210 866 1260 mutatus
896 1196 1021 1280 plebem
1045 1210 1141 1262 texet
1164 1197 1326 1280 injuriis,

148 1321 346 1393 potestatem
370 1308 437 1392 ejus
450 1306 632 1386 dissolvat,
647 1307 706 1391 jus
720 1307 819 1370 tollat
832 1304 1017 1393 suffragii,
1041 1311 1107 1392 ipse
1119 1311 1326 1393 magistratu

154 1440 186 1483 se
203 1422 382 1504 privarit,
415 1417 492 1483 dom
526 1417 599 1482 alia
623 1421 733 1481 omnia
748 1416 868 1501 facit,
901 1438 1000 1502 qoam
1025 1438 1063 1482 eo
1088 1418 1124 1481 ob
1148 1439 1233 1503 quae
1256 1440 1325 1482 ma-

150 1534 340 1616 gistrorum
363 1542 546 1614 acceperat.
593 1529 685 1592 Nam
710 1528 839 1613 alioqui
862 1532 892 1592 si
916 1527 1118 1613 Capitolium
1141 1532 1208 1593 iret
1229 1528 1326 1595 diru-

153 1656 249 1722 tum,
268 1641 422 1726 stammas
450 1639 596 1723 inferret
613 1640 759 1724 publicis
783 1640 983 1722 navalibus,
1017 1639 1166 1718 adhucne
1184 1643 1325 1726 permit-

153 1750 271 1818 tendus
301 1764 383 1816 esset
403 1771 521 1836 gerere
544 1751 788 1815 tribunatum?
813 1752 862 1816 Et
886 1765 995 1816 tomen
1019 1754 1098 1816 hoec
1121 1755 1150 1816 si
1165 1751 1324 1835 faceret,

153 1862 262 1927 malus
295 1875 373 1928 esset
406 1863 587 1928 tribuous:
621 1876 657 1926 or
689 1883 762 1926 cum
786 1862 911 1947 plebem
935 1867 1079 1944 euertit,
1105 1885 1144 1928 ne
1166 1863 1323 1927 tribuous

152 1972 296 2059 quidem.
343 1973 437 2059 Quae
470 1987 577 2038 autem
610 1991 679 2038 esse
712 1987 822 2055 potest
854 1989 910 2038 aut
942 1973 1059 2041 celsior
1090 1989 1147 2039 aut
1181 1974 1324 2039 sanctior

151 2100 298 2168 potestas
312 2105 369 2165 ea,
394 2105 492 2166 quam
505 2083 603 2149 hodie
626 2084 777 2149 nonnulli
789 2083 800 2117 ³
812 2085 961 2150 tribuunt
980 2084 1135 2150 Pontifici
1156 2085 1323 2163 Romano,

153 2217 251 2278 quern
283 2211 401 2280 negant
432 2195 492 2261 ulli
525 2197 668 2260 humano
700 2195 803 2279 judici
836 2197 1028 2279 subJacere,
1064 2217 1136 2261 cum
1161 2217 1322 2263 summum

152 2308 235 2374 illud
259 2308 431 2390 imperium
456 2325 521 2372 non
546 2306 759 2387 hominibus,
783 2308 841 2372 sed
864 2307 922 2372 uni
944 2306 1017 2373 Deo
1031 2308 1321 2390 acceptumferat‘i

153 2420 199 2484 Et
231 2419 265 2485 hi
298 2434 404 2485 tamen
438 2418 582 2485 fatentur
616 2418 735 2500 Papam
770 2418 799 2484 si
821 2440 839 2483 a
861 2418 925 2484 lide
958 2419 1122 2499 declinet,
1157 2441 1191 2486 se
1215 2420 1322 2503 ipsum

151 2531 239 2598 facto
263 2552 324 2597 suo
337 2532 517 2614 deponere:
538 2549 635 2614 posse
648 2545 754 2596 autem
769 2552 785 2596 a
798 2531 940 2597 concilio
953 2531 1139 2614 depositum
1153 2533 1321 2598 declarari:

153 2644 231 2726 quia
254 2643 379 2709 scilieet
402 2643 543 2710 haeresis
565 2643 686 2708 directe
704 2658 863 2727 repugnat
877 2643 1077 2708 institutioni
1092 2643 1320 2710 Pontificatus.

152 2756 240 2820 Cum
264 2753 349 2820 enim
373 2753 488 2836 capitis
511 2755 629 2819 habere
653 2754 770 2818 debeat
793 2753 973 2836 rationem,
1009 2770 1045 2818 ut
1067 2755 1168 2819 vitam
1191 2755 1321 2836 corpori

150 2866 309 2946 instillet,
341 2885 408 2929 non
440 2879 549 2947 potest
573 2885 612 2930 eo
636 2868 736 2945 loco,
771 2864 950 2946 inquiunt,
987 2865 1122 2947 haberi,
1146 2880 1320 2948 postquam

151 2993 201 3045 est
235 2977 448 3060 spiritualiter
481 2991 641 3042 mortuus.
698 2977 783 3041 Nam
826 2976 1127 3058 quomodocunque
1167 2977 1319 3043 affectum

151 3104 271 3172 caput,
305 3088 366 3154 etsi
389 3090 561 3172 langueat,
591 3102 690 3169 caput
712 3102 836 3152 manet:
859 3088 1041 3170 praecisum
1064 3103 1198 3169 autem,
1223 3104 1321 3171 caput

152 3221 217 3265 non
239 3216 300 3266 est.
346 3201 422 3283 Ipso
445 3199 547 3283 igitur
569 3197 679 3278 facto,
704 3218 779 3264 eum
803 3213 916 3264 contra
939 3198 1077 3264 formam
1101 3198 1321 3266 institutionis

150 3313 281 3394 veniat,
295 3312 467 3395 perditjus
490 3330 585 3376 omne
608 3325 640 3375 et
662 3325 855 3392 potestatem
868 3314 890 3376 ⁴.
915 3311 1017 3397 Quod
1040 3311 1067 3376 si
1092 3312 1146 3378 ille
1166 3312 1321 3378 Pontifex
1335 3352 1362 3398 γ,
1378 3355 1480 3420 ,ΨΜ-η

149 3437 343 3507 potestatem
375 3425 438 3490 hoc
470 3421 569 3487 modo
603 3436 744 3503 ereptant
777 3423 872 3488 armis
904 3422 1073 3504 vindicet,
1108 3424 1189 3505 quin
1225 3421 1480 3507 atmisssss‘jssifiifss

150 3535 355 3619 repellendus
384 3534 427 3601 sit
454 3533 586 3598 minime
615 3533 796 3600 dubitatur.
836 3536 949 3600 Multo
970 3534 1072 3619 igitur
1089 3537 1171 3601 haec
1192 3535 1320 3602 facilius
1334 3515 1375 3560 ‘¹⁶‘
1390 3514 1425 3560 ¹¹·

151 3647 184 3712 in
216 3645 402 3731 principatu
435 3645 634 3728 procedent,
668 3645 726 3726 qui
756 3647 812 3730 jus
846 3648 973 3712 nullum
998 3648 1117 3726 habet,
1142 3647 1205 3712 nisi
1229 3648 1320 3729 quod

150 3780 167 3823 a
197 3758 365 3842 republica
397 3755 581 3840 profectum
615 3770 675 3822 est.
734 3756 847 3839 Atque
882 3756 955 3823 ideo
989 3779 1028 3822 ex
1061 3758 1319 3842 Hispanorum⁵

184 4081 191 4112 ¹
211 4082 268 4130 Cic.
285 4083 395 4143 Philipp.
413 4097 436 4143 4.
457 4084 493 4145 [c.
514 4095 537 4140 3.
555 4086 577 4141 ξ.
588 4082 611 4131 6.
622 4081 688 4145 seq]
701 4093 724 4130 ct
734 4082 836 4142 passim.
869 4080 880 4114 ²
900 4083 957 4131 Vita
967 4083 1024 4132 Tib.
1036 4085 1151 4133 Gracchi.
1164 4083 1201 4148 [p.
1212 4088 1269 4143 831.
1279 4086 1316 4147 d]

150 4171 160 4204 ³
186 4175 217 4220 V.
232 4175 294 4222 Silv.
310 4174 336 4221 in
352 4189 378 4223 v.
394 4176 459 4234 Papa
475 4187 500 4221 n.
516 4188 540 4234 4.
565 4173 706 4222 Cardinalis
732 4175 763 4221 de
781 4173 855 4221 Turri
874 4185 998 4236 cremata,
1016 4178 1129 4224 Summae
1148 4176 1193 4224 lib.
1210 4190 1235 4237 4.
1252 4191 1278 4237 p.
1297 4191 1319 4225 2.

151 4279 174 4312 c.
204 4279 242 4327 ¹9·
269 4276 293 4312 ct
322 4278 361 4313 ao.
396 4265 446 4313 ⁴c.
465 4264 579 4313 Acutius.
601 4277 622 4312 1.
641 4275 665 4312 et
685 4278 708 4313 a.
727 4278 749 4311 c.
768 4263 919 4314 audivimus.
939 4279 960 4313 c.
980 4265 1125 4314 didicimus.
1144 4265 1233 4329 [Dece.
1251 4271 1320 4317 Grac.

150 4371 175 4415 p.
195 4371 218 4403 2.
238 4371 277 4417 24.
300 4371 320 4404 1.
339 4370 361 4405 c.
383 4370 403 4403 1.
424 4369 447 4413 3.
466 4370 490 4416 4.
509 4355 561 4419 μ]
598 4355 702 4415 tvasq.
722 4369 744 4403 c.
766 4370 787 4404 1.
805 4369 829 4403 n.
849 4360 872 4404 8.
891 4370 951 4406 casu
969 4357 1063 4418 tertio,
1082 4360 1171 4418 allegat
1190 4361 1319 4420 iserniam,

151 4449 273 4496 Thomnm
292 4460 317 4496 et
336 4448 507 4496 Hostiensern.

1151 4544 1188 4604 18
