3326 5506
342 615 405 677 244
639 613 686 660 nn
710 612 805 677 Junu
829 612 1015 660 annuunt.
1039 613 1118 660 cnr.
1144 612 1210 660 x11.

341 784 566 837 contractuum
596 768 813 850 universalis,
846 773 1111 852 ἡμεταβλντνκή,
1145 782 1296 834 anatura
1316 782 1385 834 est:
1424 767 1517 833 modi

320 897 448 958 tautern
478 881 605 963 aliquot
631 881 813 966 singulares
841 881 1016 964 ipsumque
1045 880 1209 964 pretium,
1240 885 1520 965 ἡχρνματνστνκή,

340 995 380 1060 ab
409 994 561 1060 instituto
591 995 621 1058 ¹:
663 1015 747 1077 quae
775 993 975 1060 vetustiores
1002 993 1086 1078 juris
1114 992 1308 1077 interpretes
1338 1011 1405 1058 non
1438 991 1520 1059 satis

340 1106 570 1172 distinxerunt.
607 1107 762 1172 Fatentur
781 1119 887 1172 tamen
908 1125 1019 1172 omnes
1041 1101 1052 1136 ²
1072 1105 1304 1188 proprietatem
1325 1125 1435 1170 rerum
1455 1108 1521 1171 sal-

340 1234 405 1285 tem
425 1219 596 1286 mobilium
617 1220 723 1303 ajune
755 1217 899 1303 gentium
920 1217 1073 1301 primario
1093 1218 1246 1301 prodire,
1271 1219 1417 1300 itemque
1439 1238 1523 1283 con-

340 1346 463 1398 tractus
495 1352 628 1412 omnes,
664 1333 787 1414 quibus
817 1331 959 1413 pretium
990 1350 1056 1396 non
1088 1331 1226 1397 accedit.
1280 1330 1478 1414 Philosophi
1511 1337 1523 1371 ³

341 1455 393 1520 rio
416 1450 658 1527 μεταβλητικῆς,
682 1465 778 1527 quam
811 1443 1069 1509 translationem
1098 1458 1224 1510 vertere
1245 1443 1378 1523 licebit,
1400 1464 1523 1529 genera

343 1571 492 1623 statuunt
512 1557 578 1622 duo
590 1607 598 1636 ‚
610 1562 662 1634 τὴν
682 1561 834 1642 ἐμπορικὴν
853 1560 903 1624 καὶ
924 1561 975 1633 τὴν
994 1563 1175 1636 annonario:
1198 1577 1335 1638 quatum
1358 1561 1523 1640 introituri,

344 1689 428 1751 quae
464 1683 531 1747 est,
555 1684 592 1734 ut
621 1689 689 1734 vox
712 1667 782 1751 ipsa
806 1668 951 1749 indicat,
976 1667 1060 1734 inter
1089 1683 1200 1754 gentes
1224 1669 1378 1749 dissitas,
1403 1669 1521 1735 ordine

344 1795 477 1847 naturae
505 1781 594 1864 prior
614 1795 663 1848 est
686 1795 718 1845 et
738 1780 785 1845 sic
805 1802 822 1846 a
846 1781 982 1846 Platone
1006 1780 1141 1862 ponitur
1160 1781 1190 1870 ⁴.
1226 1787 1382 1860 Κατηλική
1407 1782 1520 1847 eadem

344 1893 478 1959 videtur
508 1914 601 1974 esse,
635 1913 718 1975 quae
749 1895 934 1977 παράστασις
963 1892 1136 1958 Aristoteli
1161 1899 1196 1973 ⁵,
1226 1895 1429 1958 tabernario
1460 1914 1523 1960 seu

303 2031 306 2054 ·
345 2010 497 2071 stataria
521 2009 702 2092 negotiatio
727 2004 810 2070 inter
833 2004 933 2071 cives.
971 2004 1060 2070 Idem
1080 2005 1278 2072 Aristoteles
1295 2011 1347 2083 rho
1367 2011 1524 2091 ἐμπορικήν

346 2117 466 2184 dividit
488 2118 520 2183 in
541 2125 712 2204 ναυκληρίαν
733 2133 766 2184 et
781 2121 960 2207 φαρτνρίαν,
975 2139 1114 2201 quarum
1126 2119 1207 2183 haec
1220 2118 1364 2184 terrestri
1377 2118 1519 2199 itinere,

345 2229 399 2294 illa
422 2230 585 2328 maritimo
609 2249 730 2296 merces
751 2230 897 2296 devehit.
934 2230 1105 2296 Sordidior
1128 2235 1235 2297 autem
1258 2246 1307 2296 est
1325 2233 1522 2312 ννννντνρλλνννν119

347 2356 458 2409 contra
489 2342 659 2408 honestior
680 2345 835 2428 ἕρντνρνκή,
868 2357 900 2408 et
929 2343 1089 2408 maritima
1117 2343 1276 2423 maxime,
1309 2343 1387 2425 quia
1418 2345 1524 2409 multa

347 2453 460 2520 multis
483 2453 640 2537 impertit.
688 2456 767 2521 Inde
791 2455 924 2522 navium
949 2455 1177 2522 exercitionem
1200 2457 1241 2522 ad
1261 2475 1418 2521 summam
1439 2476 1524 2522 renr-

346 2566 511 2649 publicam
546 2567 705 2650 pertinere
736 2567 817 2632 dicit
839 2568 1047 2651 Ulpianus⁷,
1072 2568 1261 2636 institorum
1284 2589 1350 2636 non
1373 2569 1524 2635 eumdem

346 2699 415 2746 esse
438 2698 544 2745 usum.
592 2679 684 2767 Quin
715 2680 769 2745 illa
799 2681 933 2747 omnino
960 2682 1143 2748 secundum
1167 2695 1313 2748 naturam
1338 2683 1524 2748 necessaria

347 2806 411 2858 est.
459 2791 658 2860 Aristoteles
679 2799 710 2858 ⁸:
734 2796 796 2862 ἐστὶ
820 2799 879 2878 γὰρ
900 2801 915 2871 a}
937 2799 1145 2878 μεταβλητικὴ
1165 2798 1300 2869 πάντων,
1322 2799 1472 2878 ἀρξαμένη
1492 2801 1524 2864 τὸ

347 2910 401 2990 μὲν
418 2911 528 2990 πρῶτον
545 2910 578 2974 ἐκ
599 2914 650 2976 τοῦ
671 2910 752 2975 κατὰ
774 2909 863 2992 Φύσιν
882 2911 922 2991 τῷ
945 2914 986 2976 ‘roi
1009 2912 1061 2991 μὲν
1084 2911 1193 2982 πλείω,
1216 2911 1258 2976 noi
1280 2912 1310 2976 δὲ
1325 2909 1444 2976 ἐλάττω
1468 2917 1523 2976 τῶν

346 3022 448 3086 ἱκανῶν
470 3021 547 3103 ἔχειν
577 3023 643 3094 τοὺς
665 3023 832 3102 ἀνθρώπους.
886 3017 951 3083 Est
981 3024 1066 3085 enim
1099 3020 1283 3086 translatio
1317 3039 1432 3084 rerum
1458 3041 1522 3084 om·

348 3133 466 3209 nium,
498 3143 611 3216 coepta
644 3131 684 3195 ab
709 3133 808 3196 initio
832 3131 873 3196 ab
897 3152 931 3195 oo
955 3131 1044 3217 qaod
1064 3146 1111 3196 est
1132 3133 1308 3198 secandam
1332 3145 1523 3214 naturam,

347 3263 420 3306 cum
441 3242 583 3306 hominos
599 3245 732 3328 partim
753 3235 913 3308 haberant
926 3243 1035 3329 plura
1055 3265 1156 3329 quam
1177 3246 1378 3332 sufficerant,
1387 3249 1521 3332 partim

348 3357 449 3419 etiam
479 3357 660 3438 pauciora.
721 3353 843 3421 Seneca
867 3358 899 3419 ⁹:
933 3377 1018 3442 qaae
1049 3360 1188 3436 amoris,
1212 3357 1351 3426 tondere
1371 3362 1523 3444 gantiam

338 3466 400 3550 jas
423 3479 480 3529 ast.
523 3465 773 3532 Commercandi
788 3466 893 3553 igitur
913 3467 1047 3552 libertas
1069 3489 1109 3534 ex
1125 3469 1200 3554 jure
1218 3485 1266 3536 est
1278 3469 1433 3555 primario
1448 3491 1525 3556 gen-

349 3576 455 3660 tium,
480 3577 571 3660 quod
594 3581 773 3646 naturalem
802 3595 834 3646 et
854 3596 1043 3664 perpetuam
1074 3602 1202 3650 causam
1235 3583 1355 3666 habet,
1381 3583 1526 3668 ideoque

384 3851 391 3884 ¹
411 3855 491 3904 Arist.
513 3856 544 3903 de
566 3868 629 3903 mor.
646 3857 679 3904 ad
695 3855 797 3904 Nicom.
814 3859 831 3904 l.
850 3869 873 3913 5.
894 3871 917 3905 c.
933 3859 956 3906 8.
974 3856 1013 3922 [p.
1034 3871 1105 3918 1133.
1127 3873 1147 3908 r.
1164 3873 1202 3908 vs.
1219 3874 1260 3908 το.
1280 3859 1349 3923 sqq.]
1368 3871 1394 3908 et
1413 3863 1446 3908 de
1465 3874 1521 3921 rep.

347 3947 365 3994 l.
386 3958 407 3993 ι.
421 3958 444 3994 c.
464 3959 488 4008 9.
509 3944 547 4007 [p.
565 3958 635 4004 1257.
654 3960 674 3995 ι.
692 3960 730 3996 vs.
749 3948 801 4009 sn]
821 3961 843 3996 c.
860 3947 901 4005 jus
919 3952 1041 3999 naturale.
1068 3951 1157 4012 [Decr.
1176 3952 1324 4012 Grat.p.1.
1344 3964 1366 3999 r.
1383 3949 1419 4014 7.]
1441 3951 1525 4000 Arist.

349 4038 372 4085 d.
396 4039 414 4084 l.
429 4051 452 4086 c.
473 4051 498 4099 9.
523 4037 561 4099 [p.
580 4050 653 4096 12⁵7·
670 4051 692 4086 1.
710 4051 747 4088 vs.
768 4039 818 4100 14.]
854 4036 865 4070 ²
883 4041 1023 4091 Castrensis
1044 4055 1076 4091 cx
1093 4043 1166 4104 Cyno
1185 4054 1209 4091 et
1229 4041 1285 4091 aliis
1302 4043 1449 4091 ind.1.ex
1467 4045 1518 4092 hoc

349 4125 412 4185 iure.
438 4129 482 4191 [D.
510 4143 531 4179 1.
558 4143 578 4178 1.
603 4129 638 4194 5.]
660 4144 685 4179 n.
707 4144 747 4180 20.
773 4142 797 4179 et
823 4133 865 4180 28.
899 4130 998 4182 ⁸Plaro
1017 4134 1144 4195 sophista.
1163 4133 1204 4198 [p.
1224 4147 1282 4192 223.
1299 4133 1336 4196 d.]
1373 4133 1475 4184 ⁴Plato
1494 4136 1525 4183 de

349 4233 403 4280 rep.
426 4222 443 4268 l.
469 4236 491 4268 a.
513 4219 551 4285 [p.
579 4233 636 4280 371.
658 4236 680 4270 c.
702 4223 738 4285 d.]
762 4222 807 4284 qui
824 4225 897 4274 locus
917 4225 1010 4274 citatur
1031 4226 1058 4275 in
1076 4229 1094 4274 l.
1113 4241 1137 4275 a.
1155 4227 1181 4276 ff.
1201 4229 1232 4276 de
1249 4229 1326 4276 nond.
1345 4225 1390 4291 [D.
1411 4240 1451 4283 so.
1473 4227 1525 4289 11.]

350 4309 361 4342 ¹
379 4311 455 4360 Arist.
481 4314 512 4362 de
528 4326 581 4373 rep.
596 4315 614 4360 l.
636 4327 657 4361 1.
674 4327 698 4362 c.
717 4328 754 4363 11.
775 4315 902 4377 [ll-1258·
922 4331 945 4365 a.
961 4331 999 4367 vs.
1017 4317 1069 4381 aa]
1105 4317 1116 4350 ⁶
1135 4319 1191 4368 Cic.
1208 4321 1240 4368 de
1259 4319 1301 4368 off.
1318 4320 1338 4368 l.
1358 4333 1379 4368 1.
1398 4319 1478 4369 Arist.
1497 4321 1527 4368 de

350 4417 405 4464 rep.
420 4405 438 4451 l.
458 4417 479 4452 1.
497 4418 520 4454 c.
535 4419 560 4468 9.
580 4405 617 4467 [p.
637 4419 710 4465 1257.
733 4421 756 4456 2.
772 4422 811 4458 vs.
832 4423 853 4458 1.
873 4409 941 4472 sqq.]
978 4406 1023 4459 ⁷1.
1044 4424 1067 4459 1.
1087 4413 1108 4468 ξ.
1126 4411 1197 4461 licet.
1215 4412 1241 4460 ff.
1259 4413 1290 4460 de
1310 4424 1396 4461 exerc.
1416 4411 1526 4461 actione.

353 4493 397 4559 [D.
416 4509 454 4556 14.
472 4509 494 4544 ι.
511 4509 533 4544 1.
551 4500 573 4555 §-
588 4496 641 4562 τα]
667 4496 679 4529 ⁸
695 4497 801 4550 ibidem.
818 4500 855 4562 [p.
875 4513 947 4560 1257.
964 4515 985 4552 1.
1001 4516 1039 4552 vs.
1056 4516 1094 4564 14.
1110 4503 1180 4568 sqq.]
1206 4501 1217 4535 ⁰
1235 4506 1266 4554 de
1285 4503 1371 4554 benef.
1387 4506 1406 4552 l.
1424 4517 1446 4554 1.
1461 4517 1484 4554 c.
1500 4518 1524 4566 9.
