3316 5494
335 618 402 663 120
620 615 667 660 DE
690 615 784 681 JURE
808 611 990 660 PRAEDAE.
1015 613 1094 660 CAP.
1118 611 1201 660 v111.

333 785 483 853 expresse
502 769 659 836 convenit
681 783 719 835 ut
738 769 972 850 redderentur,
993 769 1075 835 haec
1095 781 1134 833 ut
1152 767 1230 834 belli
1250 766 1391 850 praemia
1410 784 1514 849 penes

331 897 534 964 possessores
556 895 687 948 manent
697 884 718 949 ¹.
750 879 892 946 Videtur
914 879 1030 965 igitur,
1049 897 1121 944 cum
1143 878 1295 963 pactione
1307 877 1512 944 efficiendum

333 991 377 1058 sit
398 1007 437 1058 ut
467 992 690 1075 recipiantur,
720 994 775 1078 jus
807 1006 978 1059 commune
1010 993 1043 1058 in
1075 991 1272 1058 eontrarium
1297 989 1512 1074 praecedere:

309 1104 397 1194 ⁸hoc
420 1116 527 1170 autem
542 1123 546 1128 ·
560 1103 651 1170 aliud
674 1122 743 1170 esse
767 1119 833 1170 non
853 1117 987 1188 potest,
1011 1121 1108 1185 quam
1136 1121 1175 1168 ex
1206 1101 1307 1168 tacito
1337 1099 1511 1167 civitatum

188 1182 323 1282 mosas·
333 1232 504 1281 consensu.
550 1215 665 1281 Potest
696 1229 729 1281 et
760 1215 845 1281 illud
866 1215 969 1280 eidem
1000 1214 1047 1280 rei
1079 1214 1277 1280 documento
1301 1231 1395 1294 esse,
1418 1211 1512 1295 quod

334 1343 445 1393 omnes
475 1346 528 1392 res
553 1346 636 1408 quae
660 1326 747 1392 bello
779 1325 952 1410 capiuntur
973 1340 1030 1393 aut
1052 1326 1086 1394 in
1108 1323 1311 1409 postliminio
1331 1336 1432 1405 sunt,
1454 1337 1514 1389 aut

335 1451 425 1502 extra
457 1435 707 1521 postliminium.
753 1437 792 1503 In
823 1438 875 1504 his
906 1457 991 1521 quae
1019 1436 1256 1522 postliminium
1279 1453 1345 1502 non
1366 1434 1511 1515 liabent,

334 1567 408 1613 curn
427 1561 557 1632 recepta
576 1549 616 1614 ad
636 1549 762 1632 priores
780 1548 932 1616 dominos
953 1567 1019 1615 non
1035 1550 1190 1629 redeant,
1209 1557 1335 1614 certum
1347 1557 1397 1614 est
1413 1545 1511 1612 amis-

333 1663 406 1725 sun'a
438 1677 507 1728 esse
534 1660 590 1744 J‘us
612 1659 749 1726 dominii
770 1661 950 1744 hostesque
982 1659 1133 1726 dominos
1153 1678 1187 1724 re
1207 1676 1284 1726 vera
1301 1655 1415 1724 factos.
1459 1657 1511 1722 Ea

335 1790 412 1837 vero
442 1789 524 1854 quae
553 1771 588 1837 in
608 1771 811 1854 postliminio
837 1786 915 1837 sunt
945 1790 1011 1838 non
1035 1771 1068 1837 in
1100 1770 1245 1838 dominio
1271 1768 1510 1854 permansisse,

333 1881 392 1949 sed
411 1882 444 1947 in
466 1881 648 1948 dominium
668 1882 797 1948 restitui
819 1881 964 1966 putanda
983 1897 1084 1965 sunt,
1103 1881 1180 1966 quia
1200 1880 1438 1965 postliminium
1460 1879 1511 1944 di-

332 1993 419 2058 citur
446 1994 502 2078 jus
533 2011 603 2058 esse
620 1993 666 2059 rei
698 1993 831 2061 amissae
860 1994 1084 2076 alienatasque
1112 1993 1316 2077 recipiendae
1336 1990 1372 2074 ¹,
1397 1991 1442 2058 ita
1472 2005 1511 2056 ut

332 2117 461 2186 recepta
484 2123 544 2188 pro
577 2104 619 2170 iis
641 2106 844 2186 habeantur,
878 2105 973 2188 quasi
1007 2105 1119 2171 hostes
1139 2116 1319 2187 numquam
1347 2102 1388 2170 iis
1410 2103 1510 2186 potiti

334 2228 458 2281 essent:
474 2217 625 2298 clareque
637 2215 791 2281 traditum
802 2231 872 2297 est,
893 2216 951 2282 ubi
962 2207 1142 2282 dominium
1155 2215 1325 2296 retinetur,
1343 2213 1427 2282 nihil
1439 2231 1510 2281 esse

335 2342 418 2408 opus
447 2325 655 2409 postliminii.
698 2325 788 2392 Idem
818 2346 858 2392 ex
889 2346 927 2392 eo
961 2326 1074 2410 colligi
1105 2335 1239 2410 potest,
1263 2325 1342 2408 quia
1368 2324 1511 2391 redemta

335 2437 375 2501 ab
405 2435 558 2503 hostibus
587 2437 743 2502 dicuntur
771 2438 922 2520 protinus
953 2437 1023 2502 lieri
1046 2437 1256 2519 redimentis,
1279 2435 1338 2502 sed
1359 2435 1510 2503 offerenti

334 2547 474 2631 pretium
504 2548 558 2632 jus
577 2546 771 2631 postliminii
794 2547 874 2615 dari.
918 2549 1010 2616 Haec
1034 2561 1141 2615 autem
1165 2549 1274 2614 omnia
1296 2561 1361 2613 tam
1385 2543 1429 2613 ei
1446 2561 1510 2614 una

333 2674 446 2743 parte,
471 2679 568 2742 quam
591 2678 630 2724 ex
651 2660 750 2725 altera
774 2660 921 2726 obtinere
944 2660 1138 2745 apertissimi
1158 2660 1242 2746 juris
1265 2675 1314 2726 est
1328 2665 1352 2727 ⁸.
1377 2659 1424 2732 Et
1435 2673 1511 2725 sane

334 2772 424 2838 haud
443 2771 511 2838 scio
533 2791 572 2836 an
594 2773 660 2837 ulla
681 2771 724 2838 sit
746 2771 859 2856 nati0,
885 2791 969 2855 quoe
992 2771 1085 2838 aliter
1104 2771 1278 2839 existimet.
1313 2766 1400 2837 Nam
1423 2767 1511 2838 etin

335 2901 424 2950 sacra
445 2882 582 2950 historia
599 2883 718 2967 praeda
738 2883 877 2951 Davidis
897 2883 1018 2950 dicitur
1036 2883 1090 2962 id,
1111 2884 1202 2967 quod
1224 2883 1333 2950 David
1345 2883 1512 2948 Ameleci·

334 2994 401 3076 tis,
419 2995 621 3062 Amelecitae
642 3007 750 3061 autem
773 2995 841 3062 suis
861 2994 1015 3062 hostibus
1032 2995 1217 3079 eripuerant
1229 2991 1258 3060 ⁴:
1277 2995 1362 3061 unde
1379 3009 1512 3079 apparet

335 3105 517 3172 dominium
546 3106 597 3174 bis
629 3122 698 3172 esse
730 3108 932 3174 translatum.
978 3107 1056 3172 Fuit
1078 3107 1141 3172 ista
1161 3105 1342 3172 doctissimi
1362 3103 1510 3190 Fulgosii

336 3215 521 3297 sententia,
535 3210 538 3216 ’
552 3231 648 3299 quam
665 3217 766 3302 Jason
789 3217 939 3300 sequitur
951 3220 973 3283 ¹.
1019 3217 1161 3284 Romani
1182 3217 1315 3300 quidem
1336 3217 1512 3284 observan-

336 3327 454 3394 tissimi
485 3327 661 3410 aequitatis
691 3326 834 3410 apertius
859 3328 923 3394 hoc
944 3326 1052 3411 ipsum
1075 3329 1329 3408 constituerant,
1352 3347 1451 3412 quam
1474 3341 1512 3394 ut

338 3438 500 3505 dubitatio
530 3438 770 3521 relinqueretur
791 3435 818 3506 ⁸.
861 3439 915 3505 Ne
949 3439 1112 3522 pontificii
1147 3441 1279 3522 quidem
1304 3439 1389 3525 juris
1411 3439 1511 3506 inter·

337 3565 445 3634 pretes
466 3548 478 3588 ⁷
499 3549 710 3617 dissentiunt.
756 3551 855 3618 Unde
880 3551 974 3635 sequi
994 3550 1126 3618 videtur
1148 3551 1340 3633 subditum,
1361 3552 1421 3635 qui
1442 3553 1509 3618 bei·

372 3796 381 3831 ¹
398 3799 416 3846 1.
440 3797 462 3846 si
484 3797 547 3858 quid
568 3795 646 3847 bello.
663 3797 689 3847 ff.
712 3799 744 3848 de
762 3810 828 3860 capt.
848 3801 892 3862 [D.
911 3813 953 3863 49.
973 3811 1011 3856 15.
1029 3798 1081 3863 ab]
1102 3797 1189 3857 eujae.
1208 3802 1249 3850 ad
1267 3801 1285 3848 l.
1307 3813 1331 3857 5.
1348 3799 1374 3848 ff.
1393 3802 1425 3850 de
1443 3813 1509 3861 part.

341 3888 384 3954 [D.
403 3903 428 3939 a.
452 3888 502 3954 14.]
522 3902 547 3938 et
563 3890 671 3941 observ.
687 3892 705 3938 1.
722 3903 761 3952 ¹9·
785 3904 811 3939 n.
834 3902 858 3949 7.
891 3887 937 3938 ²1.
955 3889 1150 3951 postliminium.
1166 3890 1192 3940 ii.
1209 3893 1241 3941 de
1258 3903 1324 3952 capt.
1346 3891 1391 3954 [D.
1407 3905 1450 3954 49.
1469 3905 1508 3948 as.

341 3980 393 4042 19.]
411 3979 466 4029 Cic.
484 3978 550 4041 Top.
570 3981 604 4042 [c.
628 3984 650 4028 8.
666 3983 687 4039 5.
706 3981 746 4039 36.
763 3977 813 4044 sq.]
833 3983 851 4029 l.
873 3980 900 4030 in
917 3977 994 4030 hello.
1013 3985 1035 4040 5.
1053 3993 1159 4032 caetera.
1180 3982 1206 4032 ff.
1224 3995 1255 4031 eo
1272 3981 1313 4031 tit.
1332 3979 1362 4046 [l.
1382 3993 1422 4032 12.
1440 3987 1453 4042 5
1471 3981 1506 4048 6.]

338 4074 355 4120 l.
372 4084 423 4120 non
439 4071 536 4119 dubito.
558 4083 582 4121 et
604 4074 621 4120 l.
638 4074 734 4121 hostes.
755 4070 784 4135 [l.
809 4084 833 4130 7.
858 4083 883 4121 et
908 4074 925 4121 l.
952 4071 1004 4136 24]
1026 4075 1085 4122 d.l.
1103 4073 1129 4122 in
1148 4073 1225 4122 bello.
1243 4077 1264 4132 5.
1282 4072 1377 4134 siquis
1398 4086 1508 4123 servum.

340 4163 370 4226 [l.
390 4175 429 4211 12.
447 4175 478 4211 eo
496 4161 536 4210 tit.
553 4165 575 4221 5.
593 4163 629 4224 7.]
665 4161 676 4195 ⁸
694 4164 760 4213 Fest.
778 4163 804 4211 in
823 4179 850 4212 v.
866 4161 1062 4213 Postlirninium.
1079 4166 1128 4214 d.1.
1145 4164 1171 4213 ln
1186 4161 1262 4214 bello.
1271 4163 1508 4224 §.manumittendu

342 4251 376 4317 [5.
389 4251 426 4318 9.]
462 4251 554 4302 ⁴Sam.
572 4267 594 4302 1.
610 4265 650 4312 ³0·
669 4267 709 4302 ao.
743 4253 877 4314 ⁵uterque
893 4255 956 4304 adl.
974 4267 1006 4303 ex
1024 4257 1074 4304 hoc
1092 4253 1155 4312 iure.
1172 4254 1198 4303 ff.
1217 4257 1248 4305 de
1265 4254 1323 4314 just.
1341 4267 1366 4304 et
1386 4254 1450 4314 jure.
1465 4255 1508 4320 [D.

343 4358 364 4394 ι.
386 4359 408 4394 a.
430 4343 466 4406 5·]
501 4343 590 4394 “Insa
616 4341 705 4405 quibus
727 4344 811 4394 modis
830 4343 868 4402 jus
890 4356 945 4405 pot.
964 4349 985 4404 5.
1004 4346 1048 4406 qui
1066 4343 1095 4393 ab
1112 4349 1177 4395 host.
1198 4344 1229 4410 [i.
1250 4360 1270 4395 1.
1291 4360 1329 4396 12.
1351 4350 1373 4406 5.
1394 4345 1432 4412 5·]
1451 4348 1507 4408 Dig.

340 4437 371 4484 de
396 4446 462 4496 capt.
483 4446 539 4483 toto
560 4435 600 4484 tit.
621 4433 666 4498 [D.
690 4448 731 4498 49.
758 4436 808 4498 ¹9·]
844 4431 905 4498 ⁷gl.
926 4435 1049 4494 inuios
1067 4438 1187 4498 gentium.
1207 4438 1292 4499 [Deer.
1312 4439 1379 4487 Grat.
1398 4453 1424 4499 p.
1445 4451 1506 4488 1.1.

339 4540 364 4586 4.
382 4525 418 4589 9.]
439 4527 497 4576 Pan.
513 4528 544 4576 ad
562 4541 583 4577 c.
602 4527 676 4578 sicut.
695 4530 726 4576 de
744 4525 849 4586 jurejur.
