3362 5504
502 605 550 653 DE
573 603 667 672 June
693 605 876 652 PRAEDAE.
902 605 982 652 CAP.
1007 605 1064 651 XV.
1301 604 1363 668 339

188 887 413 954 praeterquam
436 871 527 953 quod
545 892 612 937 rem
633 871 773 953 metuit,
798 891 882 953 quae
902 890 1079 953 numquam
1098 885 1155 936 aut
1173 889 1248 936 sane
1268 889 1363 935 num·

189 1003 286 1064 quam
309 982 484 1065 praecipue
517 983 692 1047 metuenda
723 997 797 1062 est,
822 996 859 1047 ut
883 997 956 1047 ante
980 982 1146 1062 diximus,
1172 980 1305 1064 insuper
1328 979 1361 1046 in

185 1093 270 1177 juris
302 1093 489 1177 cognitione
522 1092 664 1176 graviter
686 1093 808 1159 labitur
831 1108 863 1158 et
886 1093 1003 1158 damno
1024 1112 1085 1160 suo
1109 1092 1206 1159 favet.
1249 1093 1361 1158 Multo
1374 1101 1522 1200 mag:

188 1204 274 1269 enim
304 1203 434 1269 facilius
458 1218 594 1288 cogetur
619 1204 693 1286 quis
715 1204 886 1270 restituere
910 1223 977 1269 eam
1001 1205 1175 1287 praedam,
1200 1223 1283 1286 quae
1304 1209 1478 1286 pe-r011·11·

187 1334 246 1382 nes
277 1335 311 1381 se
346 1329 471 1394 exstet,
505 1335 602 1397 quarn
635 1335 719 1397 quae
753 1315 818 1398 jam
851 1329 1021 1380 consumta
1049 1314 1093 1382 sit
1116 1323 1151 1395 ¹,
1182 1335 1255 1380 cum
1278 1314 1361 1381 hanc

187 1426 293 1492 bonae
325 1425 401 1490 fidei
431 1426 573 1508 praemio
593 1426 706 1492 cedere
731 1425 1024 1509 compertissimum
1044 1425 1096 1492 sit.
1142 1424 1261 1492 Nihilo
1285 1428 1360 1508 plus

187 1551 289 1620 agunt
308 1536 342 1601 hi
365 1537 423 1617 qui
446 1552 630 1620 agnoscunt
650 1536 783 1618 quidem
806 1537 957 1619 praedam
980 1537 1037 1601 sed
1060 1536 1359 1603 aiiotransferunt.

188 1647 275 1711 Nam
307 1647 335 1713 si
360 1648 478 1713 vitium
500 1647 547 1712 rei
571 1647 677 1714 inesse
699 1647 935 1732 imaginantur,
960 1647 994 1711 id
1017 1647 1150 1728 quidem
1174 1649 1264 1712 nulla
1283 1646 1360 1712 alie·

187 1758 321 1823 natione
351 1757 482 1842 purgari
510 1772 641 1840 potest,
666 1757 851 1839 quodcum
875 1757 1004 1842 legibus
1028 1757 1122 1823 etiam
1144 1759 1360 1824 constitutum

187 1867 232 1933 sit
254 1865 289 1948 ²,
313 1882 382 1933 tum
404 1889 483 1934 vero
508 1868 541 1935 in
565 1868 765 1936 conscientia
794 1869 899 1934 multo
932 1869 1034 1953 magis
1065 1869 1202 1936 obtinet.
1249 1871 1361 1957 Quare

188 1979 248 2061 qui
280 1980 362 2045 mala
395 1980 459 2046 lide
489 1980 637 2064 praedam
667 1981 835 2064 percepit,
868 2001 941 2046 cum
966 1980 1094 2048 scilicet
1114 2002 1181 2047 eam
1205 1981 1358 2066 injustam

187 2091 356 2172 crederet,
380 2090 408 2158 is
430 2093 469 2156 ad
494 2091 736 2158 restitutionem
758 2107 918 2175 perpetuo
942 2106 1089 2174 tenetur,
1111 2092 1155 2158 ita
1175 2107 1212 2158 ut
1232 2094 1361 2158 tradant

186 2203 333 2287 magistri
362 2222 422 2269 nec
456 2203 628 2268 vendendo
663 2223 723 2267 nec
756 2203 908 2268 donando
940 2223 1012 2267 eum
1036 2202 1189 2284 liberari,
1213 2205 1307 2270 etiam
1332 2204 1360 2270 si

186 2333 237 2379 res
268 2313 301 2376 in
333 2313 542 2379 millesimum
572 2331 793 2396 possessorem
817 2316 969 2380 translata
990 2314 1033 2380 sit
1052 2319 1076 2379 ⁸.
1123 2314 1158 2380 Si
1182 2315 1258 2397 quis
1280 2336 1360 2381 vero

186 2424 351 2490 existimet
383 2425 458 2490 ideo
491 2443 526 2489 se
551 2423 659 2492 minus
682 2424 819 2507 praedae
840 2425 1031 2509 participem
1052 2424 1116 2491 dici
1138 2444 1256 2509 posse,
1281 2427 1360 2509 quia

185 2535 376 2618 priusquam
409 2536 480 2620 ejus
513 2535 694 2618 quidquam
726 2535 923 2620 contigerit,
945 2538 1000 2621 jus
1024 2556 1119 2601 omne
1143 2537 1234 2603 alteri
1258 2537 1359 2622 resig-

185 2660 315 2727 nasset,
339 2665 453 2730 expers
474 2661 523 2712 est
546 2647 641 2711 etiam
663 2646 809 2730 vulgaris
830 2646 1118 2730 jurisprudentiae.
1147 2648 1250 2735 Quod
1273 2649 1358 2714 enim

185 2777 257 2828 mea
286 2757 495 2825 concessione
527 2757 567 2822 ad
599 2759 736 2823 alterum
764 2757 937 2839 pervenit,
962 2778 1160 2840 quamquam
1182 2758 1297 2840 brevi,
1321 2774 1360 2825 ut

186 2868 332 2948 dicitur,
356 2889 452 2934 manu
484 2866 703 2947 transfertur,
727 2881 834 2933 tamen
859 2868 939 2950 quin
969 2861 1077 2934 meum
1100 2867 1225 2950 fuerit,
1249 2869 1360 2954 negari

185 2999 252 3044 non
283 2993 404 3062 potest.
460 2979 601 3060 Alioqui
630 2978 713 3045 nihil
744 2979 785 3044 ad
815 2998 876 3046 nos
907 2979 1016 3045 omnia
1039 2979 1094 3045 illa
1123 2980 1358 3063 pertinebunt,

186 3109 270 3172 quae
301 3110 360 3173 per
383 3105 610 3173 procuratores
632 3104 761 3156 nostros
785 3105 917 3173 accepta
936 3105 968 3156 et
991 3109 1130 3173 expensa
1152 3105 1242 3158 sunt.
1288 3091 1359 3157 Eos

185 3216 294 3267 autem
327 3200 384 3282 qui
416 3201 557 3266 alienant
588 3221 719 3267 necesse
750 3215 799 3266 est
817 3216 873 3265 aut
895 3201 929 3266 in
950 3221 1108 3285 pauperes
1122 3221 1278 3286 erogare,
1303 3217 1360 3268 aut

185 3312 261 3377 dare
284 3311 452 3392 societati,
475 3326 532 3377 aut
558 3311 650 3377 alteri
674 3310 790 3378 cuivis.
836 3311 905 3398 Qui
928 3313 1128 3396 pauperibus
1151 3313 1251 3380 donat
1273 3312 1357 3378 idem

185 3421 266 3488 facit
297 3442 333 3488 ac
362 3422 390 3488 si
418 3424 490 3488 Deo
531 3423 649 3488 donet:
686 3437 735 3488 est
767 3437 873 3488 autem
906 3423 969 3489 hoc
1004 3423 1151 3508 inprimis
1182 3424 1356 3492 laudabile.

185 3533 278 3620 Quid
310 3534 395 3599 enim
424 3533 572 3618 justius,
598 3555 693 3616 quam
718 3533 752 3599 in
775 3535 975 3600 obventione
1006 3534 1085 3602 satis
1115 3535 1276 3618 insperata
1303 3556 1360 3620 ag·

184 3664 318 3710 noscere
341 3645 412 3728 ejus
434 3643 654 3724 beneficium,
689 3645 745 3710 cui
765 3645 829 3710 soli
849 3645 987 3710 debetur
1009 3646 1170 3711 bellorum
1189 3646 1356 3713 victoria?

184 3756 298 3837 Itaque
329 3775 396 3820 non
423 3755 557 3839 Judaeis
588 3770 736 3836 tantum,
770 3756 828 3821 sed
858 3769 890 3822 et
921 3755 1056 3823 Graecis
1083 3771 1115 3822 et
1135 3757 1294 3823 Romanis
1326 3773 1359 3824 et

184 3865 257 3931 aliis
278 3865 430 3950 gentibus
449 3865 483 3932 in
503 3886 593 3932 more
611 3865 755 3949 positum
780 3866 867 3947 fuit,
892 3866 1048 3932 decimam
1069 3881 1127 3932 aut
1151 3867 1244 3934 aliam
1265 3889 1358 3951 prae·

184 3977 244 4041 dae
272 3991 396 4059 partem
424 3996 622 4044 consecrare.
669 3976 734 4043 Sed
752 3997 790 4043 eo
813 3977 885 4060 ipso
905 3976 985 4044 satis
1008 3977 1203 4063 intelligitur
1225 3997 1357 4046 necesse

183 4106 250 4153 non
274 4107 366 4167 esse,
390 4101 427 4152 ut
445 4088 554 4153 omnia
577 4088 795 4173 resignentur.
841 4088 927 4154 Nam
954 4103 986 4154 et
1009 4089 1217 4156 Abrahamus
1238 4093 1273 4170 ⁴,
1297 4089 1357 4172 qui

4 207 5 254 l

189 759 365 842 aliquando
404 761 543 841 habeat,
577 761 635 826 ubi
669 759 710 826 ad
739 758 977 828 restitutionem
1007 757 1135 843 judicio
1167 773 1362 844 cogeretur,

4 1533 5 1562 l

4 1581 5 1616 l

222 4258 312 4307 ¹Vict.
329 4261 360 4308 de
377 4258 433 4316 iure
451 4259 522 4309 belli.
536 4275 561 4310 n.
574 4273 614 4319 33.
638 4259 649 4293 ²
666 4263 729 4312 inst.
745 4264 777 4312 de
795 4277 866 4311 usuc.
882 4266 905 4322 ξ.
921 4261 1040 4311 lirrtivae.
1060 4263 1093 4324 [l.
1103 4276 1126 4311 a.
1136 4263 1160 4312 6.
1173 4262 1239 4325 §.2.]
1266 4261 1278 4295 ³
1294 4262 1357 4312 silv.

185 4350 210 4398 in
229 4365 254 4398 v.
271 4352 376 4398 Bellum.
393 4354 415 4409 5.
435 4365 473 4399 ro.
495 4353 553 4415 Joh.
569 4353 653 4415 Lupus
673 4354 697 4402 d.
716 4356 737 4413 §-
755 4353 776 4403 si
795 4353 863 4403 bene
886 4355 1010 4404 advertas.
1032 4353 1111 4402 Wilh.
1128 4353 1222 4402 Matth.
1245 4355 1268 4402 d.
1287 4355 1356 4402 loco.

183 4439 194 4471 ⁴
213 4442 276 4489 Gen.
292 4454 315 4490 c.
334 4455 373 4502 14.
388 4441 415 4490 in
432 4440 491 4491 fine.

1170 4533 1230 4595 aa*
