3310 5482
305 609 347 648 XII
805 606 967 648 PREFATIO·

305 777 327 832 si
357 777 403 833 vir
431 777 618 850 perrexisset,
650 785 683 833 ut
713 774 827 847 juvenis
854 774 1016 846 inceperat,
1036 773 1171 832 omnibus
1192 773 1290 833 doctis
1311 789 1477 850 praestaret.

223 913 226 920 ,
306 878 361 938 Sed
388 891 499 938 mature
527 878 562 937 ad
593 879 701 952 ingenii
731 878 876 951 fastigium
899 877 1042 951 pervenit.
1076 877 1228 938 Praeclara
1248 896 1353 954 opera,
1373 882 1478 954 quibus
1545 872 1550 878 ’

305 984 378 1041 fama
409 985 471 1058 ejus
502 985 626 1053 nititur,
651 983 765 1056 juvenis
787 981 912 1039 scribere
934 997 1080 1054 aggressus
1108 994 1167 1052 est,
1194 994 1293 1056 postea
1318 985 1478 1044 elaboravit

305 1098 417 1146 tanturn
444 1099 480 1164 et
504 1088 622 1161 polivit.
664 1088 747 1165 Quae
772 1086 818 1142 vir
845 1085 937 1143 factus
967 1085 1113 1155 confecit,
1144 1088 1282 1160 pleraque
1314 1089 1479 1164 theologica

304 1203 372 1251 sunt
398 1203 485 1265 atque
511 1191 569 1248 illis
598 1189 734 1264 iuvenilis
757 1189 865 1263 ingenii
892 1189 1036 1247 fructibus
1058 1191 1180 1248 multum
1207 1189 1407 1262 cedunt,-nec
1428 1192 1479 1252 diu

305 1297 359 1370 ipsi
382 1295 598 1370 superfuerunt.
626 1296 727 1367 Itaque
749 1294 824 1364 illis,
852 1293 905 1365 qui
925 1293 1035 1366 ingenii
1056 1296 1258 1353 excellentiam
1280 1295 1340 1369 ejus
1358 1312 1479 1370 cognos-

304 1416 370 1459 cere
390 1400 528 1474 cupiunt‚
552 1397 673 1454 omnino
703 1394 739 1454 ad
760 1396 880 1470 primam
903 1397 1020 1456 illorum
1041 1413 1162 1472 operum
1184 1399 1302 1457 formam
1329 1398 1480 1458 attenden-

304 1498 1476 1577 dmmtfflssmfflmmmmmmmmmmmfflmm

306 1608 391 1666 nobis
412 1609 589 1681 gratulemur
611 1605 723 1663 felicem
745 1621 841 1663 casum
861 1605 930 1662 libri
950 1605 1012 1679 ejus
1031 1606 1160 1663 omnium
1181 1606 1360 1664 celeberrimi
1381 1608 1479 1681 pristi-

305 1705 667 1770 nmmmmmmm.

346 1816 431 1874 Nihil
464 1813 572 1883 habeo,
605 1810 686 1886 quod
718 1823 865 1886 praeterea
896 1811 1014 1883 addam,
1043 1814 1192 1886 ipsumque
1219 1813 1324 1874 librum
1343 1815 1477 1874 benevoli

304 1919 421 1978 lectoris
442 1916 553 1992 iudicio
573 1914 754 1975 commendo.

762 3345 1019 3412 ERRATm

790 3537 987 3549 ....-.--—--⁴

485 3678 511 3723 p.
547 3674 587 3719 35.
606 3675 644 3709 vs.
665 3673 703 3716 15.
718 3670 766 3724 pro
783 3661 898 3718 ultraque
1015 3655 1033 3703 l.
1051 3657 1169 3713 ultroque

485 3745 511 3790 p.
546 3730 587 3789 64.
605 3741 643 3777 vs.
676 3741 702 3788 4.
736 3761 756 3787 ‚,
781 3725 873 3772 habere
1014 3757 1034 3783 „
1051 3720 1145 3768 haberi.

485 3812 512 3858 p.
547 3797 588 3853 67.
605 3808 644 3843 vs.
664 3806 702 3850 15·
736 3828 757 3854 „
783 3791 943 3840 invertuntur
1015 3822 1032 3852 „
1051 3788 1216 3835 invertantur.

486 3879 512 3924 p.
547 3875 587 3920 70.
605 3876 643 3910 vs.
665 3862 702 3908 16.
737 3894 757 3920 ‚,
783 3857 886 3906 consilii
905 3868 954 3904 est:
1014 3852 1154 3915 „consilii
1173 3863 1225 3912 est,

486 3945 512 3990 p.
547 3941 587 3990 79.
605 3942 643 3978 vs.
662 3940 702 3975 21.
737 3961 757 3986 ‚,
783 3925 891 3972 obscero
1014 3956 1034 3981 ‚,
1051 3919 1169 3967 obsecro.

485 4012 512 4056 p.
533 3999 588 4052 138.
605 4008 642 4044 vs.
664 4007 701 4042 ιο.
737 4028 756 4053 ,,
781 3989 843 4047 juris
862 3988 942 4037 satias.
1014 4023 1034 4048 „
1051 3985 1113 4042 juris
1131 3985 1169 4033 sui
1186 3983 1265 4033 satisf.

486 4079 512 4124 p.
533 4075 588 4120 ¹70·
604 4075 643 4109 vs.
662 4073 702 4120 34.
737 4094 757 4119 ‚,
782 4058 886 4104 Dolium
1011 4089 1031 4114 „
1049 4053 1158 4099 Dolcum

484 4145 510 4191 p.
531 4141 586 4186 177.
603 4141 641 4177 vs.
661 4140 700 4175 10.
735 4160 755 4186 „
781 4124 904 4170 Cidorum
1009 4155 1029 4180 „
1047 4119 1176 4166 Cidaeum.

483 4212 509 4258 p.
530 4199 585 4243 181.
602 4208 640 4244 vs.
659 4207 698 4254 24.
733 4227 753 4253 ‚,
778 4191 893 4237 Rasalata
1010 4221 1030 4247 „
1048 4187 1178 4242 Rasalala,
1194 4194 1218 4231 et
1231 4181 1332 4243 passim.

484 4279 510 4324 p.
529 4275 587 4310 202.
603 4275 641 4310 vs.
659 4273 699 4317 31.
734 4294 754 4319 „
779 4257 897 4303 Tianraor
1010 4289 1030 4313 ‚,
1047 4252 1168 4299 Tiamaon

484 4345 510 4390 p.
529 4343 585 4389 242.
602 4342 640 4376 vs.
660 4339 700 4384 32.
776 4323 801 4370 ia
815 4335 895 4384 marg.
1011 4355 1031 4380 „
1048 4319 1132 4366 Probl.
1149 4319 1191 4365 IV.

486 4412 511 4458 p.
529 4397 585 4453 267.
604 4409 641 4443 vs.
662 4407 700 4454 19.
736 4426 755 4452 ‚‚
781 4389 892 4436 CAPUT
911 4388 965 4434 XII.
1014 4385 1162 4448 „CAPUT
1180 4383 1248 4430 XIII.

503 4463 566 4511 ibid.
601 4474 641 4510 vs.
660 4459 699 4507 26.
736 4493 754 4517 ,‚
782 4467 956 4504 ruranunrun
1013 4489 1032 4514 ‚‚
1049 4463 1220 4500 rusunuuuun
