3310 5482
473 555 520 601 DE
543 553 639 622 June
664 553 847 603 annuunt.
872 555 951 603 CAP.
975 555 1015 603 11.
1287 555 1329 619 27

159 729 242 792 quos
274 727 387 776 omnes
415 723 526 796 gentes
550 729 633 791 quac
653 708 819 793 republica
839 723 979 777 utuntur
999 729 1101 792 acque
1122 726 1252 778 sanctos
1273 711 1331 778 ha-

158 821 257 902 bent,
282 820 323 886 dc
346 821 485 888 mortuis
505 820 699 905 sepeliendis
721 829 731 870 ¹
757 835 789 886 et
809 821 871 891 alia
894 821 1067 907 ejusmodi.
1114 821 1200 889 Sunt
1222 837 1328 888 autem
1343 839 1412 886 aaa
1425 838 1462 904 ue-

156 933 234 998 haec
255 932 398 998 duorum
421 952 587 1018 generum.
615 932 691 998 Alia
712 932 797 998 enim
820 932 905 1016 pacti
928 933 995 1007 vim
1016 933 1138 1008 habent
1158 933 1242 1000 inter
1264 954 1330 1002 res·
1343 893 1450 940 ‘Imm’

155 1020 332 1143 publicas,
353 1058 390 1109 ut
414 1064 498 1126 quae
521 1044 618 1112 modo
640 1043 803 1114 diximus:
827 1043 890 1110 alia
914 1063 981 1118 non
1003 1046 1148 1128 habent,
1173 1066 1257 1128 quae
1280 1067 1330 1111 re-

156 1169 266 1239 ceptae
289 1155 403 1238 potius
424 1155 671 1222 consuetudinis
690 1156 846 1237 nomine,
870 1175 967 1238 quam
986 1156 1069 1240 juris
1089 1157 1328 1240 appellaverim.

156 1266 218 1332 Sed
242 1281 351 1332 tamen
373 1281 406 1332 ct
427 1267 506 1333 haec
523 1267 606 1352 J'uris
627 1266 773 1352 gentium
793 1265 982 1350 frequenter
1005 1267 1177 1348 dicuntur,
1196 1284 1234 1335 ut
1246 1288 1329 1353 quae

156 1379 193 1443 de
213 1377 400 1460 servitute,
424 1379 463 1444 de
486 1378 582 1446 certis
601 1393 825 1445 contractuum
845 1379 1017 1464 generibus
1038 1394 1071 1446 et
1086 1380 1328 1451 successionum

156 1489 269 1556 ordine
299 1489 414 1574 populi
446 1490 558 1557 omnes
589 1505 646 1556 aut
676 1490 847 1574 plerique,
871 1510 944 1556 cum
967 1491 1102 1558 seorsim
1125 1493 1263 1578 singulis
1285 1492 1330 1558 ita

156 1602 346 1686 expediret,
379 1601 413 1668 in
434 1602 575 1668 eamdem
606 1600 741 1668 formam
769 1601 950 1668 imitatione
970 1617 1027 1668 aut
1049 1601 1185 1672 fortuito
1208 1618 1330 1671 statue-

155 1729 240 1780 runt.
287 1715 399 1802 Quare
433 1715 472 1783 ab
506 1713 559 1780 bis
593 1713 752 1781 institutis
783 1713 860 1780 licet
884 1713 1023 1800 singulis
1049 1705 1220 1796 recedere,
1252 1715 1330 1798 quia

155 1845 213 1891 nec
234 1825 450 1891 communiter
473 1825 531 1892 sed
552 1825 717 1911 sigillatim
741 1802 934 1909 introducta·
948 1840 1038 1893 sunt.
1066 1826 1153 1892 Nam
1179 1843 1211 1892 et
1231 1825 1328 1894 simili

156 1937 279 2003 ratione
307 1955 373 2002 non
398 1935 562 2019 quidquid
597 1937 630 2003 in
652 1937 819 2020 republica
841 1937 1004 2020 plerisque
1025 1937 1179 2005 usitatum
1201 1953 1250 2006 est
1266 1953 1330 2005 sta-

156 2049 211 2115 tim
232 2051 288 2134 jus
311 2046 429 2129 faciet,
447 2047 506 2114 sed
528 2047 564 2113 id
585 2048 713 2114 demum
737 2049 828 2130 quod
850 2047 972 2115 civium
993 2048 1077 2114 inter
1097 2069 1131 2116 se
1150 2050 1329 2120 communi-

156 2161 315 2228 cationem
350 2159 491 2244 respicit.
537 2159 622 2226 Sunt
653 2160 737 2227 enim
769 2163 872 2228 multa
902 2181 967 2227 non
988 2161 1112 2245 publici
1133 2163 1190 2230 sed
1209 2162 1329 2246 privati

156 2273 277 2352 moris,
312 2271 420 2354 qualia
447 2271 575 2337 infinita
596 2272 634 2337 de
656 2271 802 2353 vestitu,
827 2273 866 2338 de
885 2260 1072 2353 conuiuiis,
1099 2273 1139 2368 de
1158 2273 1329 2340 funeribus

157 2383 330 2466 antiquarii
364 2397 569 2468 congerunt,
598 2404 616 2449 a
647 2383 769 2466 quibus
801 2384 860 2451 etsi
894 2386 996 2470 vulgo
1029 2385 1168 2468 receptis
1202 2385 1327 2452 licltum

158 2511 262 2561 tamen
295 2509 344 2561 cst
374 2494 513 2580 singulis
546 2494 886 2578 patribusfamiliarum
921 2516 982 2563 suo
1016 2495 1148 2566 arbitrio
1171 2497 1326 2562 recedere.

158 2607 220 2672 Sed
255 2607 339 2671 inter
368 2607 454 2689 leges
489 2619 629 2673 caeteras
661 2607 731 2691 ejus
764 2606 908 2690 gentium
927 2606 1036 2693 luris,
1060 2607 1151 2690 quod
1173 2610 1267 2674 velut
1289 2628 1328 2673 ex

158 2731 325 2784 contractu
348 2718 489 2800 populos
510 2717 613 2802 ligat,
636 2717 808 2801 praecipua
831 2721 882 2785 est
903 2739 986 2802 quae
1009 2718 1129 2801 primae
1150 2719 1214 2805 legi
1237 2718 1328 2786 civili

158 2828 370 2896 assimilatur:
394 2829 449 2892 Ne
469 2828 654 2916 respublica
676 2851 738 2894 neu
768 2833 849 2900 ciuis
869 2833 905 2894 in
927 2830 1070 2895 alteram
1093 2831 1327 2916 rempublicam
1354 2845 1472 2892 aaran.

158 2941 340 3009 alteriusve
371 2945 472 3010 ciuem
496 2943 556 3028 jus
588 2963 681 3006 suum
713 2944 779 3006 uisi
798 2941 929 3028 judicio
959 2955 1175 3027 exsequatur.
1221 2941 1328 3008 Cuius

159 3052 288 3134 quidem
320 3051 401 3137 legis
432 3052 605 3119 necessitas
628 3073 686 3135 per
709 3071 743 3117 se
763 3053 933 3136 perspicua
950 3056 1006 3119 'cst
1029 3067 1061 3118 et
1084 3071 1122 3117 ex
1145 3051 1220 3133 his,
1244 3073 1328 3134 quae

157 3182 252 3247 supra
274 3163 440 3246 diximus,
459 3164 560 3247 repeti
594 3178 722 3254 potest:
746 3165 803 3231 scd
825 3165 886 3230 alia
908 3163 963 3230 hic
983 3163 1140 3247 quaedam
1160 3165 1329 3230 suboritur

158 3275 352 3356 difficultas,
385 3296 468 3358 quac
499 3276 532 3341 in
565 3278 635 3360 lege
666 3275 756 3341 civili
787 3254 955 3341 nouerat.
1000 3275 1086 3341 Nam
1108 3274 1197 3342 cives
1219 3275 1328 3360 reipu-

158 3385 259 3451 blicae
291 3405 369 3452 suae
401 3389 632 3468 inauraturae,
657 3386 797 3470 ideoque
820 3387 889 3456 sive
910 3386 993 3452 inter
1015 3407 1050 3453 se
1081 3387 1151 3454 sive
1182 3407 1256 3452 cum
1278 3409 1328 3453 re-

158 3496 287 3579 publica
317 3517 376 3564 sua
394 3497 614 3578 contendunt,
645 3497 760 3563 merito
782 3500 853 3584 ejus
871 3497 1030 3582 judicium
1052 3497 1235 3582 acciplunt:
1263 3519 1329 3570 reae

158 3606 287 3689 publica
299 3625 405 3674 autem
418 3607 509 3673 alteri
522 3609 717 3692 reipublicae
735 3629 800 3674 non
813 3612 1008 3679 laularetur
1025 3609 1083 3676 sed
1102 3613 1328 3693 ἀντιτάσσεται,

159 3741 218 3784 nou
248 3721 362 3786 subter
393 3719 450 3786 saal
476 3733 594 3786 eontra
620 3724 733 3806 posita
765 3734 836 3801 est,
860 3735 959 3803 atque
982 3719 1093 3787 itidem
1127 3720 1210 3788 civis
1230 3722 1328 3790 unius

159 3829 220 3895 civi
251 3831 395 3898 alterius.
441 3832 488 3897 At
519 3831 748 3916 rempublicam
776 3830 909 3915 quidem
931 3831 1048 3900 debete
1067 3831 1212 3918 judicare
1234 3831 1327 3902 facile
1339 3861 1409 3910 Nova
1422 3863 1459 3929 a..

158 3945 349 4024 constabat,
381 3943 422 4011 ad
444 3958 548 4010 utram
570 3965 650 4012 vero
671 3943 806 4009 duarum
830 3942 864 4008 id
883 3943 1059 4025 pertineret
1081 3958 1327 4012 controversum
1340 3916 1446 3963 ΜΝ·

159 4073 225 4121 esse
248 4068 402 4138 poterat,
427 4056 549 4140 quippe
569 4077 642 4122 cum
667 4055 813 4140 singulae
836 4053 919 4120 illud
942 4069 1075 4138 possent
1095 4055 1260 4122 occinere:

157 4253 344 4266 —

190 4371 292 4435 ¹soph.
316 4375 395 4424 Aiace
422 4376 473 4438 [vs.
502 4379 585 4440 rasa]
609 4391 634 4426 et
657 4378 785 4439 Antigone
807 4376 909 4438 passim.
935 4377 985 4425 Dio
1013 4379 1141 4438 Chrysost.
1163 4380 1194 4426 de
1211 4371 1325 4428 consuet.

160 4463 223 4527 [vol.
238 4479 261 4514 2.
280 4466 368 4516 Reisk.
386 4481 412 4527 p.
426 4469 497 4530 411.]
516 4470 595 4519 Isocr.
612 4471 669 4519 Hel.
683 4482 739 4518 enc.
758 4469 796 4531 [p.
812 4469 881 4531 214]
901 4480 926 4518 ct
944 4467 971 4518 in
987 4471 1076 4532 paneg.
1093 4469 1132 4531 [p.
1152 4481 1191 4526 ss.
1209 4472 1306 4534 Steph.]
