3362 5504
341 587 404 667 264
640 607 686 654 un
711 607 803 674 ¹runs
830 607 1015 657 annunn.
1039 610 1122 672 can.
1148 609 1211 656 xn.

341 762 462 828 bellum
491 777 695 848 cogerentur.
742 763 816 830 Hoc
839 764 879 829 ab
902 763 975 848 ipso
995 764 1171 850 navigandi
1191 764 1287 831 initio
1311 781 1381 833 tota
1405 786 1517 833 rerum

193 875 327 979 {slsum
341 874 440 941 series
462 889 495 942 et
513 875 722 961 longissimae
743 875 864 959 quietis
885 876 1041 959 patientia
1060 878 1279 946 demonstrat:
1302 878 1389 945 sicut
1406 878 1518 962 primo

193 982 234 1030 W·
341 987 430 1053 exitu
454 987 598 1056 diximus
621 1008 718 1055 naves
739 988 947 1054 Lusitanicas
971 1004 1134 1072 quatuor,
1168 1011 1242 1056 cum
1269 989 1438 1074 sigillatim
1459 1011 1518 1056 oc·

341 1115 509 1166 currerent
549 1115 660 1183 parata
701 1098 911 1183 cupientibus
950 1102 1091 1184 praeda,
1132 1101 1203 1168 sine
1234 1121 1319 1167 noxa
1352 1101 1518 1168 dimissas.

341 1212 419 1278 Fuit
451 1213 547 1278 ctiam
582 1234 655 1278 cum
686 1227 819 1295 captaa
847 1212 1017 1279 Lusitanis
1048 1214 1137 1279 ultro
1168 1211 1248 1297 ipsis
1279 1214 1518 1308 redderentur,

341 1324 432 1407 quod
453 1324 679 1408 Wolpbardus
704 1324 910 1391 Harmannus
933 1323 1013 1390 fecit
1035 1325 1068 1391 in
1086 1325 1186 1406 navi,
1209 1325 1348 1391 curbella
1372 1323 1518 1404 dicitur,

341 1457 424 1518 quae
449 1437 708 1502 Fernambucum
732 1437 830 1505 missa
855 1437 935 1502 citra
967 1451 1174 1518 aequatorem
1203 1450 1400 1503 occurrerat.
1449 1435 1520 1501 Sed

340 1568 414 1613 cum
446 1548 577 1614 doceret
600 1549 799 1642 experientia
823 1549 1002 1614 Lusitanos
1026 1563 1117 1614 tanto
1140 1548 1295 1615 audacius
1318 1547 1351 1613 in
1373 1547 1519 1613 Batavos

341 1660 488 1741 saevire,
514 1676 671 1742 quantum
693 1661 904 1727 amovebatur
927 1660 1059 1727 talionis
1079 1675 1209 1742 metus,
1234 1660 1323 1743 quod
1342 1659 1517 1724 minimum

340 1771 404 1839 fuit
427 1775 490 1838 hoc
508 1772 621 1839 Batavi
643 1787 833 1853 tentarunt,
857 1792 897 1839 an
920 1771 1069 1838 homines
1093 1792 1159 1838 non
1182 1771 1292 1837 minus
1313 1771 1401 1837 avari
1413 1791 1517 1853 quam

341 1885 489 1950 crudeles
523 1887 636 1950 saltem
669 1885 831 1951 bonorum
860 1885 986 1968 jactura
1015 1883 1135 1950 adduci
1157 1898 1313 1967 possent,
1343 1897 1382 1949 ut
1401 1883 1457 1967 jus
1482 1898 1519 1949 et

340 2017 451 2080 pacem
483 1999 639 2063 colerent.
686 1996 844 2080 Exempla
869 1995 986 2062 referre
1017 1995 1254 2076 abstinentiae,
1277 1995 1341 2062 hoc
1366 2014 1447 2061 vero
1469 1994 1520 2060 sit

340 2108 457 2175 virtuti
490 2125 523 2175 et
553 2107 657 2174 famae
690 2108 821 2175 illorum
853 2107 1004 2194 injuriam
1037 2106 1159 2174 facere:
1184 2127 1286 2176 unum
1309 2120 1417 2173 tamen
1445 2125 1518 2173 non

340 2221 510 2301 reticeb0,
534 2221 630 2305 cujus
654 2220 791 2286 historia
812 2241 886 2286 cum
907 2222 1044 2305 praedae
1062 2220 1167 2304 ipsius
1179 2213 1324 2303 tempore
1336 2219 1518 2303 conjuncta

195 2354 286 2401 rinae.
301 2348 403 2424 pest.
460 2333 546 2398 Cum
579 2353 636 2398 rex
663 2333 841 2412 Dammae,
874 2348 913 2398 ut
943 2331 1021 2398 alibi
1054 2331 1220 2413 diximus,
1252 2331 1371 2397 missos
1405 2330 1446 2396 ad
1476 2349 1517 2395 se

194 2409 231 2508 ii.
257 2421 327 2456 ‘mc'
340 2444 559 2529 negotiatores
589 2443 713 2528 viginti
732 2443 880 2526 captivos
904 2443 1087 2524 detineret,
1113 2458 1145 2509 et
1167 2462 1227 2526 pro
1251 2441 1413 2526 capitibus
1434 2456 1517 2507 octo

341 2555 482 2638 pretium
522 2554 737 2636 extorsisset,
774 2570 918 2620 caeteros
955 2557 1045 2620 nulla
1086 2553 1274 2622 conditione
1309 2552 1516 2633 dimitteret,

342 2666 621 2748 Hemskerckius,
646 2665 702 2748 qui
722 2667 921 2749 prodendam
940 2687 1007 2733 non
1029 2667 1233 2734 existimabat
1245 2664 1388 2732 hominis
1399 2666 1517 2750 cujus-

342 2800 438 2862 quarn
461 2778 575 2844 Batavi
594 2779 799 2858 libertatem,
823 2779 1011 2862 praesertim
1030 2799 1126 2861 quem
1148 2779 1221 2844 talis
1242 2777 1378 2862 perfidia
1398 2777 1431 2842 in
1452 2776 1517 2843 mi-

340 2892 456 2958 seriam
476 2890 715 2975 implicuisset,
739 2891 854 2957 ulcisci
876 2911 931 2957 eos
952 2889 1239 2976 pignorationibus
1259 2889 1384 2955 statuit.
1413 2889 1516 2956 Forte

341 3003 460 3068 accidit
482 3018 519 3068 ut
540 3003 624 3069 inter
643 3003 721 3069 alias
740 3021 840 3068 naves
857 3001 1004 3087 Jorensis
1026 3022 1091 3069 una
1115 3022 1155 3068 ex
1184 3001 1259 3081 his,
1288 3021 1373 3084 quae
1393 3000 1515 3085 juncae

339 3131 521 3198 vocantur,
545 3116 714 3181 Dammam
735 3129 882 3197 peteret,
908 3134 1004 3196 quam
1027 3113 1281 3180 Hemskerckius
1299 3113 1513 3179 Dammanam

340 3243 430 3293 ratus
459 3247 527 3294 non
560 3227 649 3293 aliud
680 3246 777 3309 quam
809 3225 961 3292 detinuit.
1011 3225 1160 3292 Nuntios
1189 3226 1358 3291 Dammam
1389 3225 1431 3290 ad
1463 3245 1515 3290 re·

340 3359 411 3422 gem
436 3339 560 3418 mittit,
584 3360 642 3422 per
662 3358 747 3421 quos
769 3338 796 3403 si
819 3337 940 3420 reliqui
959 3358 1094 3404 suorum
1117 3337 1288 3402 duodecim
1308 3337 1515 3402 remitteren-

339 3466 413 3532 tur,
447 3449 688 3516 r'cstitutionem
722 3449 814 3517 navis
847 3449 992 3515 vicissim
1024 3464 1057 3515 et
1087 3448 1119 3515 in
1144 3463 1310 3531 posterum
1335 3448 1512 3514 amicitiam

338 3563 524 3645 pollicetur.
549 3562 614 3627 Sed
634 3563 688 3628 ille
701 3563 767 3627 'hac
784 3583 818 3626 re
837 3561 920 3628 nihil
941 3576 1072 3640 motus,
1093 3560 1188 3625 etiam
1211 3560 1374 3625 detentam
1393 3580 1511 3626 navem

337 3673 371 3739 vi
403 3689 523 3739 armata
554 3673 750 3740 custodibus
782 3674 905 3757 eripere
929 3687 1066 3739 conatus
1089 3686 1147 3737 est.
1193 3672 1272 3758 Quo
1291 3671 1364 3737 viso
1386 3672 1513 3754 placuit

338 3785 510 3851 consilium
542 3801 579 3851 ut
610 3805 731 3850 merces
763 3800 1010 3868 separarentur,
1043 3783 1195 3868 magister
1222 3783 1315 3849 navis
1344 3803 1419 3849 cum
1441 3783 1512 3866 ipsa

336 3896 412 3962 navi
443 3911 475 3962 et
504 3897 693 3963 horninibus
724 3896 930 3981 septuaginta
963 3896 1131 3960 Dammam
1170 3895 1375 3978 mitteretur,
1400 3895 1512 3962 addita

336 4007 537 4092 sponsione,
569 4023 606 4073 ut
629 4008 656 4072 si
679 4008 875 4074 Batavorum
897 4008 1123 4073 liberationem
1152 4007 1344 4090 perficeret,
1369 4007 1433 4090 ipsi
1454 4023 1511 4074 aut

336 4141 456 4186 merces
491 4119 724 4200 redderentur,
748 4133 804 4184 aut
836 4119 1000 4202 pretium,
1025 4119 1116 4201 quod
1137 4118 1286 4201 quinque
1310 4118 1417 4186 Catiis
1438 4120 1510 4186 auri

335 4232 571 4298 aestimaverat.
616 4230 700 4297 Cum
723 4231 841 4297 deinde
863 4231 1019 4315 temporis
1040 4231 1121 4297 ratio
1144 4246 1175 4296 et
1197 4251 1299 4313 aquae
1322 4230 1430 4296 dulcis
1452 4251 1510 4314 pe·

334 4343 425 4430 nuria
449 4360 573 4410 mutare
597 4343 769 4410 stationem
794 4359 945 4429 cogeret,
970 4345 1068 4410 Indos
1092 4363 1219 4423 omnes,
1244 4363 1328 4425 quos
1350 4363 1453 4426 penes
1474 4365 1508 4411 se

335 4457 499 4537 babebat,
524 4455 780 4523 Hemskerckius
799 4454 831 4520 in
851 4474 927 4522 suas
946 4476 1110 4538 quemque
1128 4457 1221 4522 sedes
1238 4455 1387 4522 dimittit.
1411 4456 1508 4522 Duos
