<?xml version="1.0" encoding="UTF-8"?>
<!DOCTYPE html PUBLIC "-//W3C//DTD XHTML 1.0 Transitional//EN"
    "http://www.w3.org/TR/xhtml1/DTD/xhtml1-transitional.dtd">
<html xmlns="http://www.w3.org/1999/xhtml" xml:lang="en" lang="en">
 <head>
  <title>
</title>
<meta http-equiv="Content-Type" content="text/html;charset=utf-8" />
  <meta name='ocr-system' content='tesseract 3.04.00' />
  <meta name='ocr-capabilities' content='ocr_page ocr_carea ocr_par ocr_line ocrx_word'/>
</head>
<body>
  <div class='ocr_page' id='page_1' title='image "./ledroitdeprised01hamagoog_0272.png"; bbox 0 0 3326 5506; ppageno 0'>
   <div class='ocr_carea' id='block_1_1' title="bbox 342 606 1217 679">
    <p class='ocr_par' dir='ltr' id='par_1_1' title="bbox 342 606 1217 679">
     <span class='ocr_line' id='line_1_1' title="bbox 342 606 1217 679; baseline 0.002 -23"><span class='ocrx_word' id='word_1_1' title='bbox 342 606 406 672; x_wconf 73' lang='lat'><strong>250</strong></span> <span class='ocrx_word' id='word_1_2' title='bbox 647 610 696 656; x_wconf 76' lang='lat' dir='ltr'><strong>DE</strong></span> <span class='ocrx_word' id='word_1_3' title='bbox 719 609 813 679; x_wconf 75' lang='lat' dir='ltr'><strong>Joult</strong></span> <span class='ocrx_word' id='word_1_4' title='bbox 840 611 1023 659; x_wconf 75' lang='lat' dir='ltr'><strong>PRAEDAE.</strong></span> <span class='ocrx_word' id='word_1_5' title='bbox 1048 611 1127 661; x_wconf 69' lang='lat' dir='ltr'><strong>CAP.</strong></span> <span class='ocrx_word' id='word_1_6' title='bbox 1152 613 1217 659; x_wconf 82' lang='grc' dir='ltr'><strong>ΧΠ.</strong></span> 
     </span>
    </p>
   </div>
   <div class='ocr_carea' id='block_1_2' title="bbox 182 765 1521 3781">
    <p class='ocr_par' dir='ltr' id='par_1_2' title="bbox 182 765 1521 3781">
     <span class='ocr_line' id='line_1_2' title="bbox 346 765 1519 853; baseline 0.005 -23"><span class='ocrx_word' id='word_1_7' title='bbox 346 765 556 832; x_wconf 89' lang='lat' dir='ltr'><strong>interdictum</strong></span> <span class='ocrx_word' id='word_1_8' title='bbox 589 767 708 834; x_wconf 88' lang='lat' dir='ltr'>docent</span> <span class='ocrx_word' id='word_1_9' title='bbox 751 767 942 852; x_wconf 80' lang='lat' dir='ltr'><strong>interpretes</strong></span> <span class='ocrx_word' id='word_1_10' title='bbox 974 772 983 806; x_wconf 92' lang='lat'>¹</span> <span class='ocrx_word' id='word_1_11' title='bbox 1015 770 1164 853; x_wconf 83' lang='lat' dir='ltr'><strong>exemplo</strong></span> <span class='ocrx_word' id='word_1_12' title='bbox 1196 769 1360 835; x_wconf 84' lang='lat' dir='ltr'><strong>Labeonis</strong></span> <span class='ocrx_word' id='word_1_13' title='bbox 1383 774 1421 851; x_wconf 81' lang='lat'><strong>⁸,</strong></span> <span class='ocrx_word' id='word_1_14' title='bbox 1456 771 1519 853; x_wconf 92' lang='lat' dir='ltr'><strong>qui</strong></span> 
     </span>
     <span class='ocr_line' id='line_1_3' title="bbox 345 879 1520 969; baseline 0.003 -24"><span class='ocrx_word' id='word_1_15' title='bbox 345 901 419 946; x_wconf 90' lang='lat' dir='ltr'><strong>cum</strong></span> <span class='ocrx_word' id='word_1_16' title='bbox 443 879 650 946; x_wconf 87' lang='lat' dir='ltr'><strong>interdiceret</strong></span> <span class='ocrx_word' id='word_1_17' title='bbox 673 879 823 946; x_wconf 84' lang='lat' dir='ltr'><strong>Praetor:</strong></span> <span class='ocrx_word' id='word_1_18' title='bbox 848 882 904 946; x_wconf 92' lang='lat' dir='ltr'><strong>Ne</strong></span> <span class='ocrx_word' id='word_1_19' title='bbox 926 881 1011 967; x_wconf 87' lang='lat' dir='ltr'><strong>quid</strong></span> <span class='ocrx_word' id='word_1_20' title='bbox 1030 886 1066 947; x_wconf 79' lang='lat' dir='ltr'><strong>ire</strong></span> <span class='ocrx_word' id='word_1_21' title='bbox 1084 884 1223 968; x_wconf 79' lang='lat' dir='ltr'><strong>flumine</strong></span> <span class='ocrx_word' id='word_1_22' title='bbox 1239 883 1372 968; x_wconf 82' lang='lat' dir='ltr'><strong>publico</strong></span> <span class='ocrx_word' id='word_1_23' title='bbox 1397 886 1520 969; x_wconf 80' lang='lat' dir='ltr'><strong>ripere</strong></span> 
     </span>
     <span class='ocr_line' id='line_1_4' title="bbox 345 992 1518 1081; baseline 0.002 -24"><span class='ocrx_word' id='word_1_24' title='bbox 345 993 413 1078; x_wconf 78' lang='lat' dir='ltr'><strong>ejus</strong></span> <span class='ocrx_word' id='word_1_25' title='bbox 439 993 580 1077; x_wconf 74' lang='lat' dir='ltr'><strong>satias,</strong></span> <span class='ocrx_word' id='word_1_26' title='bbox 615 1015 677 1078; x_wconf 81' lang='lat' dir='ltr'><strong>quo</strong></span> <span class='ocrx_word' id='word_1_27' title='bbox 710 997 811 1059; x_wconf 84' lang='lat' dir='ltr'><strong>statio</strong></span> <span class='ocrx_word' id='word_1_28' title='bbox 844 999 951 1062; x_wconf 79' lang='lat' dir='ltr'><strong>itert’e</strong></span> <span class='ocrx_word' id='word_1_29' title='bbox 982 998 1117 1081; x_wconf 68' lang='lat' dir='ltr'><strong>navigio</strong></span> <span class='ocrx_word' id='word_1_30' title='bbox 1149 995 1296 1060; x_wconf 79' lang='lat' dir='ltr'><strong>deterior</strong></span> <span class='ocrx_word' id='word_1_31' title='bbox 1327 1000 1393 1076; x_wconf 83' lang='lat' dir='ltr'><strong>sit,</strong></span> <span class='ocrx_word' id='word_1_32' title='bbox 1420 992 1490 1078; x_wconf 80' lang='lat' dir='ltr'><strong>fiat</strong></span> <span class='ocrx_word' id='word_1_33' title='bbox 1505 1016 1518 1059; x_wconf 91' lang='lat'><strong>.·</strong></span> 
     </span>
     <span class='ocr_line' id='line_1_5' title="bbox 343 1104 1519 1192; baseline 0.002 -23"><span class='ocrx_word' id='word_1_34' title='bbox 343 1104 450 1171; x_wconf 87' lang='lat' dir='ltr'><strong>simile</strong></span> <span class='ocrx_word' id='word_1_35' title='bbox 483 1105 567 1170; x_wconf 88' lang='lat' dir='ltr'><strong>dixit</strong></span> <span class='ocrx_word' id='word_1_36' title='bbox 599 1105 809 1172; x_wconf 90' lang='lat' dir='ltr'><strong>interdictum</strong></span> <span class='ocrx_word' id='word_1_37' title='bbox 842 1122 1025 1189; x_wconf 87' lang='lat' dir='ltr'><strong>competere</strong></span> <span class='ocrx_word' id='word_1_38' title='bbox 1055 1107 1089 1172; x_wconf 93' lang='lat' dir='ltr'><strong>in</strong></span> <span class='ocrx_word' id='word_1_39' title='bbox 1122 1107 1200 1172; x_wconf 90' lang='lat' dir='ltr'><strong>mari</strong></span> <span class='ocrx_word' id='word_1_40' title='bbox 1221 1106 1252 1171; x_wconf 87' lang='lat'><strong>³:</strong></span> <span class='ocrx_word' id='word_1_41' title='bbox 1285 1108 1340 1172; x_wconf 87' lang='lat' dir='ltr'><strong>Ne</strong></span> <span class='ocrx_word' id='word_1_42' title='bbox 1372 1107 1458 1192; x_wconf 84' lang='lat' dir='ltr'><strong>quid</strong></span> <span class='ocrx_word' id='word_1_43' title='bbox 1480 1111 1519 1171; x_wconf 87' lang='lat' dir='ltr'><strong>in</strong></span> 
     </span>
     <span class='ocr_line' id='line_1_6' title="bbox 343 1218 1519 1307; baseline 0.003 -27"><span class='ocrx_word' id='word_1_44' title='bbox 343 1221 434 1282; x_wconf 86' lang='lat' dir='ltr'><strong>meri</strong></span> <span class='ocrx_word' id='word_1_45' title='bbox 466 1222 541 1285; x_wconf 77' lang='lat' dir='ltr'><strong>inre</strong></span> <span class='ocrx_word' id='word_1_46' title='bbox 571 1218 687 1283; x_wconf 90' lang='lat' dir='ltr'><strong>littore</strong></span> <span class='ocrx_word' id='word_1_47' title='bbox 711 1218 852 1303; x_wconf 82' lang='lat' dir='ltr'><strong>facias,</strong></span> <span class='ocrx_word' id='word_1_48' title='bbox 885 1239 947 1304; x_wconf 84' lang='lat' dir='ltr'><strong>quo</strong></span> <span class='ocrx_word' id='word_1_49' title='bbox 974 1234 1095 1306; x_wconf 81' lang='lat' dir='ltr'><strong>pertus</strong></span> <span class='ocrx_word' id='word_1_50' title='bbox 1123 1225 1225 1285; x_wconf 82' lang='lat' dir='ltr'><strong>statio</strong></span> <span class='ocrx_word' id='word_1_51' title='bbox 1249 1225 1355 1288; x_wconf 80' lang='lat' dir='ltr'><strong>iterre</strong></span> <span class='ocrx_word' id='word_1_52' title='bbox 1378 1222 1519 1307; x_wconf 70' lang='lat' dir='ltr'><strong>navigio</strong></span> 
     </span>
     <span class='ocr_line' id='line_1_7' title="bbox 343 1328 1521 1417; baseline 0.001 -22"><span class='ocrx_word' id='word_1_53' title='bbox 343 1330 490 1395; x_wconf 83' lang='lat' dir='ltr'><strong>deterius</strong></span> <span class='ocrx_word' id='word_1_54' title='bbox 517 1334 585 1412; x_wconf 87' lang='lat' dir='ltr'><strong>sit,</strong></span> <span class='ocrx_word' id='word_1_55' title='bbox 606 1328 682 1413; x_wconf 86' lang='lat' dir='ltr'><strong>fiat.</strong></span> <span class='ocrx_word' id='word_1_56' title='bbox 730 1332 856 1416; x_wconf 86' lang='lat' dir='ltr'><strong>injusta</strong></span> <span class='ocrx_word' id='word_1_57' title='bbox 888 1332 990 1417; x_wconf 86' lang='lat' dir='ltr'><strong>igitur</strong></span> <span class='ocrx_word' id='word_1_58' title='bbox 1008 1333 1062 1397; x_wconf 90' lang='lat' dir='ltr'><strong>vis</strong></span> <span class='ocrx_word' id='word_1_59' title='bbox 1085 1333 1140 1397; x_wconf 89' lang='lat' dir='ltr'><strong>illa</strong></span> <span class='ocrx_word' id='word_1_60' title='bbox 1162 1333 1197 1398; x_wconf 93' lang='lat' dir='ltr'><strong>vi</strong></span> <span class='ocrx_word' id='word_1_61' title='bbox 1218 1334 1306 1417; x_wconf 80' lang='lat' dir='ltr'><strong>Justa</strong></span> <span class='ocrx_word' id='word_1_62' title='bbox 1329 1332 1521 1416; x_wconf 86' lang='lat' dir='ltr'><strong>repellenda</strong></span> 
     </span>
     <span class='ocr_line' id='line_1_8' title="bbox 343 1443 1518 1528; baseline 0.003 -21"><span class='ocrx_word' id='word_1_63' title='bbox 343 1458 401 1509; x_wconf 88' lang='lat' dir='ltr'><strong>est.</strong></span> <span class='ocrx_word' id='word_1_64' title='bbox 450 1443 494 1508; x_wconf 89' lang='lat' dir='ltr'><strong>Et</strong></span> <span class='ocrx_word' id='word_1_65' title='bbox 517 1445 579 1509; x_wconf 89' lang='lat' dir='ltr'><strong>hoc</strong></span> <span class='ocrx_word' id='word_1_66' title='bbox 604 1443 709 1526; x_wconf 91' lang='lat' dir='ltr'><strong>ipsum</strong></span> <span class='ocrx_word' id='word_1_67' title='bbox 734 1443 789 1509; x_wconf 93' lang='lat' dir='ltr'><strong>alii</strong></span> <span class='ocrx_word' id='word_1_68' title='bbox 812 1444 908 1510; x_wconf 89' lang='lat' dir='ltr'><strong>etiam</strong></span> <span class='ocrx_word' id='word_1_69' title='bbox 923 1445 964 1510; x_wconf 91' lang='lat' dir='ltr'><strong>de</strong></span> <span class='ocrx_word' id='word_1_70' title='bbox 976 1446 1063 1510; x_wconf 81' lang='lat' dir='ltr'><strong>bello</strong></span> <span class='ocrx_word' id='word_1_71' title='bbox 1076 1445 1518 1528; x_wconf 77' lang='lat' dir='ltr'><strong>scriptores⁴crediderunt,</strong></span> 
     </span>
     <span class='ocr_line' id='line_1_9' title="bbox 343 1555 1517 1641; baseline 0 -20"><span class='ocrx_word' id='word_1_72' title='bbox 343 1575 417 1622; x_wconf 92' lang='lat' dir='ltr'><strong>cum</strong></span> <span class='ocrx_word' id='word_1_73' title='bbox 442 1576 501 1638; x_wconf 90' lang='lat' dir='ltr'><strong>pro</strong></span> <span class='ocrx_word' id='word_1_74' title='bbox 525 1575 630 1622; x_wconf 90' lang='lat' dir='ltr'><strong>retum</strong></span> <span class='ocrx_word' id='word_1_75' title='bbox 654 1555 845 1623; x_wconf 87' lang='lat' dir='ltr'><strong>defensione</strong></span> <span class='ocrx_word' id='word_1_76' title='bbox 868 1558 990 1624; x_wconf 91' lang='lat' dir='ltr'><strong>bellum</strong></span> <span class='ocrx_word' id='word_1_77' title='bbox 1008 1557 1133 1641; x_wconf 81' lang='lat' dir='ltr'><strong>suscipi</strong></span> <span class='ocrx_word' id='word_1_78' title='bbox 1153 1557 1276 1641; x_wconf 86' lang='lat' dir='ltr'><strong>possit,</strong></span> <span class='ocrx_word' id='word_1_79' title='bbox 1300 1577 1395 1641; x_wconf 91' lang='lat' dir='ltr'><strong>posse</strong></span> <span class='ocrx_word' id='word_1_80' title='bbox 1416 1557 1517 1623; x_wconf 88' lang='lat' dir='ltr'><strong>etiam</strong></span> 
     </span>
     <span class='ocr_line' id='line_1_10' title="bbox 343 1665 1519 1755; baseline 0.001 -22"><span class='ocrx_word' id='word_1_81' title='bbox 343 1669 499 1734; x_wconf 88' lang='lat' dir='ltr'><strong>sustiueri</strong></span> <span class='ocrx_word' id='word_1_82' title='bbox 532 1687 591 1752; x_wconf 87' lang='lat' dir='ltr'><strong>pro</strong></span> <span class='ocrx_word' id='word_1_83' title='bbox 616 1688 679 1735; x_wconf 88' lang='lat' dir='ltr'><strong>usu</strong></span> <span class='ocrx_word' id='word_1_84' title='bbox 704 1690 812 1735; x_wconf 89' lang='lat' dir='ltr'><strong>earum</strong></span> <span class='ocrx_word' id='word_1_85' title='bbox 846 1689 977 1752; x_wconf 91' lang='lat' dir='ltr'><strong>rerum,</strong></span> <span class='ocrx_word' id='word_1_86' title='bbox 1000 1691 1086 1753; x_wconf 90' lang='lat' dir='ltr'><strong>quae</strong></span> <span class='ocrx_word' id='word_1_87' title='bbox 1113 1665 1257 1736; x_wconf 85' lang='lat' dir='ltr'><strong>¹naturali</strong></span> <span class='ocrx_word' id='word_1_88' title='bbox 1289 1671 1361 1755; x_wconf 88' lang='lat' dir='ltr'><strong>jure</strong></span> <span class='ocrx_word' id='word_1_89' title='bbox 1394 1670 1519 1735; x_wconf 91' lang='lat' dir='ltr'><strong>debent</strong></span> 
     </span>
     <span class='ocr_line' id='line_1_11' title="bbox 342 1783 1519 1871; baseline 0.001 -25"><span class='ocrx_word' id='word_1_90' title='bbox 342 1801 411 1848; x_wconf 81' lang='lat' dir='ltr'><strong>esse</strong></span> <span class='ocrx_word' id='word_1_91' title='bbox 444 1801 645 1849; x_wconf 86' lang='lat' dir='ltr'><strong>communes.</strong></span> <span class='ocrx_word' id='word_1_92' title='bbox 706 1783 816 1871; x_wconf 83' lang='lat' dir='ltr'><strong>Quare</strong></span> <span class='ocrx_word' id='word_1_93' title='bbox 848 1783 901 1848; x_wconf 94' lang='lat' dir='ltr'><strong>his</strong></span> <span class='ocrx_word' id='word_1_94' title='bbox 942 1783 1000 1866; x_wconf 92' lang='lat' dir='ltr'><strong>qui</strong></span> <span class='ocrx_word' id='word_1_95' title='bbox 1033 1783 1422 1866; x_wconf 54' lang='lat' dir='ltr'><strong>itinera‘praecludunt,</strong></span> <span class='ocrx_word' id='word_1_96' title='bbox 1458 1801 1519 1866; x_wconf 85' lang='lat' dir='ltr'><strong>per</strong></span> 
     </span>
     <span class='ocr_line' id='line_1_12' title="bbox 343 1894 1519 1978; baseline 0.001 -18"><span class='ocrx_word' id='word_1_97' title='bbox 343 1914 426 1976; x_wconf 91' lang='lat' dir='ltr'><strong>quae</strong></span> <span class='ocrx_word' id='word_1_98' title='bbox 446 1894 484 1959; x_wconf 87' lang='lat' dir='ltr'><strong>fit</strong></span> <span class='ocrx_word' id='word_1_99' title='bbox 502 1894 653 1961; x_wconf 88' lang='lat' dir='ltr'><strong>inductio</strong></span> <span class='ocrx_word' id='word_1_100' title='bbox 674 1911 706 1962; x_wconf 90' lang='lat' dir='ltr'><strong>et</strong></span> <span class='ocrx_word' id='word_1_101' title='bbox 724 1895 856 1962; x_wconf 89' lang='lat' dir='ltr'><strong>eductio</strong></span> <span class='ocrx_word' id='word_1_102' title='bbox 875 1896 1145 1977; x_wconf 84' lang='lat' dir='ltr'><strong>necessariorum,</strong></span> <span class='ocrx_word' id='word_1_103' title='bbox 1158 1895 1253 1962; x_wconf 90' lang='lat' dir='ltr'><strong>etiam</strong></span> <span class='ocrx_word' id='word_1_104' title='bbox 1272 1895 1342 1962; x_wconf 92' lang='lat' dir='ltr'><strong>sine</strong></span> <span class='ocrx_word' id='word_1_105' title='bbox 1352 1894 1519 1978; x_wconf 88' lang='lat' dir='ltr'><strong>Principis</strong></span> 
     </span>
     <span class='ocr_line' id='line_1_13' title="bbox 340 2006 1518 2092; baseline -0.001 -20"><span class='ocrx_word' id='word_1_106' title='bbox 340 2007 534 2073; x_wconf 87' lang='lat' dir='ltr'><strong>auctoritate</strong></span> <span class='ocrx_word' id='word_1_107' title='bbox 568 2011 625 2076; x_wconf 84' lang='lat' dir='ltr'><strong>ria</strong></span> <span class='ocrx_word' id='word_1_108' title='bbox 653 2007 747 2092; x_wconf 83' lang='lat' dir='ltr'><strong>fecti</strong></span> <span class='ocrx_word' id='word_1_109' title='bbox 777 2008 896 2075; x_wconf 90' lang='lat' dir='ltr'><strong>dicunt</strong></span> <span class='ocrx_word' id='word_1_110' title='bbox 918 2029 1018 2092; x_wconf 91' lang='lat' dir='ltr'><strong>posse</strong></span> <span class='ocrx_word' id='word_1_111' title='bbox 1039 2008 1178 2074; x_wconf 89' lang='lat' dir='ltr'><strong>occurri.</strong></span> <span class='ocrx_word' id='word_1_112' title='bbox 1225 2007 1356 2073; x_wconf 85' lang='lat' dir='ltr'><strong>Ethoc</strong></span> <span class='ocrx_word' id='word_1_113' title='bbox 1381 2007 1415 2071; x_wconf 92' lang='lat' dir='ltr'><strong>in</strong></span> <span class='ocrx_word' id='word_1_114' title='bbox 1445 2006 1518 2089; x_wconf 91' lang='lat' dir='ltr'><strong>ipsa</strong></span> 
     </span>
     <span class='ocr_line' id='line_1_14' title="bbox 339 2119 1517 2204; baseline 0 -20"><span class='ocrx_word' id='word_1_115' title='bbox 339 2119 577 2203; x_wconf 89' lang='lat' dir='ltr'><strong>prohibitione.</strong></span> <span class='ocrx_word' id='word_1_116' title='bbox 622 2119 702 2186; x_wconf 90' lang='lat' dir='ltr'><strong>Post</strong></span> <span class='ocrx_word' id='word_1_117' title='bbox 725 2121 981 2204; x_wconf 91' lang='lat' dir='ltr'><strong>prohibitionem</strong></span> <span class='ocrx_word' id='word_1_118' title='bbox 1005 2136 1112 2187; x_wconf 90' lang='lat' dir='ltr'><strong>autem</strong></span> <span class='ocrx_word' id='word_1_119' title='bbox 1137 2119 1295 2203; x_wconf 90' lang='lat' dir='ltr'><strong>competit</strong></span> <span class='ocrx_word' id='word_1_120' title='bbox 1316 2120 1390 2185; x_wconf 92' lang='lat' dir='ltr'><strong>vice</strong></span> <span class='ocrx_word' id='word_1_121' title='bbox 1413 2120 1517 2184; x_wconf 91' lang='lat' dir='ltr'><strong>inter-</strong></span> 
     </span>
     <span class='ocr_line' id='line_1_15' title="bbox 341 2231 1517 2317; baseline 0 -20"><span class='ocrx_word' id='word_1_122' title='bbox 341 2231 420 2297; x_wconf 88' lang='lat' dir='ltr'><strong>dicti</strong></span> <span class='ocrx_word' id='word_1_123' title='bbox 447 2231 641 2299; x_wconf 86' lang='lat' dir='ltr'><strong>restitutorii</strong></span> <span class='ocrx_word' id='word_1_124' title='bbox 672 2233 863 2317; x_wconf 86' lang='lat' dir='ltr'><strong>injuriarum</strong></span> <span class='ocrx_word' id='word_1_125' title='bbox 888 2233 997 2314; x_wconf 86' lang='lat' dir='ltr'><strong>aetio,</strong></span> <span class='ocrx_word' id='word_1_126' title='bbox 1028 2233 1057 2301; x_wconf 80' lang='lat' dir='ltr'><strong>&#39;si</strong></span> <span class='ocrx_word' id='word_1_127' title='bbox 1092 2233 1168 2316; x_wconf 92' lang='lat' dir='ltr'><strong>quis</strong></span> <span class='ocrx_word' id='word_1_128' title='bbox 1202 2233 1235 2298; x_wconf 93' lang='lat' dir='ltr'><strong>in</strong></span> <span class='ocrx_word' id='word_1_129' title='bbox 1258 2232 1337 2298; x_wconf 88' lang='lat' dir='ltr'><strong>mari</strong></span> <span class='ocrx_word' id='word_1_130' title='bbox 1359 2231 1517 2317; x_wconf 88' lang='lat' dir='ltr'><strong>navigare</strong></span> 
     </span>
     <span class='ocr_line' id='line_1_16' title="bbox 340 2345 1517 2428; baseline 0.001 -19"><span class='ocrx_word' id='word_1_131' title='bbox 340 2345 576 2428; x_wconf 83' lang='lat' dir='ltr'><strong>prohibeatur,</strong></span> <span class='ocrx_word' id='word_1_132' title='bbox 600 2359 657 2410; x_wconf 85' lang='lat' dir='ltr'><strong>aut</strong></span> <span class='ocrx_word' id='word_1_133' title='bbox 680 2365 747 2410; x_wconf 91' lang='lat' dir='ltr'><strong>rem</strong></span> <span class='ocrx_word' id='word_1_134' title='bbox 770 2365 861 2412; x_wconf 87' lang='lat' dir='ltr'><strong>suam</strong></span> <span class='ocrx_word' id='word_1_135' title='bbox 883 2347 1050 2428; x_wconf 85' lang='lat' dir='ltr'><strong>vendere,</strong></span> <span class='ocrx_word' id='word_1_136' title='bbox 1075 2360 1131 2412; x_wconf 87' lang='lat' dir='ltr'><strong>aut</strong></span> <span class='ocrx_word' id='word_1_137' title='bbox 1153 2367 1187 2410; x_wconf 86' lang='lat' dir='ltr'><strong>re</strong></span> <span class='ocrx_word' id='word_1_138' title='bbox 1206 2365 1265 2412; x_wconf 89' lang='lat' dir='ltr'><strong>sua</strong></span> <span class='ocrx_word' id='word_1_139' title='bbox 1284 2345 1332 2411; x_wconf 91' lang='lat' dir='ltr'><strong>uti</strong></span> <span class='ocrx_word' id='word_1_140' title='bbox 1353 2363 1419 2411; x_wconf 90' lang='lat' dir='ltr'><strong>non</strong></span> <span class='ocrx_word' id='word_1_141' title='bbox 1441 2365 1517 2428; x_wconf 92' lang='lat' dir='ltr'><strong>per·</strong></span> 
     </span>
     <span class='ocr_line' id='line_1_17' title="bbox 342 2457 1518 2542; baseline 0 -20"><span class='ocrx_word' id='word_1_142' title='bbox 342 2457 512 2538; x_wconf 84' lang='lat' dir='ltr'><strong>mittatur,</strong></span> <span class='ocrx_word' id='word_1_143' title='bbox 536 2471 574 2522; x_wconf 94' lang='lat' dir='ltr'><strong>ut</strong></span> <span class='ocrx_word' id='word_1_144' title='bbox 591 2457 704 2523; x_wconf 83' lang='lat' dir='ltr'><strong>multis</strong></span> <span class='ocrx_word' id='word_1_145' title='bbox 726 2458 809 2524; x_wconf 88' lang='lat' dir='ltr'><strong>locis</strong></span> <span class='ocrx_word' id='word_1_146' title='bbox 829 2458 1212 2542; x_wconf 83' lang='lat' dir='ltr'><strong>Ulpianus‘respondet.</strong></span> <span class='ocrx_word' id='word_1_147' title='bbox 1252 2458 1394 2541; x_wconf 90' lang='lat' dir='ltr'><strong>Oportet</strong></span> <span class='ocrx_word' id='word_1_148' title='bbox 1413 2457 1518 2542; x_wconf 84' lang='lat' dir='ltr'><strong>igitur</strong></span> 
     </span>
     <span class='ocr_line' id='line_1_18' title="bbox 341 2559 1518 2662; baseline 0 -28"><span class='ocrx_word' id='word_1_149' title='bbox 341 2571 423 2662; x_wconf 87' lang='lat' dir='ltr'><strong>hanc</strong></span> <span class='ocrx_word' id='word_1_150' title='bbox 448 2588 516 2634; x_wconf 90' lang='lat' dir='ltr'><strong>esse</strong></span> <span class='ocrx_word' id='word_1_151' title='bbox 540 2568 701 2653; x_wconf 87' lang='lat' dir='ltr'><strong>injuriam.</strong></span> <span class='ocrx_word' id='word_1_152' title='bbox 748 2571 871 2655; x_wconf 86' lang='lat' dir='ltr'><strong>injuria</strong></span> <span class='ocrx_word' id='word_1_153' title='bbox 893 2586 1000 2637; x_wconf 90' lang='lat' dir='ltr'><strong>autem</strong></span> <span class='ocrx_word' id='word_1_154' title='bbox 1026 2572 1066 2636; x_wconf 90' lang='lat' dir='ltr'><strong>ab</strong></span> <span class='ocrx_word' id='word_1_155' title='bbox 1089 2573 1190 2637; x_wconf 88' lang='lat' dir='ltr'><strong>altero</strong></span> <span class='ocrx_word' id='word_1_156' title='bbox 1210 2570 1299 2636; x_wconf 86' lang='lat' dir='ltr'><strong>illata</strong></span> <span class='ocrx_word' id='word_1_157' title='bbox 1315 2559 1438 2654; x_wconf 78' lang='lat' dir='ltr'><strong>jristam</strong></span> <span class='ocrx_word' id='word_1_158' title='bbox 1458 2570 1518 2634; x_wconf 85' lang='lat' dir='ltr'><strong>dat</strong></span> 
     </span>
     <span class='ocr_line' id='line_1_19' title="bbox 341 2681 1514 2768; baseline -0.001 -21"><span class='ocrx_word' id='word_1_159' title='bbox 341 2682 429 2748; x_wconf 89' lang='lat' dir='ltr'><strong>bello</strong></span> <span class='ocrx_word' id='word_1_160' title='bbox 449 2701 578 2748; x_wconf 86' lang='lat' dir='ltr'><strong>causam</strong></span> <span class='ocrx_word' id='word_1_161' title='bbox 598 2681 622 2747; x_wconf 82' lang='lat'><strong>⁰.</strong></span> <span class='ocrx_word' id='word_1_162' title='bbox 658 2681 703 2746; x_wconf 90' lang='lat' dir='ltr'><strong>Et</strong></span> <span class='ocrx_word' id='word_1_163' title='bbox 722 2682 811 2748; x_wconf 89' lang='lat' dir='ltr'><strong>sicut</strong></span> <span class='ocrx_word' id='word_1_164' title='bbox 831 2699 881 2749; x_wconf 88' lang='lat' dir='ltr'><strong>res</strong></span> <span class='ocrx_word' id='word_1_165' title='bbox 904 2684 1001 2749; x_wconf 90' lang='lat' dir='ltr'><strong>nobis</strong></span> <span class='ocrx_word' id='word_1_166' title='bbox 1020 2699 1145 2768; x_wconf 86' lang='lat' dir='ltr'><strong>ereptas</strong></span> <span class='ocrx_word' id='word_1_167' title='bbox 1167 2699 1356 2767; x_wconf 82' lang='lat' dir='ltr'><strong>recuperare</strong></span> <span class='ocrx_word' id='word_1_168' title='bbox 1378 2683 1514 2764; x_wconf 85' lang='lat' dir='ltr'><strong>liceret,</strong></span> 
     </span>
     <span class='ocr_line' id='line_1_20' title="bbox 182 2795 1515 2880; baseline 0.003 -25"><span class='ocrx_word' id='word_1_169' title='bbox 182 2811 222 2855; x_wconf 67' lang='lat' dir='ltr'><strong>ae</strong></span> <span class='ocrx_word' id='word_1_170' title='bbox 240 2813 289 2872; x_wconf 72' lang='lat' dir='ltr'><strong>nge</strong></span> <span class='ocrx_word' id='word_1_171' title='bbox 304 2817 326 2857; x_wconf 81' lang='lat'><strong>⁶.</strong></span> <span class='ocrx_word' id='word_1_172' title='bbox 343 2795 388 2860; x_wconf 92' lang='lat' dir='ltr'><strong>ita</strong></span> <span class='ocrx_word' id='word_1_173' title='bbox 408 2809 440 2859; x_wconf 90' lang='lat' dir='ltr'><strong>et</strong></span> <span class='ocrx_word' id='word_1_174' title='bbox 456 2798 510 2880; x_wconf 86' lang='lat' dir='ltr'><strong>jus</strong></span> <span class='ocrx_word' id='word_1_175' title='bbox 535 2795 618 2861; x_wconf 92' lang='lat' dir='ltr'><strong>illud</strong></span> <span class='ocrx_word' id='word_1_176' title='bbox 637 2809 722 2860; x_wconf 92' lang='lat' dir='ltr'><strong>recte</strong></span> <span class='ocrx_word' id='word_1_177' title='bbox 744 2795 901 2878; x_wconf 85' lang='lat' dir='ltr'><strong>recipiet,</strong></span> <span class='ocrx_word' id='word_1_178' title='bbox 926 2796 985 2878; x_wconf 90' lang='lat' dir='ltr'><strong>qui</strong></span> <span class='ocrx_word' id='word_1_179' title='bbox 1006 2815 1063 2879; x_wconf 89' lang='lat' dir='ltr'><strong>per</strong></span> <span class='ocrx_word' id='word_1_180' title='bbox 1083 2796 1150 2861; x_wconf 88' lang='lat' dir='ltr'><strong>vim</strong></span> <span class='ocrx_word' id='word_1_181' title='bbox 1170 2796 1328 2879; x_wconf 86' lang='lat' dir='ltr'><strong>depulsus</strong></span> <span class='ocrx_word' id='word_1_182' title='bbox 1348 2809 1408 2860; x_wconf 91' lang='lat' dir='ltr'><strong>est.</strong></span> <span class='ocrx_word' id='word_1_183' title='bbox 1457 2795 1515 2860; x_wconf 88' lang='lat' dir='ltr'><strong>Sc-</strong></span> 
     </span>
     <span class='ocr_line' id='line_1_21' title="bbox 342 2907 1514 2992; baseline 0 -20"><span class='ocrx_word' id='word_1_184' title='bbox 342 2908 456 2990; x_wconf 92' lang='lat' dir='ltr'><strong>quitur</strong></span> <span class='ocrx_word' id='word_1_185' title='bbox 474 2927 572 2974; x_wconf 83' lang='lat' dir='ltr'><strong>causa</strong></span> <span class='ocrx_word' id='word_1_186' title='bbox 589 2907 707 2974; x_wconf 91' lang='lat' dir='ltr'><strong>debiti.</strong></span> <span class='ocrx_word' id='word_1_187' title='bbox 752 2907 840 2972; x_wconf 87' lang='lat' dir='ltr'><strong>Nam</strong></span> <span class='ocrx_word' id='word_1_188' title='bbox 860 2909 918 2990; x_wconf 92' lang='lat' dir='ltr'><strong>qui</strong></span> <span class='ocrx_word' id='word_1_189' title='bbox 939 2909 1081 2990; x_wconf 88' lang='lat' dir='ltr'><strong>aliquem</strong></span> <span class='ocrx_word' id='word_1_190' title='bbox 1103 2908 1275 2992; x_wconf 90' lang='lat' dir='ltr'><strong>impediret</strong></span> <span class='ocrx_word' id='word_1_191' title='bbox 1295 2929 1334 2974; x_wconf 93' lang='lat' dir='ltr'><strong>eo</strong></span> <span class='ocrx_word' id='word_1_192' title='bbox 1353 2909 1427 2992; x_wconf 84' lang='lat' dir='ltr'><strong>jure</strong></span> <span class='ocrx_word' id='word_1_193' title='bbox 1441 2907 1514 2986; x_wconf 91' lang='lat' dir='ltr'><strong>uti,</strong></span> 
     </span>
     <span class='ocr_line' id='line_1_22' title="bbox 342 3014 1514 3106; baseline -0.003 -20"><span class='ocrx_word' id='word_1_194' title='bbox 342 3021 382 3086; x_wconf 91' lang='lat' dir='ltr'><strong>ad</strong></span> <span class='ocrx_word' id='word_1_195' title='bbox 414 3021 522 3086; x_wconf 89' lang='lat' dir='ltr'><strong>damni</strong></span> <span class='ocrx_word' id='word_1_196' title='bbox 552 3020 787 3103; x_wconf 85' lang='lat' dir='ltr'><strong>reparationem</strong></span> <span class='ocrx_word' id='word_1_197' title='bbox 821 3021 916 3087; x_wconf 87' lang='lat' dir='ltr'><strong>etiam</strong></span> <span class='ocrx_word' id='word_1_198' title='bbox 948 3021 1086 3086; x_wconf 88' lang='lat' dir='ltr'><strong>naturali</strong></span> <span class='ocrx_word' id='word_1_199' title='bbox 1111 3022 1183 3106; x_wconf 77' lang='lat' dir='ltr'><strong>Jure</strong></span> <span class='ocrx_word' id='word_1_200' title='bbox 1214 3021 1388 3104; x_wconf 86' lang='lat' dir='ltr'><strong>obligatur.</strong></span> <span class='ocrx_word' id='word_1_201' title='bbox 1451 3014 1514 3084; x_wconf 80' lang='lat' dir='ltr'><strong>sit-</strong></span> 
     </span>
     <span class='ocr_line' id='line_1_23' title="bbox 340 3131 1516 3221; baseline -0.003 -22"><span class='ocrx_word' id='word_1_202' title='bbox 340 3150 449 3200; x_wconf 86' lang='lat' dir='ltr'><strong>vester</strong></span> <span class='ocrx_word' id='word_1_203' title='bbox 468 3133 499 3198; x_wconf 81' lang='lat'><strong>⁷:</strong></span> <span class='ocrx_word' id='word_1_204' title='bbox 545 3131 612 3216; x_wconf 84' lang='lat' dir='ltr'><strong>Qui</strong></span> <span class='ocrx_word' id='word_1_205' title='bbox 645 3132 782 3219; x_wconf 85' lang='lat' dir='ltr'><strong>impedit</strong></span> <span class='ocrx_word' id='word_1_206' title='bbox 808 3137 1010 3220; x_wconf 79' lang='lat' dir='ltr'><strong>piscatorem</strong></span> <span class='ocrx_word' id='word_1_207' title='bbox 1034 3134 1088 3201; x_wconf 83' lang='lat' dir='ltr'><strong>rel</strong></span> <span class='ocrx_word' id='word_1_208' title='bbox 1109 3149 1266 3221; x_wconf 83' lang='lat' dir='ltr'><strong>aucupem</strong></span> <span class='ocrx_word' id='word_1_209' title='bbox 1290 3155 1311 3198; x_wconf 85' lang='lat' dir='ltr'><strong>a</strong></span> <span class='ocrx_word' id='word_1_210' title='bbox 1334 3131 1516 3200; x_wconf 76' lang='lat' dir='ltr'><strong>uerisimil‘</strong></span> 
     </span>
     <span class='ocr_line' id='line_1_24' title="bbox 334 3246 1515 3332; baseline -0.003 -21"><span class='ocrx_word' id='word_1_211' title='bbox 334 3247 465 3332; x_wconf 82' lang='lat' dir='ltr'><strong>futura</strong></span> <span class='ocrx_word' id='word_1_212' title='bbox 497 3249 649 3331; x_wconf 83' lang='lat' dir='ltr'><strong>captione</strong></span> <span class='ocrx_word' id='word_1_213' title='bbox 676 3249 821 3332; x_wconf 82' lang='lat' dir='ltr'><strong>piscium</strong></span> <span class='ocrx_word' id='word_1_214' title='bbox 854 3246 908 3313; x_wconf 77' lang='lat' dir='ltr'><strong>rel</strong></span> <span class='ocrx_word' id='word_1_215' title='bbox 937 3251 1073 3326; x_wconf 80' lang='lat' dir='ltr'><strong>arium,</strong></span> <span class='ocrx_word' id='word_1_216' title='bbox 1110 3268 1195 3331; x_wconf 83' lang='lat' dir='ltr'><strong>quae</strong></span> <span class='ocrx_word' id='word_1_217' title='bbox 1217 3259 1294 3311; x_wconf 86' lang='lat' dir='ltr'><strong>surrt</strong></span> <span class='ocrx_word' id='word_1_218' title='bbox 1308 3247 1405 3331; x_wconf 84' lang='lat' dir='ltr'><strong>juris</strong></span> <span class='ocrx_word' id='word_1_219' title='bbox 1429 3265 1515 3308; x_wconf 91' lang='lat' dir='ltr'><strong>com-</strong></span> 
     </span>
     <span class='ocr_line' id='line_1_25' title="bbox 341 3356 1515 3453; baseline -0.003 -29"><span class='ocrx_word' id='word_1_220' title='bbox 341 3362 473 3447; x_wconf 77' lang='lat' dir='ltr'><strong>munis,</strong></span> <span class='ocrx_word' id='word_1_221' title='bbox 509 3371 643 3422; x_wconf 82' lang='lat' dir='ltr'><strong>tenetur</strong></span> <span class='ocrx_word' id='word_1_222' title='bbox 675 3358 821 3424; x_wconf 88' lang='lat' dir='ltr'><strong>arbitrio</strong></span> <span class='ocrx_word' id='word_1_223' title='bbox 854 3359 930 3422; x_wconf 87' lang='lat' dir='ltr'><strong>berti</strong></span> <span class='ocrx_word' id='word_1_224' title='bbox 961 3362 1032 3426; x_wconf 85' lang='lat' dir='ltr'><strong>m‘ri</strong></span> <span class='ocrx_word' id='word_1_225' title='bbox 1050 3357 1088 3423; x_wconf 81' lang='lat'><strong>⁸:</strong></span> <span class='ocrx_word' id='word_1_226' title='bbox 1123 3362 1205 3444; x_wconf 85' lang='lat' dir='ltr'><strong>quia</strong></span> <span class='ocrx_word' id='word_1_227' title='bbox 1240 3356 1515 3453; x_wconf 29' lang='lat' dir='ltr'><strong>istisveufertur</strong></span> 
     </span>
     <span class='ocr_line' id='line_1_26' title="bbox 341 3471 1514 3558; baseline -0.002 -23"><span class='ocrx_word' id='word_1_228' title='bbox 341 3491 418 3535; x_wconf 85' lang='lat' dir='ltr'><strong>suos</strong></span> <span class='ocrx_word' id='word_1_229' title='bbox 437 3476 600 3557; x_wconf 85' lang='lat' dir='ltr'><strong>proprius</strong></span> <span class='ocrx_word' id='word_1_230' title='bbox 624 3491 724 3552; x_wconf 84' lang='lat' dir='ltr'><strong>usus,</strong></span> <span class='ocrx_word' id='word_1_231' title='bbox 749 3475 807 3558; x_wconf 85' lang='lat' dir='ltr'><strong>qui</strong></span> <span class='ocrx_word' id='word_1_232' title='bbox 830 3484 906 3536; x_wconf 84' lang='lat' dir='ltr'><strong>erat</strong></span> <span class='ocrx_word' id='word_1_233' title='bbox 930 3475 983 3536; x_wconf 85' lang='lat' dir='ltr'><strong>sui</strong></span> <span class='ocrx_word' id='word_1_234' title='bbox 997 3473 1107 3557; x_wconf 86' lang='lat' dir='ltr'><strong>juris,</strong></span> <span class='ocrx_word' id='word_1_235' title='bbox 1129 3484 1160 3536; x_wconf 86' lang='lat' dir='ltr'><strong>et</strong></span> <span class='ocrx_word' id='word_1_236' title='bbox 1176 3471 1377 3556; x_wconf 78' lang='lat' dir='ltr'><strong>fructeria</strong></span> <span class='ocrx_word' id='word_1_237' title='bbox 1400 3491 1514 3534; x_wconf 86' lang='lat' dir='ltr'><strong>eorum</strong></span> 
     </span>
     <span class='ocr_line' id='line_1_27' title="bbox 342 3581 1516 3670; baseline -0.002 -22"><span class='ocrx_word' id='word_1_238' title='bbox 342 3604 404 3648; x_wconf 86' lang='lat' dir='ltr'><strong>usu</strong></span> <span class='ocrx_word' id='word_1_239' title='bbox 428 3587 526 3669; x_wconf 79' lang='lat' dir='ltr'><strong>quasi</strong></span> <span class='ocrx_word' id='word_1_240' title='bbox 548 3583 757 3650; x_wconf 80' lang='lat' dir='ltr'><strong>seminaliter</strong></span> <span class='ocrx_word' id='word_1_241' title='bbox 779 3596 960 3649; x_wconf 84' lang='lat' dir='ltr'><strong>contentus.</strong></span> <span class='ocrx_word' id='word_1_242' title='bbox 996 3584 1145 3650; x_wconf 86' lang='lat' dir='ltr'><strong>Deinde:</strong></span> <span class='ocrx_word' id='word_1_243' title='bbox 1163 3588 1223 3670; x_wconf 83' lang='lat' dir='ltr'><strong>qui</strong></span> <span class='ocrx_word' id='word_1_244' title='bbox 1244 3583 1429 3668; x_wconf 82' lang='lat' dir='ltr'><strong>impediunt</strong></span> <span class='ocrx_word' id='word_1_245' title='bbox 1454 3581 1516 3647; x_wconf 86' lang='lat' dir='ltr'><strong>ad·</strong></span> 
     </span>
     <span class='ocr_line' id='line_1_28' title="bbox 341 3695 1514 3781; baseline -0.004 -18"><span class='ocrx_word' id='word_1_246' title='bbox 341 3709 475 3763; x_wconf 77' lang='lat' dir='ltr'><strong>rentem</strong></span> <span class='ocrx_word' id='word_1_247' title='bbox 492 3695 664 3780; x_wconf 83' lang='lat' dir='ltr'><strong>frumenti</strong></span> <span class='ocrx_word' id='word_1_248' title='bbox 687 3710 748 3762; x_wconf 85' lang='lat' dir='ltr'><strong>eut</strong></span> <span class='ocrx_word' id='word_1_249' title='bbox 772 3697 923 3762; x_wconf 83' lang='lat' dir='ltr'><strong>aliorum</strong></span> <span class='ocrx_word' id='word_1_250' title='bbox 940 3700 1097 3761; x_wconf 84' lang='lat' dir='ltr'><strong>mercium</strong></span> <span class='ocrx_word' id='word_1_251' title='bbox 1120 3695 1167 3761; x_wconf 87' lang='lat' dir='ltr'><strong>ed</strong></span> <span class='ocrx_word' id='word_1_252' title='bbox 1184 3695 1335 3781; x_wconf 84' lang='lat' dir='ltr'><strong>aliquam</strong></span> <span class='ocrx_word' id='word_1_253' title='bbox 1359 3708 1514 3774; x_wconf 86' lang='lat' dir='ltr'><strong>terram,</strong></span> 
     </span>
    </p>
   </div>
   <div class='ocr_carea' id='block_1_3' title="bbox 353 3916 548 3926">
    <p class='ocr_par' dir='ltr' id='par_1_3' title="bbox 353 3916 548 3926">
     <span class='ocr_line' id='line_1_29' title="bbox 353 3916 548 3926; baseline 0.005 -1"><span class='ocrx_word' id='word_1_254' title='bbox 353 3916 548 3926; x_wconf 68' lang='lat'><strong>——-.-——.-</strong></span> 
     </span>
    </p>
   </div>
   <div class='ocr_carea' id='block_1_4' title="bbox 340 4041 1591 4567">
    <p class='ocr_par' dir='ltr' id='par_1_4' title="bbox 340 4041 1591 4567">
     <span class='ocr_line' id='line_1_30' title="bbox 375 4041 1515 4109; baseline 0 -17"><span class='ocrx_word' id='word_1_255' title='bbox 375 4042 444 4092; x_wconf 68' lang='grc' dir='ltr'><strong>ι(11.</strong></span> <span class='ocrx_word' id='word_1_256' title='bbox 469 4043 516 4091; x_wconf 91' lang='lat' dir='ltr'><strong>ibi.</strong></span> <span class='ocrx_word' id='word_1_257' title='bbox 550 4041 561 4076; x_wconf 91' lang='lat'><strong>¹</strong></span> <span class='ocrx_word' id='word_1_258' title='bbox 585 4045 602 4091; x_wconf 93' lang='lat' dir='ltr'><strong>l.</strong></span> <span class='ocrx_word' id='word_1_259' title='bbox 630 4057 651 4091; x_wconf 91' lang='lat'><strong>1.</strong></span> <span class='ocrx_word' id='word_1_260' title='bbox 676 4043 703 4091; x_wconf 91' lang='lat' dir='ltr'><strong>in</strong></span> <span class='ocrx_word' id='word_1_261' title='bbox 726 4057 765 4103; x_wconf 87' lang='lat' dir='ltr'><strong>pr.</strong></span> <span class='ocrx_word' id='word_1_262' title='bbox 787 4043 813 4091; x_wconf 85' lang='lat' dir='ltr'><strong>ff.</strong></span> <span class='ocrx_word' id='word_1_263' title='bbox 839 4045 871 4092; x_wconf 88' lang='lat' dir='ltr'><strong>de</strong></span> <span class='ocrx_word' id='word_1_264' title='bbox 898 4044 1051 4094; x_wconf 85' lang='lat' dir='ltr'><strong>fluminibus.</strong></span> <span class='ocrx_word' id='word_1_265' title='bbox 1070 4043 1114 4109; x_wconf 86' lang='lat' dir='ltr'><strong>[D.</strong></span> <span class='ocrx_word' id='word_1_266' title='bbox 1132 4058 1173 4107; x_wconf 78' lang='lat'><strong>4³·</strong></span> <span class='ocrx_word' id='word_1_267' title='bbox 1194 4043 1244 4108; x_wconf 88' lang='lat'><strong>12.]</strong></span> <span class='ocrx_word' id='word_1_268' title='bbox 1281 4042 1398 4094; x_wconf 76' lang='lat' dir='ltr'><strong>¹eadem</strong></span> <span class='ocrx_word' id='word_1_269' title='bbox 1416 4047 1434 4092; x_wconf 97' lang='grc'><strong>1.</strong></span> <span class='ocrx_word' id='word_1_270' title='bbox 1453 4047 1475 4102; x_wconf 68' lang='grc'><strong>1.</strong></span> <span class='ocrx_word' id='word_1_271' title='bbox 1493 4045 1515 4094; x_wconf 86' lang='lat' dir='ltr'><strong>si</strong></span> 
     </span>
     <span class='ocr_line' id='line_1_31' title="bbox 341 4128 1591 4199; baseline -0.001 -15"><span class='ocrx_word' id='word_1_272' title='bbox 341 4135 403 4194; x_wconf 87' lang='lat' dir='ltr'><strong>quid</strong></span> <span class='ocrx_word' id='word_1_273' title='bbox 425 4135 451 4184; x_wconf 90' lang='lat' dir='ltr'><strong>in</strong></span> <span class='ocrx_word' id='word_1_274' title='bbox 467 4137 539 4184; x_wconf 88' lang='lat' dir='ltr'><strong>mari.</strong></span> <span class='ocrx_word' id='word_1_275' title='bbox 557 4136 592 4197; x_wconf 82' lang='lat'><strong>[§.</strong></span> <span class='ocrx_word' id='word_1_276' title='bbox 620 4134 670 4198; x_wconf 87' lang='lat'><strong>17.]</strong></span> <span class='ocrx_word' id='word_1_277' title='bbox 707 4134 811 4183; x_wconf 86' lang='lat' dir='ltr'><strong>⁴Henr.</strong></span> <span class='ocrx_word' id='word_1_278' title='bbox 831 4136 935 4185; x_wconf 86' lang='lat' dir='ltr'><strong>Gorich.</strong></span> <span class='ocrx_word' id='word_1_279' title='bbox 953 4137 985 4185; x_wconf 90' lang='lat' dir='ltr'><strong>de</strong></span> <span class='ocrx_word' id='word_1_280' title='bbox 1003 4137 1072 4185; x_wconf 89' lang='lat' dir='ltr'><strong>bello</strong></span> <span class='ocrx_word' id='word_1_281' title='bbox 1090 4136 1167 4194; x_wconf 87' lang='lat' dir='ltr'><strong>justo.</strong></span> <span class='ocrx_word' id='word_1_282' title='bbox 1185 4138 1211 4185; x_wconf 95' lang='lat' dir='ltr'><strong>in</strong></span> <span class='ocrx_word' id='word_1_283' title='bbox 1229 4151 1304 4197; x_wconf 88' lang='lat' dir='ltr'><strong>prop.</strong></span> <span class='ocrx_word' id='word_1_284' title='bbox 1322 4151 1346 4199; x_wconf 90' lang='lat'><strong>9.</strong></span> <span class='ocrx_word' id='word_1_285' title='bbox 1381 4135 1427 4183; x_wconf 70' lang='grc' dir='ltr'><strong>ὅ1.</strong></span> <span class='ocrx_word' id='word_1_286' title='bbox 1447 4150 1471 4185; x_wconf 82' lang='lat' dir='ltr'><strong>a.</strong></span> <span class='ocrx_word' id='word_1_287' title='bbox 1490 4135 1515 4183; x_wconf 84' lang='lat' dir='ltr'><strong>ff.</strong></span> <span class='ocrx_word' id='word_1_288' title='bbox 1588 4128 1591 4135; x_wconf 80' lang='grc'><strong>’</strong></span> 
     </span>
     <span class='ocr_line' id='line_1_32' title="bbox 342 4225 1514 4292; baseline 0.001 -18"><span class='ocrx_word' id='word_1_289' title='bbox 342 4241 374 4274; x_wconf 91' lang='lat' dir='ltr'><strong>ne</strong></span> <span class='ocrx_word' id='word_1_290' title='bbox 399 4227 462 4286; x_wconf 90' lang='lat' dir='ltr'><strong>quid</strong></span> <span class='ocrx_word' id='word_1_291' title='bbox 487 4227 513 4275; x_wconf 91' lang='lat' dir='ltr'><strong>in</strong></span> <span class='ocrx_word' id='word_1_292' title='bbox 538 4229 599 4276; x_wconf 92' lang='lat' dir='ltr'><strong>loco</strong></span> <span class='ocrx_word' id='word_1_293' title='bbox 625 4227 695 4286; x_wconf 85' lang='lat' dir='ltr'><strong>publ.</strong></span> <span class='ocrx_word' id='word_1_294' title='bbox 718 4229 739 4284; x_wconf 70' lang='grc'><strong>5.</strong></span> <span class='ocrx_word' id='word_1_295' title='bbox 764 4227 785 4275; x_wconf 93' lang='lat' dir='ltr'><strong>si</strong></span> <span class='ocrx_word' id='word_1_296' title='bbox 811 4228 868 4288; x_wconf 90' lang='lat' dir='ltr'><strong>quis</strong></span> <span class='ocrx_word' id='word_1_297' title='bbox 895 4228 921 4276; x_wconf 91' lang='lat' dir='ltr'><strong>in</strong></span> <span class='ocrx_word' id='word_1_298' title='bbox 939 4228 1009 4276; x_wconf 88' lang='lat' dir='ltr'><strong>mari.</strong></span> <span class='ocrx_word' id='word_1_299' title='bbox 1030 4227 1073 4292; x_wconf 91' lang='lat' dir='ltr'><strong>[D.</strong></span> <span class='ocrx_word' id='word_1_300' title='bbox 1091 4241 1132 4290; x_wconf 80' lang='lat'><strong>43.</strong></span> <span class='ocrx_word' id='word_1_301' title='bbox 1151 4232 1174 4276; x_wconf 87' lang='lat'><strong>8.</strong></span> <span class='ocrx_word' id='word_1_302' title='bbox 1191 4243 1215 4276; x_wconf 89' lang='lat'><strong>2.</strong></span> <span class='ocrx_word' id='word_1_303' title='bbox 1233 4232 1254 4287; x_wconf 69' lang='grc' dir='ltr'><strong>ξ.</strong></span> <span class='ocrx_word' id='word_1_304' title='bbox 1273 4229 1309 4289; x_wconf 84' lang='grc'><strong>9.]</strong></span> <span class='ocrx_word' id='word_1_305' title='bbox 1328 4230 1345 4275; x_wconf 90' lang='grc'><strong>1.</strong></span> <span class='ocrx_word' id='word_1_306' title='bbox 1364 4225 1514 4284; x_wconf 82' lang='lat' dir='ltr'><strong>injuriarum</strong></span> 
     </span>
     <span class='ocr_line' id='line_1_33' title="bbox 343 4319 1513 4384; baseline 0 -18"><span class='ocrx_word' id='word_1_307' title='bbox 343 4319 420 4367; x_wconf 86' lang='lat' dir='ltr'><strong>actio.</strong></span> <span class='ocrx_word' id='word_1_308' title='bbox 439 4329 463 4366; x_wconf 86' lang='lat' dir='ltr'><strong>et</strong></span> <span class='ocrx_word' id='word_1_309' title='bbox 481 4322 498 4366; x_wconf 93' lang='grc'><strong>1.</strong></span> <span class='ocrx_word' id='word_1_310' title='bbox 525 4320 547 4367; x_wconf 88' lang='lat' dir='ltr'><strong>si</strong></span> <span class='ocrx_word' id='word_1_311' title='bbox 573 4319 630 4379; x_wconf 92' lang='lat' dir='ltr'><strong>quis</strong></span> <span class='ocrx_word' id='word_1_312' title='bbox 657 4319 798 4378; x_wconf 90' lang='lat' dir='ltr'><strong>proprium.</strong></span> <span class='ocrx_word' id='word_1_313' title='bbox 824 4320 850 4368; x_wconf 81' lang='lat' dir='ltr'><strong>tf.</strong></span> <span class='ocrx_word' id='word_1_314' title='bbox 877 4321 908 4368; x_wconf 89' lang='lat' dir='ltr'><strong>de</strong></span> <span class='ocrx_word' id='word_1_315' title='bbox 934 4319 1043 4377; x_wconf 85' lang='lat' dir='ltr'><strong>injuriis.</strong></span> <span class='ocrx_word' id='word_1_316' title='bbox 1071 4319 1100 4384; x_wconf 91' lang='grc'><strong>[1.</strong></span> <span class='ocrx_word' id='word_1_317' title='bbox 1130 4333 1158 4379; x_wconf 78' lang='lat'><strong>1³</strong></span> <span class='ocrx_word' id='word_1_318' title='bbox 1186 4332 1211 4368; x_wconf 89' lang='lat' dir='ltr'><strong>et</strong></span> <span class='ocrx_word' id='word_1_319' title='bbox 1237 4322 1255 4367; x_wconf 94' lang='grc'><strong>1.</strong></span> <span class='ocrx_word' id='word_1_320' title='bbox 1282 4331 1322 4380; x_wconf 85' lang='lat'><strong>24.</strong></span> <span class='ocrx_word' id='word_1_321' title='bbox 1346 4321 1378 4367; x_wconf 93' lang='lat' dir='ltr'><strong>D.</strong></span> <span class='ocrx_word' id='word_1_322' title='bbox 1396 4331 1439 4379; x_wconf 80' lang='lat'><strong>47.</strong></span> <span class='ocrx_word' id='word_1_323' title='bbox 1462 4319 1513 4380; x_wconf 71' lang='grc' dir='ltr'><strong>ια]</strong></span> 
     </span>
     <span class='ocr_line' id='line_1_34' title="bbox 340 4409 1514 4474; baseline -0.001 -15"><span class='ocrx_word' id='word_1_324' title='bbox 340 4411 351 4443; x_wconf 83' lang='lat'>⁶</span> <span class='ocrx_word' id='word_1_325' title='bbox 380 4424 403 4459; x_wconf 90' lang='lat' dir='ltr'><strong>c.</strong></span> <span class='ocrx_word' id='word_1_326' title='bbox 428 4410 555 4459; x_wconf 87' lang='lat' dir='ltr'><strong>dominus.</strong></span> <span class='ocrx_word' id='word_1_327' title='bbox 582 4411 670 4473; x_wconf 79' lang='lat' dir='ltr'><strong>[Dect.</strong></span> <span class='ocrx_word' id='word_1_328' title='bbox 696 4411 764 4459; x_wconf 86' lang='lat' dir='ltr'><strong>Grat.</strong></span> <span class='ocrx_word' id='word_1_329' title='bbox 789 4425 814 4472; x_wconf 90' lang='lat' dir='ltr'><strong>p.</strong></span> <span class='ocrx_word' id='word_1_330' title='bbox 840 4425 864 4459; x_wconf 85' lang='lat'><strong>2.</strong></span> <span class='ocrx_word' id='word_1_331' title='bbox 890 4424 929 4468; x_wconf 77' lang='lat'><strong>23.</strong></span> <span class='ocrx_word' id='word_1_332' title='bbox 955 4425 978 4459; x_wconf 85' lang='lat'><strong>2.</strong></span> <span class='ocrx_word' id='word_1_333' title='bbox 1003 4412 1039 4474; x_wconf 69' lang='lat' dir='ltr'><strong>o]</strong></span> <span class='ocrx_word' id='word_1_334' title='bbox 1081 4409 1091 4448; x_wconf 84' lang='lat'>⁷</span> <span class='ocrx_word' id='word_1_335' title='bbox 1116 4412 1143 4460; x_wconf 88' lang='lat' dir='ltr'><strong>in</strong></span> <span class='ocrx_word' id='word_1_336' title='bbox 1169 4427 1195 4461; x_wconf 93' lang='lat' dir='ltr'><strong>v.</strong></span> <span class='ocrx_word' id='word_1_337' title='bbox 1213 4410 1362 4460; x_wconf 86' lang='lat' dir='ltr'><strong>Restitutio.</strong></span> <span class='ocrx_word' id='word_1_338' title='bbox 1380 4424 1407 4471; x_wconf 89' lang='lat' dir='ltr'><strong>p.</strong></span> <span class='ocrx_word' id='word_1_339' title='bbox 1426 4424 1450 4469; x_wconf 79' lang='lat'><strong>3.</strong></span> <span class='ocrx_word' id='word_1_340' title='bbox 1467 4411 1514 4459; x_wconf 76' lang='lat' dir='ltr'><strong>rub</strong></span> 
     </span>
     <span class='ocr_line' id='line_1_35' title="bbox 342 4501 904 4567; baseline -0.002 -15"><span class='ocrx_word' id='word_1_341' title='bbox 342 4501 428 4554; x_wconf 89' lang='lat' dir='ltr'><strong>finem.</strong></span> <span class='ocrx_word' id='word_1_342' title='bbox 462 4502 474 4535; x_wconf 78' lang='lat'><strong>³</strong></span> <span class='ocrx_word' id='word_1_343' title='bbox 491 4505 564 4567; x_wconf 77' lang='lat' dir='ltr'><strong>alleg.</strong></span> <span class='ocrx_word' id='word_1_344' title='bbox 583 4503 686 4552; x_wconf 88' lang='lat' dir='ltr'><strong>Gerard.</strong></span> <span class='ocrx_word' id='word_1_345' title='bbox 706 4505 763 4554; x_wconf 87' lang='lat' dir='ltr'><strong>Old.</strong></span> <span class='ocrx_word' id='word_1_346' title='bbox 782 4516 807 4552; x_wconf 92' lang='lat' dir='ltr'><strong>et</strong></span> <span class='ocrx_word' id='word_1_347' title='bbox 825 4504 904 4552; x_wconf 84' lang='lat' dir='ltr'><strong>Arch.</strong></span> 
     </span>
    </p>
   </div>
   <div class='ocr_carea' id='block_1_5' title="bbox 0 0 1668 5506">
    <p class='ocr_par' dir='ltr' id='par_1_5' title="bbox 0 0 1668 5506">
     <span class='ocr_line' id='line_1_36' title="bbox 0 0 1668 5506; baseline 0 2"><span class='ocrx_word' id='word_1_348' title='bbox 0 0 1668 5506; x_wconf 95' lang='lat' dir='ltr'><strong> </strong></span> 
     </span>
    </p>
   </div>
  </div>
 </body>
</html>
