3316 5494
358 653 419 718 142
665 651 712 698 De
735 649 829 720 JURE
855 649 1040 698 Pannona.
1066 649 1148 697 CAP·
1173 653 1210 698 Χ.

346 807 491 876 omnium
515 807 610 876 etiam
634 803 779 892 gentium
792 823 926 872 assensu
949 802 1162 888 omniumque
1173 819 1357 889 temporum
1370 804 1528 871 memoria

347 921 596 1002 comprobatur:
618 920 672 1004 jus
695 916 832 1001 praedae
854 915 980 982 scilicet
999 935 1065 984 non
1086 935 1156 982 esse
1177 935 1278 1000 penes
1299 915 1448 1002 singulos
1469 937 1526 994 oc-

346 1045 525 1114 cupantes,
549 1031 606 1098 sed
627 1047 729 1113 penes
751 1027 984 1112 rempublicam
1008 1028 1121 1112 ejusve
1152 1015 1337 1111 Principem
1368 1042 1426 1093 aut
1445 1028 1525 1093 belli

347 1142 484 1224 ducem,
504 1157 668 1225 quatenus
683 1141 739 1224 jus
759 1139 850 1206 istud
872 1160 890 1204 a
912 1138 1080 1222 republica
1100 1154 1302 1224 acceperunt.
1332 1138 1438 1222 Apud
1456 1139 1525 1204 He·

347 1254 462 1320 braeos
483 1265 492 1300 ¹
510 1252 661 1319 videmus
683 1251 831 1335 praedam
855 1249 896 1316 ad
917 1250 1018 1316 duces
1040 1252 1219 1332 perlatam,
1243 1270 1350 1332 neque
1371 1249 1423 1316 his
1445 1269 1523 1316 con·
1607 1246 1609 1254 ’

347 1383 469 1431 cessam
493 1363 551 1446 qui
573 1381 671 1430 manu
693 1376 864 1445 ceperant,
887 1380 924 1427 ac
945 1361 1058 1427 uehis
1080 1361 1214 1443 quidem
1245 1362 1325 1428 solis
1349 1362 1408 1444 qui
1440 1381 1525 1446 pug-

346 1489 522 1558 naverant,
555 1473 613 1542 sed
644 1488 768 1557 partem
804 1471 866 1538 toti
899 1471 1054 1538 exercitui
1078 1471 1204 1553 datam,
1228 1487 1351 1554 partem
1373 1475 1524 1557 populo,

346 1601 471 1670 partem
494 1585 590 1652 etiam
612 1599 768 1651 sacratam
793 1586 889 1670 jussu
917 1583 1033 1650 divino
1057 1598 1255 1666 receptoque
1276 1603 1377 1650 more.
1422 1584 1524 1668 Apud

347 1697 495 1764 Graecos
517 1717 627 1763 nonne
649 1696 736 1762 idem
758 1696 966 1763 observatum
990 1694 1064 1762 esti
1110 1694 1210 1760 Unde
1234 1695 1401 1762 Homerus
1420 1694 1454 1761 ¹:

517 1813 602 1878 laad
622 1813 664 1878 rei
684 1813 738 1890 μὲν
759 1810 865 1876 πολίων
887 1808 1099 1891 ἐξεπράθομεν,
1118 1812 1160 1877 τοὶ
1179 1808 1326 1875 murrae.

523 1917 646 1984 Omnia
658 1919 734 2004 jam
755 1917 866 1986 diuisa
886 1918 1005 2003 quibus
1020 1917 1234 2001 spoliavimus
1256 1917 1362 1982 urbes.

390 2029 436 2095 Et
456 2029 606 2096 Achilles
627 2029 715 2112 apud
733 2027 882 2096 eumdem
896 2027 907 2064 ⁸
920 2028 960 2094 de
984 2028 1123 2095 urbibus
1145 2048 1162 2094 a
1185 2048 1219 2096 se
1242 2027 1344 2111 captis
1366 2029 1522 2111 loquens:

517 2143 596 2210 rainu
617 2147 651 2210 lte
670 2143 784 2210 ποιοέων
807 2144 945 2224 κειμήλιοι
962 2144 1063 2210 πολλοὶ
1084 2141 1136 2209 eal
1158 2143 1248 2210 ἐσθλὰ
1332 2229 1337 2238 ἱ

523 2253 663 2335 ἐξελόμην
685 2253 735 2320 nal
756 2251 859 2320 adura
877 2253 970 2335 Φέοοοο
988 2253 1188 2334 Ἀγαμέμνονι
1206 2255 1303 2319 δόσκον

521 2365 664 2448 Ἀτρεΐδῃ.
686 2367 700 2430 ὅ
720 2363 841 2431 diarria
862 2364 953 2444 μένων
972 2365 1055 2445 nepe
1074 2365 1152 2440 unua}
1171 2365 1262 2446 letiam

520 2476 674 2556 δεξάμενος
693 2478 740 2542 tre
756 2481 856 2557 ποοῦροο
876 2476 1059 2554 deomena,
1079 2491 1179 2543 πολλοι
1201 2473 1344 2558 dixeras.

527 2583 686 2648 Omnibus
704 2585 756 2649 his
776 2588 890 2671 ingens
905 2589 1018 2669 pretio
1039 2604 1236 2669 numeroque
1254 2583 1401 2668 supellex

523 2695 656 2761 Nostra
677 2707 780 2780 rapta
804 2717 929 2761 manu:
953 2698 1027 2783 regi
1047 2693 1104 2762 sed
1120 2699 1231 2764 uictor
1250 2692 1399 2761 Atridae

523 2805 653 2872 Cuncta
670 2806 758 2886 tuli,
780 2806 899 2878 celeres
922 2807 1066 2874 residens
1089 2810 1149 2893 qai
1161 2820 1246 2892 pone
1264 2811 1404 2873 carinas
1468 2853 1472 2858 -

521 2918 725 2998 Diuideret,
748 2939 822 2982 curn
837 2931 951 3002 pauca
969 2918 1072 3000 aliis,
1097 2920 1161 2985 sibi
1181 2919 1289 2985 malta
1311 2919 1456 2986 tenebat.

391 3030 547 3113 Idemque
570 3030 847 3114 Agamemnonem
870 3029 919 3094 sic
941 3029 1123 3112 alloquitur
1141 3037 1173 3096 ⁴:

522 3147 554 3212 οὒ
577 3147 636 3225 γὰρ
658 3145 703 3211 rol
723 3139 1079 3226 nestorianaeque,
1101 3140 1207 3210 irrer’
1227 3144 1347 3227 Ἀχοοοοί

523 3256 626 3336 Τρώων
648 3251 804 3335 ε’κοοέροωο’
826 3253 1003 3335 firmianum
1018 3253 1188 3336 πτολίεθρον.

520 3363 614 3428 Nam
636 3383 739 3447 neque
760 3383 810 3426 me
830 3375 936 3428 tecum
952 3361 1102 3449 praedas
1115 3376 1200 3447 pars
1221 3382 1329 3446 aequa
1341 3374 1517 3446 sequetur,

522 3473 561 3539 Si
579 3473 741 3539 Danaum
763 3477 876 3540 uirtus
897 3473 1080 3539 Troianam
1101 3471 1265 3538 exciderit
1285 3472 1412 3540 urbem.

393 3607 492 3670 quare
514 3586 610 3651 etiam
634 3583 831 3668 publicitus:

521 3695 675 3763 Custodes
698 3696 777 3761 lecti
800 3696 950 3760 Phoenix
970 3709 1002 3761 et
1020 3695 1117 3762 dirus
1139 3695 1268 3780 Ulysses
1357 3729 1361 3734 ·

520 3807 690 3874 Praedam
714 3807 958 3876 asservabant:
981 3807 1045 3872 huc
1069 3805 1215 3892 undique
1237 3805 1342 3870 Troia
1361 3826 1456 3894 gaza

520 3919 665 3985 Incensis
689 3931 803 4005 erepta
826 3917 961 4002 adytis,
986 3938 1177 4002 mensaeque
1198 3917 1371 3998 Deorum,

522 4033 740 4117 oratoresque
762 4051 846 4095 aare
869 4028 990 4112 solidi,
1011 4033 1212 4114 captiuaque
1235 4031 1333 4098 restis

523 4145 725 4230 Congeritur
747 4141 770 4207 ⁵.

349 4311 545 4324 ——n—-n—-n

382 4377 390 4411 ¹
409 4377 484 4428 Num.
508 4393 548 4438 ³1·
571 4392 622 4428 vss.
650 4389 689 4436 ογ.
717 4389 756 4434 31.
775 4386 800 4424 et
825 4386 867 4437 47.
884 4376 938 4437 Jos.
955 4375 979 4422 ό.
997 4387 1035 4426 vt.
1055 4387 1095 4433 ογ.
1113 4387 1137 4424 et
1159 4387 1199 4424 aa.
1217 4387 1267 4424 vss.
1286 4385 1310 4434 7.
1329 4385 1353 4422 et
1372 4376 1396 4422 8.
1415 4375 1477 4422 Sam.
1498 4384 1516 4419 r.

349 4483 388 4527 30.
412 4484 450 4520 vs.
476 4483 515 4519 aa.
535 4481 630 4530 etseq.
664 4465 778 4533 ²[11.1.
804 4465 971 4526 1.vs.125.]
1006 4463 1078 4526 ⁸[ll.
1096 4469 1113 4514 1.
1130 4480 1154 4528 9.
1172 4479 1210 4515 vs.
1229 4478 1286 4522 330·
1307 4465 1377 4526 sqq.]
1413 4463 1517 4528 ⁴[11.1.

351 4575 371 4608 1.
390 4575 428 4610 vs.
448 4562 502 4618 163.
520 4561 570 4623 rq.]
606 4559 704 4618 ⁶Virg.
729 4561 793 4607 Aen.
819 4559 836 4604 l.
855 4569 878 4605 a.
897 4556 948 4616 [vs.
966 4555 1023 4612 762.
1042 4553 1109 4618 sqq.]
