3310 5482
437 638 483 684 aa
507 638 599 704 Juua
626 638 806 685 nunaunt.
832 637 911 687 cnr.
937 641 982 686 vr.
1257 625 1298 706 63

127 804 196 871 ret,
230 792 295 856 hoc
328 807 400 872 est,
436 812 620 875 quaesitas
655 792 764 879 leges,
800 814 861 858 saa
885 792 1045 879 judicia,
1080 815 1142 860 saa
1164 797 1299 862 tributa

125 921 258 986 suosque
284 906 507 988 magistratus
535 903 632 969 habat
648 925 660 967 :
684 903 737 970 cui
768 903 935 987 proprium
967 903 1140 971 consilium
1171 909 1300 990 propri·

125 1031 205 1094 aque
228 1027 278 1078 est
298 1013 496 1096 auctoritaS,
521 1027 559 1078 ut
587 1013 746 1096 explicuit
767 1015 945 1101 Cajetanus
962 1030 994 1080 et
1014 1016 1162 1083 Victoria
1183 1029 1216 1100 ¹,
1240 1019 1298 1084 ubi

126 1123 218 1190 docet
243 1123 328 1192 nihil
359 1124 489 1190 obstare
518 1124 696 1207 quominus
725 1126 835 1207 plures
857 1126 1052 1210 principales
1072 1127 1299 1212 perfectaeque

125 1233 325 1317 respublicae
355 1237 417 1302 sub
448 1256 514 1301 uno
546 1233 613 1302 sint
644 1235 817 1319 Principe,
852 1253 909 1304 aut
936 1237 1083 1320 alioquin
1115 1240 1299 1308 arctissimo

126 1343 207 1412 inter
237 1366 273 1414 se
305 1345 437 1414 foedere
470 1347 640 1432 colligatae
652 1354 676 1413 ¹.
720 1347 794 1414 Nisi
823 1363 930 1415 autern
951 1368 1167 1433 unaquaeque
1186 1371 1300 1434 respu-

125 1455 205 1524 blica
228 1458 307 1524 belli
327 1457 460 1542 gerendi
484 1458 617 1526 haberet
632 1473 844 1543 potestatem,
863 1479 929 1527 non
947 1475 1030 1529 esset
1049 1461 1092 1528 ad
1110 1461 1162 1528 sui
1186 1462 1299 1528 delen-

124 1566 244 1634 sionem
281 1569 445 1660 sufficiens
458 1575 483 1638 ³.
531 1570 640 1657 Quare
670 1572 794 1654 populo
829 1572 980 1637 Romano
1019 1572 1142 1638 bellurn
1182 1574 1298 1658 iubere

124 1678 216 1746 licuit
249 1695 283 1746 et
314 1680 467 1762 Latinis,
492 1680 665 1764 Etruscis,
701 1681 923 1762 Samnitibus,
961 1681 1148 1748 Tarentinis
1182 1697 1298 1765 totque

124 1789 191 1856 aliis
216 1790 329 1856 Italiae
352 1791 503 1875 populis,
527 1813 703 1876 quoscum
733 1795 857 1876 populo
882 1793 1033 1859 Romano
1057 1808 1195 1861 certasse
1217 1795 1297 1879 legi-

124 1903 231 1981 mus⁵3
256 1917 295 1968 ut
315 1923 402 1970 nunc
427 1904 711 1992 Carthaginienses
740 1904 772 1971 in
792 1903 908 1970 Africa
928 1919 1076 1985 taceam,
1100 1905 1134 1972 in
1158 1905 1298 1972 Graecia

123 2013 420 2098 Lacedaemonios,
445 2017 662 2085 Athenienses
689 2018 874 2098 multasque
901 2015 979 2083 alias
1010 2016 1172 2084 civitates.
1209 2018 1298 2083 ldenr

123 2125 159 2192 de
181 2125 345 2194 Hebraeis
367 2128 535 2196 veteribus
558 2128 622 2195 dici
643 2142 751 2211 potest
772 2141 804 2192 et
825 2127 865 2192 de
885 2126 1039 2194 omnibus
1059 2126 1215 2209 populis,
1240 2127 1297 2210 qui

124 2236 170 2304 sui
193 2237 332 2306 fuerunt
358 2240 452 2323 juris.
497 2240 585 2307 Hinc
613 2254 689 2324 post
712 2239 883 2305 Cunaeunr
907 2239 1061 2306 Bartolus
1084 2238 1199 2304 ‘inter
1218 2239 1298 2304 duas

123 2347 241 2416 liberas
259 2348 410 2418 civitates
431 2354 552 2419 bellunr
568 2354 693 2437 justum
718 2370 787 2417 esse
809 2347 947 2416 affirmat
970 2363 1003 2414 et
1031 2363 1123 2432 capta
1143 2349 1298 2432 capienti·

124 2480 174 2526 um
198 2459 282 2528 fieri.
316 2461 379 2528 Est
399 2477 432 2529 et
447 2463 525 2529 belli
538 2463 663 2546 publici
673 2460 872 2543 suscipiendi
884 2479 985 2543 penes
998 2459 1206 2546 magistratus
1220 2481 1299 2526 auc·

124 2571 235 2638 toritas
254 2580 278 2640 ⁸.
323 2570 406 2640 Nanr
433 2594 506 2640 curn
538 2573 721 2657 respublica
742 2593 834 2638 suam
852 2573 1056 2637 voluntatem
1080 2573 1179 2638 sernel
1204 2571 1238 2638 in
1259 2571 1298 2637 il·

123 2683 226 2750 lorum
254 2686 458 2750 voluntatem
489 2685 687 2765 contulerit,
712 2683 803 2765 quod
833 2682 1031 2765 reipublicae
1054 2702 1113 2766 pro
1146 2682 1297 2764 selicet,

122 2794 204 2860 idem
233 2796 437 2880 magistratui
467 2817 526 2880 pro
554 2796 720 2880 republica
739 2805 762 2861 ⁷.
809 2793 1020 2878 Magistratus
1041 2807 1149 2860 autern
1169 2793 1223 2860 hic
1244 2793 1294 2859 in·

122 2907 223 2992 telligi
244 2908 364 2988 debet,
388 2907 447 2990 qui
463 2909 649 2975 mandatum
670 2907 748 2973 belli
767 2905 897 2990 gerendi
909 2905 1018 2971 habet.
1043 2903 1177 2970 Habent
1188 2919 1295 2970 autern

123 3019 362 3100 quodammodo
381 3041 516 3102 omnes,
540 3018 604 3086 nisi
625 3017 808 3102 specialiter
830 3030 1003 3099 exceptum
1025 3029 1195 3100 appareat,
1217 3014 1295 3096 quia

60 3127 73 3148 ⁶
123 3130 266 3214 eiusdem
291 3146 340 3197 est
356 3133 412 3216 jus
430 3131 537 3198 dicere
561 3146 593 3197 et
611 3130 872 3216 jurisdictionem
891 3147 981 3194 suarn
999 3125 1104 3207 tueri,
1124 3127 1296 3192 decernere

124 3256 153 3308 et
180 3241 311 3308 decreta
331 3243 463 3325 exsequi
485 3242 509 3309 ¹.
555 3243 595 3308 Id
615 3257 722 3308 autern
745 3241 815 3307 sine
838 3241 926 3306 bello
948 3237 1112 3304 interdurn
1136 3236 1206 3302 lieri
1228 3257 1295 3304 non

123 3368 242 3435 potest.
274 3353 454 3422 Praeterea
481 3354 514 3420 in
540 3355 651 3421 hostes
672 3353 817 3419 internos
832 3348 1027 3418 *vindicandi
1061 3365 1094 3415 et
1125 3347 1157 3414 in
1190 3363 1295 3414 exter-

123 3481 179 3530 nos
209 3465 400 3531 naturaliter
428 3466 572 3551 eiusdem
595 3479 644 3532 est
663 3463 835 3547 potestatis
857 3462 881 3530 ⁹.
928 3462 993 3528 Sed
1019 3461 1101 3528 ordo
1120 3463 1296 3526 observan-

124 3573 181 3641 dus
211 3590 270 3642 est.
316 3576 400 3642 Narn
433 3597 506 3642 curn
539 3575 620 3642 nihil
652 3575 695 3642 sit
721 3575 755 3639 in
779 3595 846 3656 quo
868 3572 1068 3655 reipublicae
1088 3573 1175 3638 salus
1193 3572 1297 3655 inagis

125 3706 218 3767 quarn
242 3686 276 3752 in
300 3689 387 3755 bello
409 3687 631 3770 periclitetur,
656 3706 722 3753 non
744 3702 793 3753 est
808 3685 944 3752 dubiunr
965 3683 1045 3766 quin
1069 3682 1098 3748 ei
1120 3680 1173 3748 cui
1194 3681 1296 3764 pluri-

155 3908 163 3942 ¹
181 3907 264 3967 cajet.
282 3909 355 3960 dietis
373 3910 445 3959 loeis.
459 3910 524 3960 Vict.
542 3912 572 3959 de
589 3908 645 3968 jure
662 3909 724 3958 belli
739 3923 764 3958 n.
782 3921 805 3966 5.
821 3920 846 3957 cr
862 3922 886 3956 n.
907 3921 930 3966 7.
965 3907 1042 3954 llenr.
1059 3905 1161 3954 Gorieh.
1179 3901 1296 3954 debello

124 3996 187 4054 iusto
207 3999 234 4048 in
251 4001 332 4061 praef.
366 3999 377 4034 ²
394 4002 470 4051 Arist.
488 4002 520 4051 de
534 4015 588 4062 rep.
611 4004 628 4048 l.
652 4014 675 4050 a.
699 4016 719 4048 a.
742 4015 757 4049 a
776 3998 815 4063 [p.
836 4001 907 4049 1261.
925 4011 963 4047 vs.
979 4011 1018 4058 24.
1036 3995 1104 4059 sqq]
1125 4008 1149 4043 ct
1160 3998 1177 4043 l.
1200 4008 1223 4053 3.
1236 4009 1256 4043 ο.
1272 4009 1297 4057 9.

126 4087 162 4151 [p.
182 4093 293 4139 1280.1.
311 4104 350 4140 vs.
369 4104 408 4148 31.
421 4090 489 4156 sqq]
526 4090 536 4124 ³
553 4092 583 4138 V.
601 4089 678 4141 defin.
690 4102 748 4151 post
765 4104 815 4150 reg.
834 4103 857 4147 3.
876 4105 896 4137 c.
913 4103 935 4136 2.
953 4087 1030 4136 Arist.
1048 4089 1080 4136 de
1097 4100 1151 4145 rep.
1169 4089 1186 4133 l.
1204 4098 1227 4143 7.
1242 4099 1297 4146 e.4.

127 4177 163 4241 [p.
183 4182 256 4237 1326.
278 4193 356 4230 1.vs.
385 4183 415 4230 16
432 4180 500 4244 sqq]
523 4180 583 4229 ⁴V.
601 4184 618 4229 l.
635 4180 771 4230 hostesff.
790 4183 821 4230 de
844 4191 909 4240 capt.
935 4179 978 4241 [D.
996 4192 1037 4241 49.
1058 4189 1095 4233 15.
1114 4175 1167 4240 aa]
1203 4175 1262 4224 'ad
1273 4165 1297 4223 '1.

125 4272 216 4319 euhoe
233 4268 288 4327 jure
302 4270 327 4318 ff.
345 4273 376 4320 de
395 4269 452 4328 just.
470 4284 495 4321 et
512 4270 574 4329 jure.
593 4270 638 4335 [D.
657 4285 677 4320 r.
698 4285 718 4320 1.
736 4270 808 4334 5.]et
822 4272 856 4336 *ad
874 4272 890 4317 l.
905 4271 1000 4318 hostes.
1016 4267 1042 4316 ff.
1060 4269 1091 4316 de
1112 4277 1176 4326 capt.
1194 4265 1236 4327 [D.
1255 4279 1297 4326 49.

128 4371 163 4414 15·
188 4360 243 4424 aa]
278 4361 337 4409 ⁰V.
362 4363 392 4410 ad
417 4364 435 4409 l.
456 4376 492 4411 10.
514 4375 539 4410 et
561 4375 597 4411 11.
615 4377 636 4409 e.
655 4375 677 4409 a.
710 4359 721 4398 ⁷
756 4359 961 4409 crudelium.
995 4357 1058 4405 ⁸V.
1077 4359 1094 4404 l.
1112 4355 1154 4416 qui
1172 4354 1297 4403 restitff.

126 4451 155 4498 de
180 4452 217 4500 rei
241 4452 312 4501 vind.
340 4451 385 4516 [D.
402 4453 425 4501 6.
445 4467 466 4502 r.
484 4453 539 4518 68.]
559 4465 583 4502 et
602 4455 659 4501 Bart
678 4454 710 4501 ad
727 4455 751 4501 d.
769 4455 785 4505 l.
803 4454 896 4500 hostes.
914 4464 938 4498 n.
968 4463 1005 4497 11.
1040 4445 1149 4504 'Caice
1167 4446 1193 4494 in
1209 4458 1297 4494 summ.

129 4555 193 4600 pecc.
213 4543 239 4591 in
258 4559 283 4593 v.
301 4546 406 4594 Bellum.
426 4546 495 4603 Fulg.
513 4544 538 4592 in
556 4545 580 4594 el.
598 4545 614 4591 l.
633 4545 729 4592 euhoe
747 4541 808 4598 iure.
827 4540 872 4604 [D.
893 4555 913 4588 1.
936 4554 956 4587 1.
975 4538 1011 4602 5.]
1037 4540 1106 4587 Olclr.
1123 4551 1191 4586 cons.
1210 4549 1250 4594 70.
