3316 5494
456 596 503 647 DE
526 600 619 668 JURE
647 599 829 648 Pannona.
854 599 933 646 CAP.
958 598 1039 646 VIII.
1291 595 1334 664 95

155 747 232 820 Hae
260 754 405 823 rationes
427 754 664 837 persuadebant
693 754 763 821 fieri
795 767 915 838 posse,
939 771 1135 838 quamquam
1155 771 1227 819 raro
1250 752 1334 820 forte

155 867 201 931 ob
225 866 483 934 imbecillitatem
516 877 649 933 naturae
678 868 861 947 humanae,
886 879 924 932 ur
943 864 1090 949 privatus
1111 865 1181 932 sine
1200 879 1333 949 peccato

155 978 301 1060 aliquem
333 979 449 1062 puniat
477 998 517 1044 ex
548 993 681 1044 naturae
712 980 804 1062 lege,
835 978 959 1062 fiatque
992 977 1233 1060 quodammodo
1254 979 1334 1044 alter

156 1089 292 1157 alterius
325 1089 553 1175 magistratus,
596 1090 673 1155 dum
707 1101 814 1157 tamen
848 1089 882 1154 in
916 1106 953 1155 ea
984 1107 1119 1172 quoque
1161 1088 1333 1171 punitione

155 1202 278 1286 judicis
307 1203 460 1268 adhibeat
490 1200 700 1287 religionem:
733 1201 824 1284 quod
851 1200 963 1268 multis
986 1201 1185 1287 argumentis
1208 1199 1334 1266 firmare

159 1313 369 1380 Castrensem
392 1319 401 1354 ¹
421 1314 533 1381 video.
588 1315 730 1382 quenta
756 1317 840 1379 enim
852 1314 942 1398 jura
964 1327 1003 1378 ut
1017 1311 1246 1398 provideant,
1270 1333 1333 1378 non

158 1438 198 1488 ut
229 1438 370 1490 noceant
392 1425 587 1490 hominibus.
632 1425 750 1509 Neque
781 1422 821 1489 id
839 1423 928 1510 quod
946 1422 1263 1490 extraordinarium
1285 1438 1332 1489 ert

159 1534 341 1602 ordinaria
363 1537 484 1602 habere
503 1533 651 1602 subsidia
664 1557 677 1602 .·
698 1557 755 1600 nec
779 1554 973 1622 quemquam
996 1538 1033 1599 in
1048 1535 1200 1621 periculo
1218 1538 1333 1603 reteri

159 1647 224 1712 sibi
243 1647 388 1733 aliisque
407 1648 598 1728 consulere,
618 1661 657 1712 ut
678 1651 708 1712 ri
719 1668 741 1712 a
754 1649 867 1712 nautis
888 1649 925 1711 irr
945 1645 1151 1732 naufragio,
1170 1649 1207 1711 iu
1222 1647 1332 1710 morbo
1356 1715 1358 1720 ,

159 1780 181 1823 α
202 1756 336 1824 medicis
358 1758 579 1824 destituatur.
612 1758 671 1824 Eu
691 1761 884 1823 necessitate
902 1769 933 1821 et
956 1779 995 1822 ne
1008 1755 1068 1842 jus
1090 1769 1238 1821 nostrum
1253 1771 1333 1842 per-

159 1883 216 1935 eat
241 1869 351 1935 multu
375 1874 547 1956 permitti,
572 1889 657 1954 quue
679 1868 768 1934 alias
791 1885 856 1933 nort
873 1871 1177 1953 permitterentur,
1201 1889 1333 1954 unaque

160 2001 198 2045 re
218 1978 387 2064 deficiente
401 1979 449 2046 ad
464 1981 609 2047 alteram
631 1983 779 2046 recurri.
803 1979 876 2044 Nec
899 1978 990 2045 aliter
1012 1978 1152 2045 sensisse
1171 1979 1328 2046 videntur

159 2091 226 2158 viri
260 2092 480 2175 undequaque
512 2091 713 2172 doctissimi,
747 2091 948 2170 Connanus,
990 2089 1182 2173 Vasquius,
1216 2091 1333 2158 Petrus

160 2202 288 2286 Faber,
324 2204 447 2285 quibus
479 2203 576 2289 adjici
607 2217 717 2286 potest
747 2203 876 2287 Ayala,
911 2201 1068 2268 Socinum
1100 2201 1264 2284 Nepotem
1299 2203 1331 2267 in

161 2314 245 2378 hanc
268 2335 334 2381 rem
358 2316 500 2400 allegans
520 2315 542 2380 ².
578 2315 727 2381 Collecta
744 2313 788 2380 sit
805 2313 906 2398 igitur
924 2314 1005 2379 haec
1024 2313 1202 2380 sententia:
1228 2314 1333 2380 Eate-
1345 2325 1422 2425 fggccl·
1431 2321 1491 2422 rm

161 2447 225 2490 nus
238 2426 333 2508 J'uste
355 2426 475 2492 bellurn
491 2429 669 2512 priuatum
689 2428 892 2511 suscipitur,
916 2437 1079 2511 quatenus
1090 2425 1259 2507 judicium
1279 2425 1334 2522 de-
1410 2410 1417 2425 ⁸
1446 2409 1453 2424 ⁸

155 2535 242 2620 ficit.
297 2538 423 2604 Bellum
454 2558 532 2605 vero
564 2537 733 2621 publicum
767 2537 930 2603 interdum
964 2557 1004 2602 ex
1036 2536 1166 2603 defectu
1193 2537 1334 2622 judicii,

161 2647 326 2715 interdum
347 2669 387 2715 ex
414 2649 540 2735 judicio
559 2648 598 2715 fit
620 2657 644 2715 ³.
691 2648 744 2714 Ex
761 2647 891 2714 defectu
909 2647 1108 2733 judiciorum
1130 2650 1244 2715 eodem
1265 2669 1334 2731 quo

159 2760 326 2843 privatum
344 2761 454 2828 modo.
501 2760 638 2827 Accidit
658 2774 766 2826 autem
786 2759 850 2825 hoc
872 2759 1020 2841 quoties,
1045 2774 1082 2825 ut
1103 2759 1220 2826 Cicero
1240 2760 1252 2797 ⁴
1271 2760 1316 2826 ait
1323 2822 1333 2855 ‚

160 2874 191 2936 ei
222 2875 281 2956 qui
309 2886 485 2959 expectare
515 2872 698 2940 rulitante
722 2872 851 2956 injusta
869 2885 976 2956 poena
999 2870 1121 2937 luenda
1143 2875 1209 2952 sit,
1233 2893 1333 2956 quum

150 2984 256 3068 justa
285 2983 484 3069 repetenda,
523 2997 555 3050 et
587 2982 721 3050 omnino
757 3003 831 3049 cum
865 3001 915 3047 res
949 3000 1070 3048 moram
1100 3001 1167 3047 non
1198 2981 1333 3064 patitur.

158 3095 261 3160 Unde
292 3093 398 3176 liquet
428 3095 587 3180 iniustum
616 3095 738 3160 bellum
761 3092 911 3160 inferenti
932 3093 1058 3178 justum
1080 3093 1203 3159 bellum
1223 3091 1332 3160 referri

161 3205 234 3270 sine
251 3206 376 3291 Judicio
394 3208 464 3273 ullo
482 3215 516 3286 ⁵,
549 3225 656 3288 neque
678 3206 756 3290 ejus
788 3205 865 3271 belli
885 3204 1164 3271 denuntiationem
1185 3205 1332 3287 requiri,

160 3332 201 3383 ut
223 3316 353 3384 feciales
373 3315 515 3386 Romani
536 3317 570 3384 in
592 3317 731 3383 Aetolos
752 3317 966 3383 decreverunt
983 3324 1006 3382 ⁸.
1051 3317 1161 3400 Nam,
1187 3316 1274 3383 sicut
1294 3338 1333 3384 ex

159 3429 298 3495 Platone
329 3430 490 3496 Aelianus
524 3427 642 3511 refert,
678 3429 770 3510 quod
799 3428 839 3493 ad
872 3428 1123 3512 propulsandam
1151 3430 1332 3496 necessario

160 3540 313 3625 iniuriam
341 3541 462 3607 bellum
490 3541 691 3625 suscipitur,
722 3540 757 3606 id
784 3559 850 3606 non
875 3560 892 3604 a
914 3559 1074 3624 praecone
1098 3555 1155 3606 aut
1175 3541 1332 3608 caducea-

159 3667 255 3734 tore,
288 3653 346 3718 sed
375 3652 415 3717 ab
435 3651 506 3736 ipsa
527 3667 643 3718 natura
662 3651 818 3718 indicitur
841 3650 993 3733 idemque
1015 3651 1214 3718 censendum
1235 3667 1284 3718 est
1304 3653 1331 3718 si

160 3763 260 3847 legati
287 3762 426 3844 violati,
457 3763 586 3830 aliudve
617 3762 699 3845 quid
729 3762 852 3829 factum
884 3782 952 3845 quo
975 3750 1119 3847 gentium
1140 3765 1332 3830 commercia

160 3873 399 3940 dirimerentur.
444 3873 565 3956 Neque
586 3873 671 3940 enim
690 3873 850 3958 judicium
878 3873 991 3940 haberi
1009 3887 1118 3958 potest
1142 3874 1181 3940 ab
1205 3874 1272 3940 illis
1291 3875 1332 3940 ad

160 4003 249 4066 quos
267 4000 341 4053 tuto
362 3984 483 4051 nemini
506 3985 603 4054 datur
626 4005 819 4053 commeare.
866 3984 954 4052 illud
975 3983 1105 4052 interim
1127 3986 1330 4069 notandum,

195 4230 294 4281 ¹c0118·
313 4245 370 4294 ³99·
404 4229 514 4280 ²Coun.
542 4245 633 4280 comm.
659 4234 676 4281 1.
701 4245 723 4280 1.
743 4233 767 4281 ό.
783 4235 859 4294 Vasq.
880 4235 1006 4282 controv.
1026 4243 1093 4294 port.
1108 4233 1125 4280 l.
1139 4243 1164 4292 4.
1180 4244 1203 4280 c.
1219 4234 1242 4280 8.
1260 4231 1332 4282 Febr.

161 4325 227 4371 Sem.
240 4325 257 4370 1.
274 4336 296 4371 2.
313 4335 369 4372 aa.
383 4323 410 4372 in
428 4321 486 4372 fine.
505 4325 584 4387 Ayala
600 4326 616 4370 l.
634 4337 655 4372 1.
673 4337 696 4373 c.
712 4337 735 4372 2.
749 4338 773 4373 n.
790 4336 852 4387 9.et
869 4339 890 4373 o.
908 4336 931 4382 5.
948 4338 974 4373 n.
994 4338 1015 4374 ι.
1032 4327 1089 4372 Soc.
1103 4334 1198 4380 tomo.
1210 4324 1332 4372 cons.68.

160 4410 174 4444 ⁸
191 4427 217 4462 v.
231 4410 289 4462 Alb.
308 4415 382 4463 Gent.
399 4412 494 4470 dejure
506 4414 577 4464 belli.
595 4416 612 4462 l.
630 4429 652 4463 a.
669 4429 689 4464 ο.
711 4429 732 4464 ι.
751 4427 775 4464 et
791 4429 815 4464 a.
849 4413 860 4445 ⁴
877 4428 925 4476 pro
939 4415 998 4464 Mil.
1013 4413 1048 4480 [o.
1064 4428 1089 4475 4.
1107 4417 1129 4473 t.
1148 4411 1199 4478 ro]
1235 4411 1245 4444 ⁵
1262 4415 1332 4464 Bald.

162 4515 233 4554 eona.
251 4505 268 4550 l.
286 4517 310 4560 3.
328 4507 368 4560 58·
387 4505 489 4554 Gabriel
507 4519 562 4566 sup.
579 4517 642 4555 sent.
660 4519 684 4566 4.
701 4505 759 4556 dist.
778 4518 816 4562 1s·
832 4519 856 4567 q.
873 4519 897 4567 4.
915 4518 982 4555 nasu.
1000 4519 1023 4553 a.
1056 4503 1139 4556 ⁸L1v.
1155 4506 1172 4553 1.
1187 4504 1227 4562 36.
1245 4503 1279 4567 [o.
1293 4505 1330 4569 3.]
