3310 5482
684 571 869 613 PRAEFATIO.
1318 569 1363 610 vll

184 758 314 821 quenter
335 724 508 820 inspexisse,
529 744 610 820 quod
637 747 743 819 ulginti
762 746 844 803 annis
864 756 931 802 ante
952 743 1122 803 absolvisset
1143 755 1172 802 et
1193 743 1256 800 aliis
1278 741 1363 800 rebus

179 852 285 911 'motus
307 852 434 911 scribere
453 867 600 925 aggressus
621 862 704 908 esset.
736 850 812 908 Nam
834 849 1081 906 Commentarium
1103 846 1139 906 de
1156 848 1221 920 jure
1242 844 1363 921 praedae

185 956 337 1030 confecit,
363 967 398 1014 ut
425 956 581 1012 Lusitanos
609 954 715 1028 lnjuria
738 955 861 1012 Batavos
882 953 917 1010 ab
940 951 1048 1011 Indicis
1069 951 1247 1009 commerciis
1265 949 1364 1024 prohi-

185 1059 273 1128 bere,
296 1061 420 1117 Batavos
439 1069 541 1116 contra
563 1070 593 1116 et
617 1059 788 1116 Societatem
812 1055 940 1115 Indicam
961 1056 1108 1116 Lusitanis
1129 1055 1233 1112 merito
1254 1052 1362 1111 bellum

186 1164 297 1221 inferre
324 1162 354 1221 et
383 1162 501 1237 praedas
529 1161 564 1218 ab
589 1163 623 1219 iis
649 1178 732 1235 agere
760 1160 980 1219 demonstraret.
1026 1160 1156 1218 Multum
1182 1159 1258 1216 enim
1285 1154 1362 1230 apud

186 1277 331 1328 nostrates
357 1266 393 1325 de
419 1267 483 1340 jure
511 1264 632 1340 praedae
662 1264 883 1339 disputabatur,
910 1265 1078 1339 praesertim
1099 1280 1136 1322 ex
1152 1279 1213 1336 quo
1234 1272 1363 1334 tempore

186 1372 351 1445 praefectus
372 1371 431 1444 Jac.
446 1369 672 1428 Hemskerckius
691 1371 858 1442 opulentam
881 1369 1091 1426 Lusitanorum
1111 1383 1212 1424 navem
1234 1365 1265 1423 in
1286 1365 1363 1422 freto

186 1475 366 1534 Malaccensi
387 1486 503 1549 ceperat
523 1485 553 1532 et
574 1472 690 1532 domum
712 1470 882 1531 abduxerat.
918 1472 1041 1530 Grotius
1063 1472 1124 1545 ipse
1145 1470 1175 1527 in
1199 1467 1363 1528 Annalibus

186 1591 217 1638 et
240 1579 380 1638 Historiis
400 1594 461 1637 eam
482 1594 541 1636 rem
563 1579 647 1636 nobis
667 1577 712 1635 his
731 1577 827 1635 verbis
849 1577 989 1652 proponit
1005 1571 1043 1654 (l.
1058 1591 1083 1634 1.
1104 1593 1134 1649 p.
1154 1570 1242 1651 429.)

223 1783 320 1850 Jorae
347 1805 456 1860 quoque
484 1805 540 1845 rex
568 1782 631 1866 (est
652 1785 684 1846 id
701 1804 822 1861 regnum
843 1789 874 1844 in
894 1785 1077 1844 Malaeeensi
1095 1778 1230 1862 regione)
1251 1791 1362 1840 netues

187 1896 219 1951 in
242 1892 398 1950 Lusitanos
419 1889 541 1968 offensas
555 1904 689 1966 promere
710 1909 814 1962 ausus,
841 1889 911 1954 Jae.
932 1889 1184 1957 Hemskerckium‚
1204 1885 1277 1952 duas
1298 1897 1361 1944 tum

188 2013 277 2054 naues
305 1995 453 2053 dueentem
483 1994 692 2065 Hellandr'cas,
713 1999 852 2054 incitavit
872 1994 914 2053 ad
932 2012 1086 2053 euraccum
1107 1997 1261 2053 immensae
1282 2008 1361 2065 mag-

188 2101 331 2160 nitudinis
359 2105 389 2159 in
415 2098 517 2174 freto,
545 2099 620 2174 quod
646 2098 817 2158 Malueram
845 2103 941 2169 inter,
973 2097 1181 2157 Lusitanorum
1205 2098 1361 2164 coloniam,

187 2216 218 2263 et
240 2206 413 2263 Sumatrum
424 2204 597 2274 intercedit,
614 2202 845 2279 opprimendam
865 2215 970 2260 auctor
979 2201 1054 2261 idem
1064 2205 1201 2273 testisque
1211 2202 1361 2258 uictoriae.

186 2311 303 2368 Bataui
326 2309 458 2384 praeda,
488 2320 604 2382 quanta
637 2324 690 2364 non
721 2309 799 2366 alias
825 2319 938 2382 parta,
970 2311 1114 2377 contenti,
1134 2309 1216 2363 uitae
1237 2301 1361 2362 hostium

185 2409 380 2492 (septingenti
397 2410 605 2486 formarunt
626 2416 713 2470 omnis
734 2429 817 2469 sexus
827 2423 918 2484 atque
927 2409 1058 2490 aetatis)
1066 2423 1240 2486 pepercere,
1259 2425 1361 2482 quam·

187 2536 277 2592 quam
296 2522 428 2576 recentia
450 2517 544 2574 multa
562 2517 724 2574 exstabant
746 2514 937 2574 Lusitanicae
957 2514 1142 2573 crudelitatis
1163 2513 1304 2588 exempla.
1320 2543 1362 2554 -

186 2623 304 2680 Parcae
324 2640 361 2679 ex
382 2619 509 2680 hostibus
524 2621 649 2696 publicis
670 2633 731 2695 opes
752 2637 889 2694 magnum
910 2619 1061 2678 Lusitanis
1082 2630 1111 2677 et
1131 2622 1197 2693 regi
1208 2617 1360 2684 damnum,

187 2727 313 2784 Batauis
341 2736 372 2783 et
397 2729 544 2801 priuatim
564 2736 594 2783 et
614 2727 645 2782 in
666 2741 809 2782 commune
830 2743 893 2781 eum
914 2722 1001 2782 laude
1021 2720 1163 2781 commoda
1181 2719 1361 2797 afferebant.

188 2831 314 2907 Reperti
332 2841 432 2888 tamen
453 2833 484 2886 iu
508 2840 596 2903 gente
617 2846 671 2885 non
692 2833 784 2887 minus
805 2829 930 2903 sinplice
951 2845 1038 2899 quam
1058 2838 1196 2900 quaestus
1216 2824 1361 2894 studiosa,

149 2963 151 2970 ·
187 2939 239 3009 qui
264 2946 384 3010 partem
413 2935 593 3003 abnuerint,
631 2934 725 2990 ueluti
760 2936 853 2990 miuus
881 2930 995 2988 deceret
1026 2940 1206 2987 mercatores·
1230 2929 1362 2986 militare

187 3041 300 3098 lucrum
321 3050 369 3108 et,
388 3049 423 3096 ut
441 3034 539 3111 ferme
559 3037 684 3106 accidit,
706 3038 804 3094 multis
824 3035 1040 3093 immerentibus
1060 3044 1190 3108 raptum.
1218 3031 1360 3090 Mouebat

187 3154 320 3201 etratus
341 3159 403 3199 eum
425 3140 577 3199 Lusitanis
597 3144 749 3210 amicitia,
770 3143 888 3216 coepisse
908 3138 1022 3197 eredita
1043 3149 1150 3212 quarta
1171 3147 1242 3194 ante
1256 3137 1359 3208 seculo,

188 3265 251 3305 cum
276 3245 468 3322 Ulyssiponem
487 3245 597 3320 Belgae
616 3258 837 3320 expugnavere,
857 3255 912 3303 ete.

228 3455 368 3514 Fruinius
396 3471 456 3528 quo
482 3453 571 3527 magis
597 3469 672 3523 rem,
701 3470 775 3527 quae
805 3452 893 3511 hodie
913 3453 944 3511 in
965 3451 1144 3510 oblivionem
1165 3449 1256 3519 abiit,
1276 3446 1360 3506 nobis

187 3571 366 3635 exponeret,
388 3560 464 3618 Acta
478 3559 630 3616 Societatis
651 3555 767 3615 Indicae
782 3569 812 3615 et
824 3555 968 3615 OrdInum
980 3555 1204 3614 Foederatorum
1216 3553 1361 3628 inspexit,

188 3664 316 3739 indeque
336 3666 427 3723 multa
444 3664 591 3736 extraxit,
609 3679 682 3735 quae
699 3661 734 3720 ad
752 3663 862 3736 patriae
879 3663 1027 3720 historiam
1046 3661 1167 3719 facIunt.
1187 3655 1236 3716 Ad
1254 3655 1360 3713 librum

188 3769 223 3828 de
251 3770 315 3843 jure
345 3767 465 3842 praedae
486 3767 559 3825 bene
580 3765 802 3840 intelligendum
822 3767 917 3840 magni
939 3767 1077 3823 momenti
1098 3775 1158 3834 est,
1177 3761 1256 3837 quod
1277 3761 1360 3819 nobis

187 3872 340 3948 persuadet
363 3873 516 3939 liminius,
539 3871 712 3929 Societatem
735 3870 863 3928 Indicam
884 3871 970 3928 initio
992 3870 1064 3927 nihil
1087 3880 1199 3943 praeter
1220 3868 1361 3941 navIgati-

187 3995 272 4036 onem
301 3989 331 4035 et
358 3977 529 4034 commercia
558 3976 715 4049 cogitasse,
753 3973 879 4033 eamdem
908 3990 979 4033 vero
1006 3975 1213 4033 Lusitanorum
1245 3971 1360 4046 iniuriis

187 4095 217 4141 et
238 4080 349 4140 damnis
370 4082 457 4139 illatis
478 4090 624 4150 coactam,
647 4078 792 4138 Ordinum
801 4078 1028 4138 Foederatorum
1046 4095 1203 4148 consensu,
1221 4079 1359 4136 moxvim

188 4187 218 4244 vi
240 4185 442 4254 arcere,bella
463 4185 570 4242 inferre
591 4196 620 4242 et
640 4182 757 4258 praedas
778 4200 861 4257 agere
882 4185 1019 4258 coepisse.
1041 4184 1177 4242 Fruinius
1197 4199 1272 4241 nova
1290 4183 1359 4240 haec

187 4290 323 4349 instituta
351 4305 410 4347 non
436 4289 570 4346 omnibus
600 4286 718 4346 Indicae
749 4289 900 4346 Societatis
928 4287 1113 4346 consortibus
1139 4288 1279 4362 placuisse
1310 4285 1358 4344 de·

188 4405 351 4464 monstrat,
369 4395 426 4452 imo
444 4395 551 4452 multos
575 4409 608 4451 ea
635 4392 821 4452 vehementer
845 4393 1035 4467 improbasse,
1057 4393 1086 4451 in
1108 4390 1214 4466 quibus
1235 4392 1357 4466 primum
