3362 5504
496 600 542 644 ns
566 600 659 664 Juuu
686 600 1061 647 tumultuosum.
1171 660 1174 666 ,
1301 597 1360 666 331

192 773 292 825 naves
311 774 385 819 curn
405 753 481 819 dico
505 752 596 835 quasi
619 773 730 836 arces,
755 752 820 820 into
844 754 967 838 oppida
988 754 1171 836 etquidem
1191 756 1362 823 hominum

190 868 265 948 plus
286 865 590 950 septingentorum,
612 865 751 951 intelligi
783 887 841 949 par
872 880 945 949 est,
978 867 1011 934 in
1044 887 1158 932 manus
1190 883 1362 934 venerunt.

190 978 267 1044 Una
286 977 327 1042 ad
346 977 489 1042 Helenae
502 975 640 1042 insulam
652 997 670 1042 a
680 978 838 1044 Cornelio
851 978 1034 1044 Sebastiani
1047 994 1196 1061 superata
1210 979 1363 1044 Zelandis

190 1087 338 1154 obvenit.
384 1088 498 1153 Altera
522 1103 572 1153 est
594 1087 664 1171 ipsa
686 1109 784 1171 quarn
817 1090 1071 1156 Hemskercltius
1102 1088 1248 1155 adduxit.
1290 1089 1362 1173 Jam

190 1200 286 1265 tertia
309 1199 349 1264 ad
371 1201 581 1266 Macaiintenr
606 1201 785 1268 anavibus
808 1200 1041 1268 Wtrwicianis
1069 1201 1155 1266 victa
1175 1216 1207 1266 et
1225 1201 1363 1284 spoliata

190 1327 248 1378 est.
271 1311 359 1376 Illud
377 1331 456 1377 vero
476 1312 581 1376 multo
602 1301 697 1377 etiam
718 1311 903 1393 illustrius,
928 1312 1020 1395 quod
1039 1327 1108 1379 tota
1127 1312 1238 1378 classis
1257 1311 1362 1390 victa,

185 1423 264 1507 Jora
287 1423 445 1502 liberata,
469 1442 526 1487 tex
549 1422 766 1490 amicissimus
788 1423 917 1490 obsidio
940 1439 1087 1490 exemtus
1109 1439 1170 1491 est.
1217 1425 1363 1530 Nant0ex

190 1536 295 1601 classe
315 1534 424 1599 eadent
443 1533 665 1599 Warwiciana
683 1554 780 1600 naves
799 1536 880 1601 duas
900 1555 973 1608 curn
992 1537 1100 1600 celoce
1114 1535 1259 1619 Jacobus
1275 1534 1362 1600 Petri

190 1645 342 1711 Patananr
364 1645 545 1724 devehens,
565 1643 695 1729 reginae
717 1645 784 1712 illic
796 1645 1049 1728 propensissime
1061 1646 1094 1710 in
1105 1646 1245 1712 Batavos
1253 1645 1363 1711 studia

190 1757 397 1836 nutrituras,
422 1756 455 1823 in
484 1757 556 1839 ipso
581 1756 696 1822 itinere
722 1755 869 1841 Jorensis
893 1757 984 1842 regni
1014 1777 1137 1823 amnem
1158 1777 1175 1822 a
1194 1756 1363 1824 Lusitanis

188 1869 290 1935 teneri
311 1869 425 1949 videt,
444 1867 502 1950 qui
523 1888 635 1934 secum
657 1868 814 1934 habentes
835 1871 985 1952 galeones
1008 1869 1113 1949 duas,
1130 1867 1236 1935 iustas
1253 1884 1361 1934 autem

190 1979 335 2062 aliusque
364 1998 464 2046 naves
493 1981 606 2064 longas
637 1999 735 2062 supra
762 1980 880 2065 viginti
910 1981 1084 2063 quinque,
1109 1981 1217 2048 omnia
1237 1981 1362 2065 ingenti

189 2107 312 2157 terrore
347 2091 573 2174 impleverant.
620 2091 678 2156 Ille
710 2091 766 2174 qui
790 2112 831 2156 ne
850 2091 1011 2176 integrum
1036 2091 1168 2174 quidem
1190 2092 1253 2158 sibi
1277 2093 1361 2158 exis-

187 2203 324 2269 timabat
356 2203 482 2269 sociurn
513 2202 698 2285 Principem
729 2203 763 2267 in
792 2223 830 2269 eo
853 2203 1001 2286 periculo
1026 2203 1196 2283 deserere,
1220 2205 1363 2271 conserit

189 2335 355 2400 pugnam,
381 2334 465 2396 quae
488 2315 655 2380 adserunt
686 2333 792 2395 usque
817 2313 900 2379 dietn
927 2315 1144 2398 producitur,
1168 2316 1272 2382 donee
1293 2315 1362 2384 fusi

189 2429 301 2493 hostes
333 2428 434 2490 altum
465 2425 598 2507 petiere.
645 2425 812 2513 Quatunt
842 2426 1017 2510 gratiarum
1048 2427 1176 2492 actione
1206 2447 1262 2492 rex
1291 2427 1361 2511 ipse

188 2541 296 2604 corant
321 2536 473 2603 victrices
495 2536 528 2600 in
559 2556 659 2602 naves
680 2536 859 2604 adveniens
891 2537 1056 2603 sociorum
1089 2537 1185 2604 fidem
1213 2540 1279 2623 jain
1302 2540 1362 2605 ite·

187 2671 259 2716 rutn
291 2665 444 2733 expertus
478 2648 654 2729 extulerit,
688 2650 822 2732 longum
855 2650 899 2715 sit
921 2649 1038 2715 dicere.
1084 2650 1138 2715 Ne
1157 2649 1203 2714 sic
1227 2651 1359 2742 qui-dent

188 2762 288 2844 satis,
324 2762 381 2828 sed
411 2761 527 2827 iterunr
556 2759 724 2842 quaesitus
750 2760 855 2825 hostis
885 2774 917 2825 et
944 2762 1079 2844 longum
1102 2776 1178 2844 post
1201 2776 1361 2828 certamen

188 2875 361 2959 galeottum
395 2887 534 2955 utraque
568 2885 746 2955 corrupta,
781 2870 826 2937 ita
848 2871 979 2953 quidem
1003 2887 1041 2938 ut
1059 2873 1116 2938 vix
1137 2872 1288 2940 Lusitani
1312 2894 1361 2939 re-

188 2985 290 3070 migio
323 2982 508 3068 effugerint.
554 2983 625 3048 Tot
656 2983 756 3068 igitur
786 2999 916 3065 tamque
940 2985 1120 3066 praeclarae
1142 2984 1299 3050 victoriae
1320 2987 1361 3052 de

188 3095 356 3163 Lusitanis
388 3096 616 3179 contigerunt:
641 3110 672 3159 et
696 3110 772 3160 sunt
796 3093 853 3176 qui
878 3094 984 3160 adhuc
1006 3113 1062 3160 eos
1083 3095 1277 3162 metuendos
1298 3118 1361 3180 pu·

187 3209 282 3274 tent?
296 3209 366 3274 Into
389 3227 512 3291 perge,
536 3227 656 3291 perge,
671 3225 749 3290 gens
767 3205 897 3272 nautica
918 3221 949 3272 et
971 3205 1056 3272 illud
1076 3226 1115 3272 ex
1138 3209 1272 3274 oraculo
1293 3228 1360 3275 non

188 3321 343 3406 Augusto
363 3318 441 3385 olim
464 3319 504 3383 acl
525 3319 661 3384 Actium
685 3323 718 3399 ¹,
741 3317 799 3384 sed
820 3317 881 3384 tibi
901 3318 1024 3384 dictum
1046 3333 1144 3401 puta:

276 3433 349 3497 Nec
372 3446 405 3496 tr
427 3430 515 3517 quad
535 3430 651 3494 classis
674 3433 819 3495 centenis
843 3434 988 3516 remigat
1012 3430 1078 3494 alis

320 3543 485 3608 Terreat:
508 3545 614 3609 invito
639 3541 772 3606 labitur
794 3541 858 3605 illa
882 3545 996 3606 mari:

279 3651 435 3740 Quodque
457 3655 580 3722 uehunt
598 3667 726 3738 prorae
748 3657 947 3718 centaurica
971 3673 1058 3718 sarta
1081 3657 1271 3735 minantes,

319 3764 428 3851 Tigna
452 3785 537 3832 caua
560 3778 591 3828 et
609 3767 717 3849 pictos
740 3767 913 3848 experiere
936 3778 1052 3831 metus.

277 3876 426 3963 Frangit
450 3890 481 3941 et
505 3875 636 3940 attollit
659 3878 748 3943 uires
771 3878 807 3938 ia
832 3875 940 3940 milite
962 3897 1087 3956 causa,

323 3984 416 4070 Quae
438 3990 504 4052 aisi
516 3989 617 4072 justa
640 3987 771 4066 subest,
796 3991 926 4052 excutit
950 4008 1049 4052 arma
1068 3987 1194 4074 pudor.

231 4099 334 4185 Quod
355 4099 507 4165 ultimum
526 4096 675 4181 profecto
697 4117 810 4163 verum
833 4112 882 4164 est
905 4113 937 4162 et
959 4099 1024 4163 huc
1048 4099 1187 4164 maxime
1208 4100 1359 4182 pertinet.

188 4210 259 4276 Scit
277 4225 375 4276 nauta
388 4211 530 4276 Batavus
542 4229 687 4294 pugnare
706 4230 741 4276 se
753 4231 813 4293 pro
832 4210 978 4294 gentiunt
1001 4211 1098 4294 jure,
1116 4211 1228 4277 hostes
1247 4227 1358 4280 contra

222 4459 230 4490 ¹
249 4460 325 4519 Prop.
342 4459 386 4528 lib.
404 4473 428 4519 4.
447 4461 509 4519 eleg.
528 4459 551 4507 6.
570 4456 621 4521 [vs.
640 4471 681 4519 47.
699 4459 783 4520 seqq.]
