<?xml version="1.0" encoding="UTF-8"?>
<!DOCTYPE html PUBLIC "-//W3C//DTD XHTML 1.0 Transitional//EN"
    "http://www.w3.org/TR/xhtml1/DTD/xhtml1-transitional.dtd">
<html xmlns="http://www.w3.org/1999/xhtml" xml:lang="en" lang="en">
 <head>
  <title>
</title>
<meta http-equiv="Content-Type" content="text/html;charset=utf-8" />
  <meta name='ocr-system' content='tesseract 3.04.00' />
  <meta name='ocr-capabilities' content='ocr_page ocr_carea ocr_par ocr_line ocrx_word'/>
</head>
<body>
  <div class='ocr_page' id='page_1' title='image "./ledroitdeprised01hamagoog_0101.png"; bbox 0 0 3316 5494; ppageno 0'>
   <div class='ocr_carea' id='block_1_1' title="bbox 462 613 1325 694">
    <p class='ocr_par' dir='ltr' id='par_1_1' title="bbox 462 613 1325 694">
     <span class='ocr_line' id='line_1_1' title="bbox 462 613 1325 694; baseline 0.013 -32"><span class='ocrx_word' id='word_1_1' title='bbox 462 613 508 663; x_wconf 85' lang='lat' dir='ltr'>nn</span> <span class='ocrx_word' id='word_1_2' title='bbox 532 615 626 683; x_wconf 81' lang='lat' dir='ltr'>Jmtr.</span> <span class='ocrx_word' id='word_1_3' title='bbox 653 615 1029 670; x_wconf 79' lang='lat' dir='ltr'>rnnrnnn.cnn.v11.</span> <span class='ocrx_word' id='word_1_4' title='bbox 1283 623 1325 694; x_wconf 87' lang='lat'>79</span> 
     </span>
    </p>
   </div>
   <div class='ocr_carea' id='block_1_2' title="bbox 147 765 1327 3862">
    <p class='ocr_par' dir='ltr' id='par_1_2' title="bbox 147 765 1327 3862">
     <span class='ocr_line' id='line_1_2' title="bbox 152 765 1326 862; baseline 0.01 -29"><span class='ocrx_word' id='word_1_5' title='bbox 152 765 335 835; x_wconf 88' lang='lat' dir='ltr'>secundum</span> <span class='ocrx_word' id='word_1_6' title='bbox 355 781 499 837; x_wconf 89' lang='lat' dir='ltr'>naturam</span> <span class='ocrx_word' id='word_1_7' title='bbox 523 771 635 841; x_wconf 85' lang='lat' dir='ltr'>haberi</span> <span class='ocrx_word' id='word_1_8' title='bbox 651 787 822 857; x_wconf 84' lang='lat' dir='ltr'>poterant,</span> <span class='ocrx_word' id='word_1_9' title='bbox 845 789 883 843; x_wconf 95' lang='lat' dir='ltr'>ut</span> <span class='ocrx_word' id='word_1_10' title='bbox 903 775 1055 844; x_wconf 89' lang='lat' dir='ltr'>nimirum</span> <span class='ocrx_word' id='word_1_11' title='bbox 1079 797 1119 844; x_wconf 88' lang='lat' dir='ltr'>ex</span> <span class='ocrx_word' id='word_1_12' title='bbox 1142 777 1218 860; x_wconf 89' lang='lat' dir='ltr'>his,</span> <span class='ocrx_word' id='word_1_13' title='bbox 1242 799 1326 862; x_wconf 89' lang='lat' dir='ltr'>quae</span> 
     </span>
     <span class='ocr_line' id='line_1_3' title="bbox 150 881 1326 973; baseline 0.011 -28"><span class='ocrx_word' id='word_1_14' title='bbox 150 881 348 965; x_wconf 88' lang='lat' dir='ltr'>plerumque</span> <span class='ocrx_word' id='word_1_15' title='bbox 364 881 517 950; x_wconf 88' lang='lat' dir='ltr'>accidunt</span> <span class='ocrx_word' id='word_1_16' title='bbox 529 883 646 951; x_wconf 86' lang='lat' dir='ltr'>similia</span> <span class='ocrx_word' id='word_1_17' title='bbox 659 885 931 955; x_wconf 85' lang='lat' dir='ltr'>concluderentur</span> <span class='ocrx_word' id='word_1_18' title='bbox 943 889 953 929; x_wconf 92' lang='lat'><strong>¹</strong></span> <span class='ocrx_word' id='word_1_19' title='bbox 965 911 974 969; x_wconf 81' lang='lat'><em>3</em></span> <span class='ocrx_word' id='word_1_20' title='bbox 987 888 1073 956; x_wconf 93' lang='lat' dir='ltr'>unde</span> <span class='ocrx_word' id='word_1_21' title='bbox 1086 887 1163 955; x_wconf 89' lang='lat' dir='ltr'>facti</span> <span class='ocrx_word' id='word_1_22' title='bbox 1175 890 1326 973; x_wconf 87' lang='lat' dir='ltr'>quaestio</span> 
     </span>
     <span class='ocr_line' id='line_1_4' title="bbox 151 991 1327 1085; baseline 0.01 -29"><span class='ocrx_word' id='word_1_23' title='bbox 151 991 385 1078; x_wconf 85' lang='lat' dir='ltr'>conjecturalis</span> <span class='ocrx_word' id='word_1_24' title='bbox 407 993 538 1064; x_wconf 88' lang='lat' dir='ltr'>dicitur.</span> <span class='ocrx_word' id='word_1_25' title='bbox 584 997 671 1062; x_wconf 87' lang='lat' dir='ltr'>Nam</span> <span class='ocrx_word' id='word_1_26' title='bbox 694 997 949 1080; x_wconf 88' lang='lat' dir='ltr'>probationum,</span> <span class='ocrx_word' id='word_1_27' title='bbox 974 1019 1056 1083; x_wconf 89' lang='lat' dir='ltr'>quas</span> <span class='ocrx_word' id='word_1_28' title='bbox 1075 998 1108 1066; x_wconf 90' lang='lat' dir='ltr'>in</span> <span class='ocrx_word' id='word_1_29' title='bbox 1125 999 1259 1085; x_wconf 89' lang='lat' dir='ltr'>judiciis</span> <span class='ocrx_word' id='word_1_30' title='bbox 1277 1021 1327 1068; x_wconf 88' lang='lat' dir='ltr'>re-</span> 
     </span>
     <span class='ocr_line' id='line_1_5' title="bbox 151 1102 1326 1187; baseline 0.009 -19"><span class='ocrx_word' id='word_1_31' title='bbox 151 1102 318 1187; x_wconf 88' lang='lat' dir='ltr'>cipimus,</span> <span class='ocrx_word' id='word_1_32' title='bbox 349 1107 459 1172; x_wconf 89' lang='lat' dir='ltr'>nullae</span> <span class='ocrx_word' id='word_1_33' title='bbox 486 1106 667 1175; x_wconf 88' lang='lat' dir='ltr'>necessario</span> <span class='ocrx_word' id='word_1_34' title='bbox 698 1108 940 1176; x_wconf 85' lang='lat' dir='ltr'>demonstrant:</span> <span class='ocrx_word' id='word_1_35' title='bbox 972 1111 1030 1178; x_wconf 90' lang='lat' dir='ltr'>sed</span> <span class='ocrx_word' id='word_1_36' title='bbox 1057 1130 1170 1178; x_wconf 89' lang='lat' dir='ltr'>omnes</span> <span class='ocrx_word' id='word_1_37' title='bbox 1191 1111 1326 1180; x_wconf 88' lang='lat' dir='ltr'>existis</span> 
     </span>
     <span class='ocr_line' id='line_1_6' title="bbox 151 1213 1326 1308; baseline 0.007 -28"><span class='ocrx_word' id='word_1_38' title='bbox 151 1213 453 1299; x_wconf 86' lang='lat' dir='ltr'>praesumtionibus</span> <span class='ocrx_word' id='word_1_39' title='bbox 471 1223 508 1294; x_wconf 73' lang='lat' dir='ltr'>cir</span> <span class='ocrx_word' id='word_1_40' title='bbox 531 1221 579 1287; x_wconf 79' lang='grc' dir='ltr'>ἐπὶ</span> <span class='ocrx_word' id='word_1_41' title='bbox 599 1223 633 1288; x_wconf 81' lang='grc' dir='ltr'>τὸ</span> <span class='ocrx_word' id='word_1_42' title='bbox 653 1223 745 1295; x_wconf 72' lang='grc' dir='ltr'><em>πολύ,</em></span> <span class='ocrx_word' id='word_1_43' title='bbox 769 1238 810 1284; x_wconf 79' lang='lat' dir='ltr'>ex</span> <span class='ocrx_word' id='word_1_44' title='bbox 831 1241 865 1285; x_wconf 78' lang='lat' dir='ltr'>eo</span> <span class='ocrx_word' id='word_1_45' title='bbox 885 1219 974 1306; x_wconf 77' lang='lat' dir='ltr'>quod</span> <span class='ocrx_word' id='word_1_46' title='bbox 983 1221 1181 1308; x_wconf 77' lang='lat' dir='ltr'>plerumque</span> <span class='ocrx_word' id='word_1_47' title='bbox 1200 1226 1326 1305; x_wconf 70' lang='lat' dir='ltr'>menie,</span> 
     </span>
     <span class='ocr_line' id='line_1_7' title="bbox 152 1325 1325 1415; baseline 0.007 -23"><span class='ocrx_word' id='word_1_48' title='bbox 152 1326 312 1412; x_wconf 87' lang='lat' dir='ltr'>originem</span> <span class='ocrx_word' id='word_1_49' title='bbox 344 1343 478 1396; x_wconf 89' lang='lat' dir='ltr'>sumunt</span> <span class='ocrx_word' id='word_1_50' title='bbox 499 1325 525 1394; x_wconf 87' lang='lat'>¹.</span> <span class='ocrx_word' id='word_1_51' title='bbox 570 1327 770 1413; x_wconf 89' lang='lat' dir='ltr'>Principium</span> <span class='ocrx_word' id='word_1_52' title='bbox 802 1345 909 1397; x_wconf 86' lang='lat' dir='ltr'>tutem</span> <span class='ocrx_word' id='word_1_53' title='bbox 936 1332 1215 1415; x_wconf 88' lang='lat' dir='ltr'>praesumtionum</span> <span class='ocrx_word' id='word_1_54' title='bbox 1248 1332 1325 1400; x_wconf 89' lang='lat' dir='ltr'>facti</span> 
     </span>
     <span class='ocr_line' id='line_1_8' title="bbox 152 1438 1326 1526; baseline 0.008 -22"><span class='ocrx_word' id='word_1_55' title='bbox 152 1439 218 1505; x_wconf 92' lang='lat' dir='ltr'>hoc</span> <span class='ocrx_word' id='word_1_56' title='bbox 244 1438 376 1506; x_wconf 91' lang='lat' dir='ltr'>videtur</span> <span class='ocrx_word' id='word_1_57' title='bbox 404 1459 495 1521; x_wconf 90' lang='lat' dir='ltr'>esse,</span> <span class='ocrx_word' id='word_1_58' title='bbox 528 1439 619 1523; x_wconf 91' lang='lat' dir='ltr'>quod</span> <span class='ocrx_word' id='word_1_59' title='bbox 648 1439 838 1508; x_wconf 86' lang='lat' dir='ltr'>affectiones</span> <span class='ocrx_word' id='word_1_60' title='bbox 864 1441 962 1523; x_wconf 85' lang='lat' dir='ltr'>illas,</span> <span class='ocrx_word' id='word_1_61' title='bbox 986 1463 1070 1526; x_wconf 88' lang='lat' dir='ltr'>quae</span> <span class='ocrx_word' id='word_1_62' title='bbox 1090 1443 1228 1512; x_wconf 85' lang='lat' dir='ltr'>maxime</span> <span class='ocrx_word' id='word_1_63' title='bbox 1249 1460 1326 1513; x_wconf 89' lang='lat' dir='ltr'>sunt</span> 
     </span>
     <span class='ocr_line' id='line_1_9' title="bbox 153 1552 1326 1640; baseline 0.007 -26"><span class='ocrx_word' id='word_1_64' title='bbox 153 1553 339 1632; x_wconf 84' lang='lat' dir='ltr'>naturales,</span> <span class='ocrx_word' id='word_1_65' title='bbox 370 1566 408 1618; x_wconf 93' lang='lat' dir='ltr'>ut</span> <span class='ocrx_word' id='word_1_66' title='bbox 426 1571 540 1618; x_wconf 92' lang='lat' dir='ltr'>verum</span> <span class='ocrx_word' id='word_1_67' title='bbox 560 1565 592 1616; x_wconf 92' lang='lat' dir='ltr'>et</span> <span class='ocrx_word' id='word_1_68' title='bbox 609 1552 765 1640; x_wconf 84' lang='lat' dir='ltr'>bonum,</span> <span class='ocrx_word' id='word_1_69' title='bbox 779 1565 850 1617; x_wconf 86' lang='lat' dir='ltr'>tum</span> <span class='ocrx_word' id='word_1_70' title='bbox 871 1567 1013 1620; x_wconf 82' lang='lat' dir='ltr'>caeteras</span> <span class='ocrx_word' id='word_1_71' title='bbox 1035 1573 1119 1636; x_wconf 85' lang='lat' dir='ltr'>quae</span> <span class='ocrx_word' id='word_1_72' title='bbox 1141 1554 1218 1622; x_wconf 91' lang='lat' dir='ltr'>hinc</span> <span class='ocrx_word' id='word_1_73' title='bbox 1241 1556 1326 1622; x_wconf 90' lang='lat' dir='ltr'>deri·</span> 
     </span>
     <span class='ocr_line' id='line_1_10' title="bbox 151 1661 1326 1746; baseline 0.003 -18"><span class='ocrx_word' id='word_1_74' title='bbox 151 1678 296 1745; x_wconf 89' lang='lat' dir='ltr'>vantur,</span> <span class='ocrx_word' id='word_1_75' title='bbox 319 1665 417 1731; x_wconf 91' lang='lat' dir='ltr'>rebus</span> <span class='ocrx_word' id='word_1_76' title='bbox 436 1661 565 1730; x_wconf 86' lang='lat' dir='ltr'>cunctis</span> <span class='ocrx_word' id='word_1_77' title='bbox 586 1661 691 1729; x_wconf 88' lang='lat' dir='ltr'>inesse</span> <span class='ocrx_word' id='word_1_78' title='bbox 714 1662 956 1746; x_wconf 87' lang='lat' dir='ltr'>quodammodo</span> <span class='ocrx_word' id='word_1_79' title='bbox 978 1664 1147 1733; x_wconf 90' lang='lat' dir='ltr'>sumimus.</span> <span class='ocrx_word' id='word_1_80' title='bbox 1193 1666 1268 1732; x_wconf 91' lang='lat' dir='ltr'>Hoc</span> <span class='ocrx_word' id='word_1_81' title='bbox 1287 1687 1326 1732; x_wconf 91' lang='lat' dir='ltr'>ex</span> 
     </span>
     <span class='ocr_line' id='line_1_11' title="bbox 152 1772 1324 1858; baseline 0.003 -17"><span class='ocrx_word' id='word_1_82' title='bbox 152 1773 248 1842; x_wconf 88' lang='lat' dir='ltr'>fonte</span> <span class='ocrx_word' id='word_1_83' title='bbox 266 1790 343 1842; x_wconf 90' lang='lat' dir='ltr'>sunt</span> <span class='ocrx_word' id='word_1_84' title='bbox 365 1774 490 1842; x_wconf 91' lang='lat' dir='ltr'>sobolis</span> <span class='ocrx_word' id='word_1_85' title='bbox 501 1773 687 1855; x_wconf 90' lang='lat' dir='ltr'>certitudo,</span> <span class='ocrx_word' id='word_1_86' title='bbox 710 1772 928 1857; x_wconf 89' lang='lat' dir='ltr'>possessionis</span> <span class='ocrx_word' id='word_1_87' title='bbox 940 1773 1170 1858; x_wconf 87' lang='lat' dir='ltr'>commodum,</span> <span class='ocrx_word' id='word_1_88' title='bbox 1191 1776 1324 1844; x_wconf 86' lang='lat' dir='ltr'>testium</span> 
     </span>
     <span class='ocr_line' id='line_1_12' title="bbox 153 1884 1324 1970; baseline 0.003 -18"><span class='ocrx_word' id='word_1_89' title='bbox 153 1901 187 1952; x_wconf 90' lang='lat' dir='ltr'>et</span> <span class='ocrx_word' id='word_1_90' title='bbox 205 1885 493 1954; x_wconf 87' lang='lat' dir='ltr'>instrumentorum</span> <span class='ocrx_word' id='word_1_91' title='bbox 516 1885 619 1966; x_wconf 92' lang='lat' dir='ltr'>fides,</span> <span class='ocrx_word' id='word_1_92' title='bbox 645 1884 858 1970; x_wconf 77' lang='lat' dir='ltr'>iurisjurandi</span> <span class='ocrx_word' id='word_1_93' title='bbox 876 1886 1063 1954; x_wconf 87' lang='lat' dir='ltr'>auctoritas.</span> <span class='ocrx_word' id='word_1_94' title='bbox 1109 1888 1195 1954; x_wconf 89' lang='lat' dir='ltr'>Cum</span> <span class='ocrx_word' id='word_1_95' title='bbox 1217 1903 1324 1956; x_wconf 85' lang='lat' dir='ltr'>autem</span> 
     </span>
     <span class='ocr_line' id='line_1_13' title="bbox 152 1989 1323 2084; baseline 0.003 -20"><span class='ocrx_word' id='word_1_96' title='bbox 152 1997 194 2064; x_wconf 90' lang='lat' dir='ltr'>de</span> <span class='ocrx_word' id='word_1_97' title='bbox 231 1997 369 2084; x_wconf 87' lang='lat' dir='ltr'>singulis</span> <span class='ocrx_word' id='word_1_98' title='bbox 408 1989 491 2064; x_wconf 83' lang='lat' dir='ltr'>bene</span> <span class='ocrx_word' id='word_1_99' title='bbox 521 1995 646 2080; x_wconf 89' lang='lat' dir='ltr'>opinari</span> <span class='ocrx_word' id='word_1_100' title='bbox 674 1994 816 2062; x_wconf 91' lang='lat' dir='ltr'>caritatis</span> <span class='ocrx_word' id='word_1_101' title='bbox 846 2000 958 2082; x_wconf 92' lang='lat' dir='ltr'>regula</span> <span class='ocrx_word' id='word_1_102' title='bbox 986 1997 1165 2082; x_wconf 90' lang='lat' dir='ltr'>praecipiat</span> <span class='ocrx_word' id='word_1_103' title='bbox 1184 1999 1220 2080; x_wconf 83' lang='lat'>⁸,</span> <span class='ocrx_word' id='word_1_104' title='bbox 1254 2014 1323 2067; x_wconf 92' lang='lat' dir='ltr'>tum</span> 
     </span>
     <span class='ocr_line' id='line_1_14' title="bbox 152 2095 1324 2194; baseline 0.002 -20"><span class='ocrx_word' id='word_1_105' title='bbox 152 2109 291 2176; x_wconf 88' lang='lat' dir='ltr'>maxime</span> <span class='ocrx_word' id='word_1_106' title='bbox 302 2095 371 2176; x_wconf 74' lang='lat' dir='ltr'>&#39;nos</span> <span class='ocrx_word' id='word_1_107' title='bbox 391 2109 473 2177; x_wconf 89' lang='lat' dir='ltr'>ratio</span> <span class='ocrx_word' id='word_1_108' title='bbox 495 2123 528 2175; x_wconf 89' lang='lat' dir='ltr'>et</span> <span class='ocrx_word' id='word_1_109' title='bbox 544 2107 673 2177; x_wconf 88' lang='lat' dir='ltr'>divinae</span> <span class='ocrx_word' id='word_1_110' title='bbox 696 2107 806 2174; x_wconf 85' lang='lat' dir='ltr'>literae</span> <span class='ocrx_word' id='word_1_111' title='bbox 824 2109 836 2143; x_wconf 92' lang='lat'><strong>⁴</strong></span> <span class='ocrx_word' id='word_1_112' title='bbox 855 2122 967 2175; x_wconf 87' lang='lat' dir='ltr'>vetant</span> <span class='ocrx_word' id='word_1_113' title='bbox 986 2108 1231 2194; x_wconf 86' lang='lat' dir='ltr'>magistratuum</span> <span class='ocrx_word' id='word_1_114' title='bbox 1254 2129 1324 2178; x_wconf 86' lang='lat' dir='ltr'>esse</span> 
     </span>
     <span class='ocr_line' id='line_1_15' title="bbox 147 2217 1323 2303; baseline 0.002 -17"><span class='ocrx_word' id='word_1_115' title='bbox 147 2220 361 2288; x_wconf 88' lang='lat' dir='ltr'>detractores.</span> <span class='ocrx_word' id='word_1_116' title='bbox 383 2217 510 2288; x_wconf 84' lang='lat' dir='ltr'>Muniti</span> <span class='ocrx_word' id='word_1_117' title='bbox 533 2220 619 2287; x_wconf 87' lang='lat' dir='ltr'>eninr</span> <span class='ocrx_word' id='word_1_118' title='bbox 641 2234 719 2287; x_wconf 90' lang='lat' dir='ltr'>sunt</span> <span class='ocrx_word' id='word_1_119' title='bbox 738 2217 885 2284; x_wconf 89' lang='lat' dir='ltr'>maximis</span> <span class='ocrx_word' id='word_1_120' title='bbox 904 2219 1225 2303; x_wconf 83' lang='lat' dir='ltr'>praesumtionibus,</span> <span class='ocrx_word' id='word_1_121' title='bbox 1249 2239 1323 2290; x_wconf 88' lang='lat' dir='ltr'>cum</span> 
     </span>
     <span class='ocr_line' id='line_1_16' title="bbox 152 2321 1325 2418; baseline 0.002 -22"><span class='ocrx_word' id='word_1_122' title='bbox 152 2321 198 2398; x_wconf 87' lang='lat' dir='ltr'>ob</span> <span class='ocrx_word' id='word_1_123' title='bbox 218 2334 458 2418; x_wconf 74' lang='lat' dir='ltr'>iuramentum,</span> <span class='ocrx_word' id='word_1_124' title='bbox 489 2332 581 2415; x_wconf 91' lang='lat' dir='ltr'>quod</span> <span class='ocrx_word' id='word_1_125' title='bbox 606 2329 673 2398; x_wconf 90' lang='lat' dir='ltr'>fere</span> <span class='ocrx_word' id='word_1_126' title='bbox 698 2332 806 2398; x_wconf 90' lang='lat' dir='ltr'>solent</span> <span class='ocrx_word' id='word_1_127' title='bbox 825 2345 1008 2414; x_wconf 86' lang='lat' dir='ltr'>praestare,</span> <span class='ocrx_word' id='word_1_128' title='bbox 1032 2345 1103 2398; x_wconf 93' lang='lat' dir='ltr'>tum</span> <span class='ocrx_word' id='word_1_129' title='bbox 1125 2333 1169 2398; x_wconf 91' lang='lat' dir='ltr'>ob</span> <span class='ocrx_word' id='word_1_130' title='bbox 1188 2351 1325 2402; x_wconf 88' lang='lat' dir='ltr'>consen·</span> 
     </span>
     <span class='ocr_line' id='line_1_17' title="bbox 152 2438 1324 2528; baseline 0.003 -20"><span class='ocrx_word' id='word_1_131' title='bbox 152 2461 226 2508; x_wconf 92' lang='lat' dir='ltr'>sum</span> <span class='ocrx_word' id='word_1_132' title='bbox 253 2441 452 2528; x_wconf 81' lang='lat' dir='ltr'>reipublicae</span> <span class='ocrx_word' id='word_1_133' title='bbox 484 2459 515 2510; x_wconf 92' lang='lat' dir='ltr'>et</span> <span class='ocrx_word' id='word_1_134' title='bbox 540 2441 662 2511; x_wconf 91' lang='lat' dir='ltr'>civium</span> <span class='ocrx_word' id='word_1_135' title='bbox 692 2438 899 2523; x_wconf 87' lang='lat' dir='ltr'>testimonia,</span> <span class='ocrx_word' id='word_1_136' title='bbox 933 2441 979 2508; x_wconf 92' lang='lat' dir='ltr'>ita</span> <span class='ocrx_word' id='word_1_137' title='bbox 999 2458 1036 2510; x_wconf 93' lang='lat' dir='ltr'>ut</span> <span class='ocrx_word' id='word_1_138' title='bbox 1056 2441 1084 2510; x_wconf 92' lang='lat' dir='ltr'>si</span> <span class='ocrx_word' id='word_1_139' title='bbox 1106 2443 1181 2526; x_wconf 90' lang='lat' dir='ltr'>quis</span> <span class='ocrx_word' id='word_1_140' title='bbox 1201 2443 1240 2510; x_wconf 90' lang='lat' dir='ltr'>de</span> <span class='ocrx_word' id='word_1_141' title='bbox 1258 2441 1324 2512; x_wconf 87' lang='lat' dir='ltr'>illis</span> 
     </span>
     <span class='ocr_line' id='line_1_18' title="bbox 151 2553 1323 2641; baseline 0.003 -22"><span class='ocrx_word' id='word_1_142' title='bbox 151 2572 248 2622; x_wconf 85' lang='lat' dir='ltr'>secus</span> <span class='ocrx_word' id='word_1_143' title='bbox 277 2554 495 2637; x_wconf 86' lang='lat' dir='ltr'>existimaret,</span> <span class='ocrx_word' id='word_1_144' title='bbox 526 2555 554 2622; x_wconf 89' lang='lat' dir='ltr'>is</span> <span class='ocrx_word' id='word_1_145' title='bbox 584 2572 649 2620; x_wconf 91' lang='lat' dir='ltr'>non</span> <span class='ocrx_word' id='word_1_146' title='bbox 671 2553 762 2638; x_wconf 91' lang='lat' dir='ltr'>ipsos</span> <span class='ocrx_word' id='word_1_147' title='bbox 779 2553 877 2620; x_wconf 90' lang='lat' dir='ltr'>modo</span> <span class='ocrx_word' id='word_1_148' title='bbox 896 2553 1072 2637; x_wconf 88' lang='lat' dir='ltr'>perfidiae,</span> <span class='ocrx_word' id='word_1_149' title='bbox 1096 2555 1152 2620; x_wconf 91' lang='lat' dir='ltr'>sed</span> <span class='ocrx_word' id='word_1_150' title='bbox 1176 2575 1323 2641; x_wconf 88' lang='lat' dir='ltr'>magnam</span> 
     </span>
     <span class='ocr_line' id='line_1_19' title="bbox 151 2663 1325 2748; baseline 0.005 -20"><span class='ocrx_word' id='word_1_151' title='bbox 151 2663 248 2730; x_wconf 88' lang='lat' dir='ltr'>etiam</span> <span class='ocrx_word' id='word_1_152' title='bbox 280 2663 524 2732; x_wconf 89' lang='lat' dir='ltr'>multitudinem</span> <span class='ocrx_word' id='word_1_153' title='bbox 544 2663 702 2731; x_wconf 88' lang='lat' dir='ltr'>stultitiae</span> <span class='ocrx_word' id='word_1_154' title='bbox 721 2663 905 2746; x_wconf 90' lang='lat' dir='ltr'>damnaret,</span> <span class='ocrx_word' id='word_1_155' title='bbox 930 2685 1013 2748; x_wconf 88' lang='lat' dir='ltr'>quae</span> <span class='ocrx_word' id='word_1_156' title='bbox 1036 2680 1153 2732; x_wconf 87' lang='lat' dir='ltr'>cuncta</span> <span class='ocrx_word' id='word_1_157' title='bbox 1172 2681 1250 2732; x_wconf 90' lang='lat' dir='ltr'>sunt</span> <span class='ocrx_word' id='word_1_158' title='bbox 1267 2685 1325 2734; x_wconf 86' lang='lat' dir='ltr'>na·</span> 
     </span>
     <span class='ocr_line' id='line_1_20' title="bbox 151 2774 1323 2867; baseline 0.003 -27"><span class='ocrx_word' id='word_1_159' title='bbox 151 2774 315 2843; x_wconf 87' lang='lat' dir='ltr'>turalibus</span> <span class='ocrx_word' id='word_1_160' title='bbox 343 2775 414 2842; x_wconf 89' lang='lat' dir='ltr'>istis</span> <span class='ocrx_word' id='word_1_161' title='bbox 445 2795 527 2859; x_wconf 87' lang='lat' dir='ltr'>quas</span> <span class='ocrx_word' id='word_1_162' title='bbox 558 2775 701 2842; x_wconf 90' lang='lat' dir='ltr'>dicebam</span> <span class='ocrx_word' id='word_1_163' title='bbox 735 2774 964 2842; x_wconf 86' lang='lat' dir='ltr'>affectionibus</span> <span class='ocrx_word' id='word_1_164' title='bbox 990 2775 1159 2844; x_wconf 89' lang='lat' dir='ltr'>contraria.</span> <span class='ocrx_word' id='word_1_165' title='bbox 1204 2778 1323 2867; x_wconf 89' lang='lat' dir='ltr'>Quod·</span> 
     </span>
     <span class='ocr_line' id='line_1_21' title="bbox 149 2879 1323 2972; baseline 0.003 -21"><span class='ocrx_word' id='word_1_166' title='bbox 149 2883 181 2952; x_wconf 87' lang='lat' dir='ltr'>si</span> <span class='ocrx_word' id='word_1_167' title='bbox 211 2883 244 2954; x_wconf 94' lang='lat' dir='ltr'>in</span> <span class='ocrx_word' id='word_1_168' title='bbox 269 2879 404 2954; x_wconf 82' lang='lat' dir='ltr'>caeteris</span> <span class='ocrx_word' id='word_1_169' title='bbox 434 2887 579 2966; x_wconf 88' lang='lat' dir='ltr'>artibus,</span> <span class='ocrx_word' id='word_1_170' title='bbox 620 2886 678 2969; x_wconf 94' lang='lat' dir='ltr'>qui</span> <span class='ocrx_word' id='word_1_171' title='bbox 708 2906 972 2970; x_wconf 89' lang='lat' dir='ltr'>unamquamque</span> <span class='ocrx_word' id='word_1_172' title='bbox 1001 2887 1198 2970; x_wconf 89' lang='lat' dir='ltr'>profitentur</span> <span class='ocrx_word' id='word_1_173' title='bbox 1225 2888 1323 2972; x_wconf 89' lang='lat' dir='ltr'>periti</span> 
     </span>
     <span class='ocr_line' id='line_1_22' title="bbox 151 2995 1323 3084; baseline 0.004 -23"><span class='ocrx_word' id='word_1_174' title='bbox 151 2995 187 3062; x_wconf 92' lang='lat' dir='ltr'>in</span> <span class='ocrx_word' id='word_1_175' title='bbox 218 3015 255 3062; x_wconf 89' lang='lat' dir='ltr'>ea</span> <span class='ocrx_word' id='word_1_176' title='bbox 285 3011 317 3062; x_wconf 90' lang='lat' dir='ltr'>et</span> <span class='ocrx_word' id='word_1_177' title='bbox 345 2996 517 3084; x_wconf 86' lang='lat' dir='ltr'>diligentes</span> <span class='ocrx_word' id='word_1_178' title='bbox 544 2998 667 3066; x_wconf 90' lang='lat' dir='ltr'>censeri</span> <span class='ocrx_word' id='word_1_179' title='bbox 697 2997 816 3064; x_wconf 89' lang='lat' dir='ltr'>debent</span> <span class='ocrx_word' id='word_1_180' title='bbox 841 2998 875 3079; x_wconf 80' lang='lat'>⁵,</span> <span class='ocrx_word' id='word_1_181' title='bbox 910 2997 992 3080; x_wconf 93' lang='lat' dir='ltr'>quid</span> <span class='ocrx_word' id='word_1_182' title='bbox 1009 2999 1146 3066; x_wconf 90' lang='lat' dir='ltr'>obscero</span> <span class='ocrx_word' id='word_1_183' title='bbox 1168 3014 1240 3080; x_wconf 89' lang='lat' dir='ltr'>est,</span> <span class='ocrx_word' id='word_1_184' title='bbox 1264 3019 1323 3066; x_wconf 92' lang='lat' dir='ltr'>cur</span> 
     </span>
     <span class='ocr_line' id='line_1_23' title="bbox 151 3106 1324 3196; baseline 0.005 -24"><span class='ocrx_word' id='word_1_185' title='bbox 151 3106 379 3192; x_wconf 87' lang='lat' dir='ltr'>magistratus,</span> <span class='ocrx_word' id='word_1_186' title='bbox 403 3109 461 3192; x_wconf 92' lang='lat' dir='ltr'>qui</span> <span class='ocrx_word' id='word_1_187' title='bbox 479 3110 626 3196; x_wconf 86' lang='lat' dir='ltr'>justitiae</span> <span class='ocrx_word' id='word_1_188' title='bbox 646 3125 725 3176; x_wconf 91' lang='lat' dir='ltr'>sunt</span> <span class='ocrx_word' id='word_1_189' title='bbox 743 3110 927 3177; x_wconf 89' lang='lat' dir='ltr'>sacerdotes</span> <span class='ocrx_word' id='word_1_190' title='bbox 944 3127 1012 3177; x_wconf 91' lang='lat' dir='ltr'>non</span> <span class='ocrx_word' id='word_1_191' title='bbox 1032 3107 1237 3178; x_wconf 83' lang='lat' dir='ltr'>existimandi</span> <span class='ocrx_word' id='word_1_192' title='bbox 1257 3110 1324 3178; x_wconf 93' lang='lat' dir='ltr'>sint</span> 
     </span>
     <span class='ocr_line' id='line_1_24' title="bbox 150 3212 1322 3312; baseline 0.005 -28"><span class='ocrx_word' id='word_1_193' title='bbox 150 3217 192 3284; x_wconf 93' lang='lat' dir='ltr'>de</span> <span class='ocrx_word' id='word_1_194' title='bbox 215 3219 293 3285; x_wconf 87' lang='lat' dir='ltr'>belli</span> <span class='ocrx_word' id='word_1_195' title='bbox 313 3239 410 3287; x_wconf 88' lang='lat' dir='ltr'>causa</span> <span class='ocrx_word' id='word_1_196' title='bbox 432 3221 593 3305; x_wconf 88' lang='lat' dir='ltr'>sapienter</span> <span class='ocrx_word' id='word_1_197' title='bbox 609 3220 799 3308; x_wconf 76' lang='lat' dir='ltr'>judicasse?</span> <span class='ocrx_word' id='word_1_198' title='bbox 835 3221 909 3312; x_wconf 49' lang='lat' dir='ltr'>‚Est</span> <span class='ocrx_word' id='word_1_199' title='bbox 927 3212 1011 3288; x_wconf 87' lang='lat' dir='ltr'>enim</span> <span class='ocrx_word' id='word_1_200' title='bbox 1028 3219 1063 3286; x_wconf 92' lang='lat' dir='ltr'>id</span> <span class='ocrx_word' id='word_1_201' title='bbox 1082 3220 1222 3289; x_wconf 92' lang='lat' dir='ltr'>officium</span> <span class='ocrx_word' id='word_1_202' title='bbox 1243 3223 1322 3290; x_wconf 91' lang='lat' dir='ltr'>boni</span> 
     </span>
     <span class='ocr_line' id='line_1_25' title="bbox 151 3327 1323 3419; baseline 0.004 -24"><span class='ocrx_word' id='word_1_203' title='bbox 151 3327 370 3414; x_wconf 88' lang='lat' dir='ltr'>magistratus.</span> <span class='ocrx_word' id='word_1_204' title='bbox 394 3331 440 3398; x_wconf 88' lang='lat' dir='ltr'>Et</span> <span class='ocrx_word' id='word_1_205' title='bbox 461 3351 534 3398; x_wconf 92' lang='lat' dir='ltr'>cum</span> <span class='ocrx_word' id='word_1_206' title='bbox 554 3332 683 3399; x_wconf 90' lang='lat' dir='ltr'>civibus</span> <span class='ocrx_word' id='word_1_207' title='bbox 704 3332 853 3419; x_wconf 87' lang='lat' dir='ltr'>judicant</span> <span class='ocrx_word' id='word_1_208' title='bbox 876 3331 952 3400; x_wconf 77' lang='lat' dir='ltr'>talia</span> <span class='ocrx_word' id='word_1_209' title='bbox 973 3331 1149 3415; x_wconf 88' lang='lat' dir='ltr'>accidisse,</span> <span class='ocrx_word' id='word_1_210' title='bbox 1173 3335 1216 3401; x_wconf 91' lang='lat' dir='ltr'>ob</span> <span class='ocrx_word' id='word_1_211' title='bbox 1238 3354 1323 3418; x_wconf 89' lang='lat' dir='ltr'>quae</span> 
     </span>
     <span class='ocr_line' id='line_1_26' title="bbox 151 3441 1324 3528; baseline 0.007 -22"><span class='ocrx_word' id='word_1_212' title='bbox 151 3441 274 3508; x_wconf 88' lang='lat' dir='ltr'>bellum</span> <span class='ocrx_word' id='word_1_213' title='bbox 300 3442 425 3509; x_wconf 84' lang='lat' dir='ltr'>mo&#39;veri</span> <span class='ocrx_word' id='word_1_214' title='bbox 452 3443 587 3525; x_wconf 88' lang='lat' dir='ltr'>debeat,</span> <span class='ocrx_word' id='word_1_215' title='bbox 620 3464 678 3511; x_wconf 91' lang='lat' dir='ltr'>cur</span> <span class='ocrx_word' id='word_1_216' title='bbox 706 3463 773 3511; x_wconf 91' lang='lat' dir='ltr'>non</span> <span class='ocrx_word' id='word_1_217' title='bbox 801 3441 867 3509; x_wconf 90' lang='lat' dir='ltr'>illis</span> <span class='ocrx_word' id='word_1_218' title='bbox 892 3444 973 3510; x_wconf 91' lang='lat' dir='ltr'>fides</span> <span class='ocrx_word' id='word_1_219' title='bbox 992 3444 1175 3512; x_wconf 85' lang='lat' dir='ltr'>adhibenda</span> <span class='ocrx_word' id='word_1_220' title='bbox 1195 3445 1261 3528; x_wconf 88' lang='lat' dir='ltr'>sit,</span> <span class='ocrx_word' id='word_1_221' title='bbox 1286 3461 1324 3514; x_wconf 92' lang='lat' dir='ltr'>ut</span> 
     </span>
     <span class='ocr_line' id='line_1_27' title="bbox 150 3553 1321 3640; baseline 0.005 -22"><span class='ocrx_word' id='word_1_222' title='bbox 150 3571 263 3618; x_wconf 88' lang='lat' dir='ltr'>verum</span> <span class='ocrx_word' id='word_1_223' title='bbox 287 3553 474 3622; x_wconf 90' lang='lat' dir='ltr'>dicentibus</span> <span class='ocrx_word' id='word_1_224' title='bbox 491 3553 531 3620; x_wconf 78' lang='lat'>⁸?</span> <span class='ocrx_word' id='word_1_225' title='bbox 556 3555 710 3638; x_wconf 91' lang='lat' dir='ltr'>Cumque</span> <span class='ocrx_word' id='word_1_226' title='bbox 733 3554 816 3620; x_wconf 93' lang='lat' dir='ltr'>nihil</span> <span class='ocrx_word' id='word_1_227' title='bbox 836 3554 880 3622; x_wconf 91' lang='lat' dir='ltr'>sit</span> <span class='ocrx_word' id='word_1_228' title='bbox 899 3556 991 3639; x_wconf 89' lang='lat' dir='ltr'>quod</span> <span class='ocrx_word' id='word_1_229' title='bbox 1008 3558 1133 3634; x_wconf 87' lang='lat' dir='ltr'>obstet,</span> <span class='ocrx_word' id='word_1_230' title='bbox 1154 3557 1321 3640; x_wconf 89' lang='lat' dir='ltr'>quomodo</span> 
     </span>
     <span class='ocr_line' id='line_1_28' title="bbox 151 3662 1321 3752; baseline 0.005 -24"><span class='ocrx_word' id='word_1_231' title='bbox 151 3681 217 3730; x_wconf 91' lang='lat' dir='ltr'>non</span> <span class='ocrx_word' id='word_1_232' title='bbox 238 3662 407 3732; x_wconf 89' lang='lat' dir='ltr'>inferiores</span> <span class='ocrx_word' id='word_1_233' title='bbox 427 3668 513 3752; x_wconf 86' lang='lat' dir='ltr'>leges</span> <span class='ocrx_word' id='word_1_234' title='bbox 531 3686 605 3733; x_wconf 92' lang='lat' dir='ltr'>cum</span> <span class='ocrx_word' id='word_1_235' title='bbox 628 3665 853 3750; x_wconf 86' lang='lat' dir='ltr'>superioribus</span> <span class='ocrx_word' id='word_1_236' title='bbox 873 3666 1046 3736; x_wconf 89' lang='lat' dir='ltr'>convenire</span> <span class='ocrx_word' id='word_1_237' title='bbox 1068 3682 1101 3734; x_wconf 84' lang='lat' dir='ltr'>et</span> <span class='ocrx_word' id='word_1_238' title='bbox 1120 3666 1205 3734; x_wconf 90' lang='lat' dir='ltr'>idem</span> <span class='ocrx_word' id='word_1_239' title='bbox 1230 3687 1321 3751; x_wconf 86' lang='lat' dir='ltr'>esse,</span> 
     </span>
     <span class='ocr_line' id='line_1_29' title="bbox 152 3775 1320 3862; baseline 0.005 -22"><span class='ocrx_word' id='word_1_240' title='bbox 152 3775 242 3857; x_wconf 91' lang='lat' dir='ltr'>quod</span> <span class='ocrx_word' id='word_1_241' title='bbox 262 3775 470 3860; x_wconf 89' lang='lat' dir='ltr'>magistratus</span> <span class='ocrx_word' id='word_1_242' title='bbox 494 3791 526 3842; x_wconf 93' lang='lat' dir='ltr'>et</span> <span class='ocrx_word' id='word_1_243' title='bbox 552 3775 643 3860; x_wconf 91' lang='lat' dir='ltr'>quod</span> <span class='ocrx_word' id='word_1_244' title='bbox 668 3777 762 3845; x_wconf 88' lang='lat' dir='ltr'>Deus</span> <span class='ocrx_word' id='word_1_245' title='bbox 784 3777 943 3862; x_wconf 87' lang='lat' dir='ltr'>praecipit</span> <span class='ocrx_word' id='word_1_246' title='bbox 960 3785 993 3859; x_wconf 80' lang='lat'>⁷,</span> <span class='ocrx_word' id='word_1_247' title='bbox 1016 3797 1073 3862; x_wconf 88' lang='lat' dir='ltr'>par</span> <span class='ocrx_word' id='word_1_248' title='bbox 1097 3777 1140 3846; x_wconf 93' lang='lat' dir='ltr'>sit</span> <span class='ocrx_word' id='word_1_249' title='bbox 1164 3779 1320 3848; x_wconf 80' lang='lat' dir='ltr'>credere?</span> 
     </span>
    </p>
   </div>
   <div class='ocr_carea' id='block_1_3' title="bbox 142 3911 340 3924">
    <p class='ocr_par' dir='ltr' id='par_1_3' title="bbox 142 3911 340 3924">
     <span class='ocr_line' id='line_1_30' title="bbox 142 3911 340 3924; baseline 0.015 -3"><span class='ocrx_word' id='word_1_250' title='bbox 142 3911 340 3924; x_wconf 71' lang='lat'>.—-——-——-—</span> 
     </span>
    </p>
   </div>
   <div class='ocr_carea' id='block_1_4' title="bbox 151 3985 1365 4597">
    <p class='ocr_par' dir='ltr' id='par_1_4' title="bbox 151 3985 1365 4597">
     <span class='ocr_line' id='line_1_31' title="bbox 185 3985 1321 4052; baseline 0.006 -19"><span class='ocrx_word' id='word_1_251' title='bbox 185 3985 243 4033; x_wconf 89' lang='lat' dir='ltr'>¹V.</span> <span class='ocrx_word' id='word_1_252' title='bbox 260 3985 352 4034; x_wconf 86' lang='lat' dir='ltr'>Thom.</span> <span class='ocrx_word' id='word_1_253' title='bbox 372 4000 393 4035; x_wconf 89' lang='lat'>1.</span> <span class='ocrx_word' id='word_1_254' title='bbox 409 4000 431 4035; x_wconf 80' lang='lat'>2.</span> <span class='ocrx_word' id='word_1_255' title='bbox 449 4002 474 4049; x_wconf 92' lang='lat' dir='ltr'>q.</span> <span class='ocrx_word' id='word_1_256' title='bbox 493 4001 547 4044; x_wconf 86' lang='lat' dir='ltr'>ros.</span> <span class='ocrx_word' id='word_1_257' title='bbox 568 4001 613 4038; x_wconf 84' lang='lat' dir='ltr'>art.</span> <span class='ocrx_word' id='word_1_258' title='bbox 631 4003 654 4038; x_wconf 84' lang='lat'>2.</span> <span class='ocrx_word' id='word_1_259' title='bbox 674 4003 741 4050; x_wconf 88' lang='lat' dir='ltr'>resp.</span> <span class='ocrx_word' id='word_1_260' title='bbox 758 3991 790 4039; x_wconf 84' lang='lat' dir='ltr'>ad</span> <span class='ocrx_word' id='word_1_261' title='bbox 813 3990 836 4038; x_wconf 77' lang='grc' dir='ltr'>Β.</span> <span class='ocrx_word' id='word_1_262' title='bbox 862 3991 892 4038; x_wconf 87' lang='lat' dir='ltr'>Et</span> <span class='ocrx_word' id='word_1_263' title='bbox 911 4003 934 4038; x_wconf 82' lang='lat'>2.</span> <span class='ocrx_word' id='word_1_264' title='bbox 952 4001 974 4038; x_wconf 85' lang='lat'>2.</span> <span class='ocrx_word' id='word_1_265' title='bbox 995 4003 1021 4049; x_wconf 90' lang='lat' dir='ltr'>q.</span> <span class='ocrx_word' id='word_1_266' title='bbox 1037 4000 1078 4048; x_wconf 82' lang='lat'>70.</span> <span class='ocrx_word' id='word_1_267' title='bbox 1100 4001 1146 4038; x_wconf 89' lang='lat' dir='ltr'>art.</span> <span class='ocrx_word' id='word_1_268' title='bbox 1164 4003 1187 4039; x_wconf 81' lang='lat'>2.</span> <span class='ocrx_word' id='word_1_269' title='bbox 1204 3992 1279 4052; x_wconf 84' lang='lat' dir='ltr'>Vasq.</span> <span class='ocrx_word' id='word_1_270' title='bbox 1298 4005 1321 4040; x_wconf 87' lang='lat' dir='ltr'>c.</span> 
     </span>
     <span class='ocr_line' id='line_1_32' title="bbox 153 4076 1320 4142; baseline 0.005 -18"><span class='ocrx_word' id='word_1_271' title='bbox 153 4087 191 4137; x_wconf 90' lang='lat'>14.</span> <span class='ocrx_word' id='word_1_272' title='bbox 209 4090 234 4125; x_wconf 91' lang='lat' dir='ltr'>n.</span> <span class='ocrx_word' id='word_1_273' title='bbox 253 4089 277 4125; x_wconf 84' lang='lat'>2.</span> <span class='ocrx_word' id='word_1_274' title='bbox 294 4079 343 4126; x_wconf 89' lang='lat' dir='ltr'>Dd.</span> <span class='ocrx_word' id='word_1_275' title='bbox 361 4076 387 4126; x_wconf 92' lang='lat' dir='ltr'>in</span> <span class='ocrx_word' id='word_1_276' title='bbox 406 4091 428 4126; x_wconf 90' lang='lat' dir='ltr'>c.</span> <span class='ocrx_word' id='word_1_277' title='bbox 445 4079 539 4127; x_wconf 83' lang='lat' dir='ltr'>afferte.</span> <span class='ocrx_word' id='word_1_278' title='bbox 558 4079 696 4142; x_wconf 86' lang='lat' dir='ltr'>[Decretal.</span> <span class='ocrx_word' id='word_1_279' title='bbox 714 4094 736 4130; x_wconf 82' lang='lat' dir='ltr'>a.</span> <span class='ocrx_word' id='word_1_280' title='bbox 755 4093 795 4138; x_wconf 79' lang='lat'>23.</span> <span class='ocrx_word' id='word_1_281' title='bbox 812 4081 847 4142; x_wconf 72' lang='lat' dir='ltr'>n]</span> <span class='ocrx_word' id='word_1_282' title='bbox 884 4077 894 4112; x_wconf 81' lang='lat'>²</span> <span class='ocrx_word' id='word_1_283' title='bbox 909 4079 987 4129; x_wconf 80' lang='lat' dir='ltr'>Arist.</span> <span class='ocrx_word' id='word_1_284' title='bbox 1003 4082 1034 4128; x_wconf 88' lang='lat' dir='ltr'>de</span> <span class='ocrx_word' id='word_1_285' title='bbox 1051 4093 1114 4128; x_wconf 92' lang='lat' dir='ltr'>mor.</span> <span class='ocrx_word' id='word_1_286' title='bbox 1132 4081 1164 4129; x_wconf 84' lang='lat' dir='ltr'>ad</span> <span class='ocrx_word' id='word_1_287' title='bbox 1181 4081 1284 4130; x_wconf 90' lang='lat' dir='ltr'>Nicom.</span> <span class='ocrx_word' id='word_1_288' title='bbox 1303 4083 1320 4130; x_wconf 93' lang='lat' dir='ltr'>l.</span> 
     </span>
     <span class='ocr_line' id='line_1_33' title="bbox 154 4166 1321 4233; baseline 0.005 -19"><span class='ocrx_word' id='word_1_289' title='bbox 154 4177 174 4214; x_wconf 89' lang='lat' dir='ltr'>r.</span> <span class='ocrx_word' id='word_1_290' title='bbox 196 4181 220 4216; x_wconf 92' lang='lat' dir='ltr'>c.</span> <span class='ocrx_word' id='word_1_291' title='bbox 245 4179 266 4218; x_wconf 92' lang='lat'>1.</span> <span class='ocrx_word' id='word_1_292' title='bbox 287 4166 325 4229; x_wconf 89' lang='lat' dir='ltr'>[p.</span> <span class='ocrx_word' id='word_1_293' title='bbox 349 4177 421 4230; x_wconf 84' lang='lat'>1094.</span> <span class='ocrx_word' id='word_1_294' title='bbox 444 4180 466 4216; x_wconf 84' lang='lat'>2.</span> <span class='ocrx_word' id='word_1_295' title='bbox 484 4181 522 4218; x_wconf 86' lang='lat' dir='ltr'>vs.</span> <span class='ocrx_word' id='word_1_296' title='bbox 541 4171 591 4232; x_wconf 88' lang='lat'>19.]</span> <span class='ocrx_word' id='word_1_297' title='bbox 610 4172 627 4219; x_wconf 95' lang='lat' dir='ltr'>l.</span> <span class='ocrx_word' id='word_1_298' title='bbox 646 4183 669 4228; x_wconf 79' lang='lat'>3.</span> <span class='ocrx_word' id='word_1_299' title='bbox 687 4167 712 4218; x_wconf 82' lang='lat' dir='ltr'>ff.</span> <span class='ocrx_word' id='word_1_300' title='bbox 733 4171 764 4220; x_wconf 90' lang='lat' dir='ltr'>de</span> <span class='ocrx_word' id='word_1_301' title='bbox 781 4173 830 4231; x_wconf 83' lang='lat' dir='ltr'>leg.</span> <span class='ocrx_word' id='word_1_302' title='bbox 848 4184 880 4220; x_wconf 92' lang='lat' dir='ltr'>ex</span> <span class='ocrx_word' id='word_1_303' title='bbox 896 4172 1079 4231; x_wconf 81' lang='lat' dir='ltr'>Theophrasto.</span> <span class='ocrx_word' id='word_1_304' title='bbox 1099 4171 1142 4233; x_wconf 90' lang='lat' dir='ltr'>[D.</span> <span class='ocrx_word' id='word_1_305' title='bbox 1163 4185 1184 4220; x_wconf 80' lang='grc' dir='ltr'>ι.</span> <span class='ocrx_word' id='word_1_306' title='bbox 1204 4172 1239 4233; x_wconf 66' lang='lat' dir='ltr'>m]</span> <span class='ocrx_word' id='word_1_307' title='bbox 1274 4169 1321 4220; x_wconf 80' lang='lat'>⁸1.</span> 
     </span>
     <span class='ocr_line' id='line_1_34' title="bbox 151 4257 1321 4323; baseline 0.005 -18"><span class='ocrx_word' id='word_1_308' title='bbox 151 4257 250 4306; x_wconf 89' lang='lat' dir='ltr'>merito.</span> <span class='ocrx_word' id='word_1_309' title='bbox 274 4257 300 4305; x_wconf 82' lang='lat' dir='ltr'>ff.</span> <span class='ocrx_word' id='word_1_310' title='bbox 324 4271 372 4318; x_wconf 88' lang='lat' dir='ltr'>pro</span> <span class='ocrx_word' id='word_1_311' title='bbox 391 4259 472 4307; x_wconf 89' lang='lat' dir='ltr'>socio.</span> <span class='ocrx_word' id='word_1_312' title='bbox 491 4259 535 4321; x_wconf 89' lang='lat' dir='ltr'>[D.</span> <span class='ocrx_word' id='word_1_313' title='bbox 553 4272 591 4318; x_wconf 85' lang='lat'>17.</span> <span class='ocrx_word' id='word_1_314' title='bbox 610 4273 632 4308; x_wconf 84' lang='lat'>2.</span> <span class='ocrx_word' id='word_1_315' title='bbox 651 4261 703 4323; x_wconf 76' lang='lat' dir='ltr'>sn]</span> <span class='ocrx_word' id='word_1_316' title='bbox 738 4260 749 4293; x_wconf 93' lang='lat'><strong>⁴</strong></span> <span class='ocrx_word' id='word_1_317' title='bbox 767 4263 837 4310; x_wconf 91' lang='lat' dir='ltr'>Eccl.</span> <span class='ocrx_word' id='word_1_318' title='bbox 857 4275 894 4310; x_wconf 91' lang='lat'>10.</span> <span class='ocrx_word' id='word_1_319' title='bbox 916 4273 953 4320; x_wconf 82' lang='lat'>17.</span> <span class='ocrx_word' id='word_1_320' title='bbox 971 4263 1054 4311; x_wconf 80' lang='lat' dir='ltr'>Exod.</span> <span class='ocrx_word' id='word_1_321' title='bbox 1072 4274 1111 4310; x_wconf 79' lang='lat'>22.</span> <span class='ocrx_word' id='word_1_322' title='bbox 1130 4261 1321 4323; x_wconf 68' lang='lat' dir='ltr'>rutpreth</span> 
     </span>
     <span class='ocr_line' id='line_1_35' title="bbox 155 4343 1365 4412; baseline 0.004 -16"><span class='ocrx_word' id='word_1_323' title='bbox 155 4359 276 4407; x_wconf 83' lang='lat' dir='ltr'>r.2.17.</span> <span class='ocrx_word' id='word_1_324' title='bbox 309 4347 403 4396; x_wconf 84' lang='lat' dir='ltr'>⁵Bart.</span> <span class='ocrx_word' id='word_1_325' title='bbox 421 4349 447 4396; x_wconf 90' lang='lat' dir='ltr'>in</span> <span class='ocrx_word' id='word_1_326' title='bbox 462 4361 536 4398; x_wconf 83' lang='lat' dir='ltr'>tract.</span> <span class='ocrx_word' id='word_1_327' title='bbox 552 4362 611 4400; x_wconf 85' lang='lat' dir='ltr'>test.</span> <span class='ocrx_word' id='word_1_328' title='bbox 626 4365 651 4400; x_wconf 86' lang='lat' dir='ltr'>n.</span> <span class='ocrx_word' id='word_1_329' title='bbox 670 4352 710 4400; x_wconf 87' lang='lat'>86.</span> <span class='ocrx_word' id='word_1_330' title='bbox 743 4352 841 4412; x_wconf 77' lang='lat' dir='ltr'>⁶Bald.</span> <span class='ocrx_word' id='word_1_331' title='bbox 859 4364 884 4400; x_wconf 90' lang='lat' dir='ltr'>et</span> <span class='ocrx_word' id='word_1_332' title='bbox 901 4353 951 4402; x_wconf 86' lang='lat' dir='ltr'>Dd.</span> <span class='ocrx_word' id='word_1_333' title='bbox 968 4354 1000 4401; x_wconf 81' lang='lat' dir='ltr'>ad</span> <span class='ocrx_word' id='word_1_334' title='bbox 1016 4354 1034 4400; x_wconf 97' lang='lat' dir='ltr'>l.</span> <span class='ocrx_word' id='word_1_335' title='bbox 1049 4365 1101 4400; x_wconf 92' lang='lat' dir='ltr'>non</span> <span class='ocrx_word' id='word_1_336' title='bbox 1116 4352 1238 4402; x_wconf 85' lang='lat' dir='ltr'>omnium.</span> <span class='ocrx_word' id='word_1_337' title='bbox 1253 4353 1321 4404; x_wconf 75' lang='lat' dir='ltr'>fide</span> <span class='ocrx_word' id='word_1_338' title='bbox 1357 4343 1365 4354; x_wconf 82' lang='grc'><strong>“</strong></span> 
     </span>
     <span class='ocr_line' id='line_1_36' title="bbox 153 4437 1320 4506; baseline 0.005 -20"><span class='ocrx_word' id='word_1_339' title='bbox 153 4439 198 4500; x_wconf 84' lang='lat' dir='ltr'>leg.</span> <span class='ocrx_word' id='word_1_340' title='bbox 218 4439 262 4502; x_wconf 89' lang='lat' dir='ltr'>[D.</span> <span class='ocrx_word' id='word_1_341' title='bbox 283 4452 304 4487; x_wconf 88' lang='lat'>1.</span> <span class='ocrx_word' id='word_1_342' title='bbox 323 4449 346 4495; x_wconf 79' lang='lat'>5.</span> <span class='ocrx_word' id='word_1_343' title='bbox 362 4437 414 4504; x_wconf 84' lang='lat'>20.]</span> <span class='ocrx_word' id='word_1_344' title='bbox 450 4437 461 4476; x_wconf 86' lang='lat'>⁷</span> <span class='ocrx_word' id='word_1_345' title='bbox 478 4441 495 4488; x_wconf 91' lang='lat' dir='ltr'>l.</span> <span class='ocrx_word' id='word_1_346' title='bbox 512 4443 559 4489; x_wconf 93' lang='lat' dir='ltr'>ult.</span> <span class='ocrx_word' id='word_1_347' title='bbox 575 4442 604 4490; x_wconf 93' lang='lat' dir='ltr'>C.</span> <span class='ocrx_word' id='word_1_348' title='bbox 620 4444 652 4490; x_wconf 85' lang='lat' dir='ltr'>de</span> <span class='ocrx_word' id='word_1_349' title='bbox 670 4443 718 4502; x_wconf 83' lang='lat' dir='ltr'>leg.</span> <span class='ocrx_word' id='word_1_350' title='bbox 737 4442 780 4503; x_wconf 92' lang='lat' dir='ltr'>[C.</span> <span class='ocrx_word' id='word_1_351' title='bbox 802 4455 822 4490; x_wconf 91' lang='lat'>1.</span> <span class='ocrx_word' id='word_1_352' title='bbox 844 4441 893 4506; x_wconf 80' lang='lat'>14]</span> <span class='ocrx_word' id='word_1_353' title='bbox 911 4443 1008 4491; x_wconf 84' lang='lat' dir='ltr'>Pamin</span> <span class='ocrx_word' id='word_1_354' title='bbox 1024 4457 1047 4493; x_wconf 92' lang='lat' dir='ltr'>c.</span> <span class='ocrx_word' id='word_1_355' title='bbox 1062 4443 1083 4492; x_wconf 87' lang='lat' dir='ltr'>si</span> <span class='ocrx_word' id='word_1_356' title='bbox 1098 4445 1207 4504; x_wconf 86' lang='lat' dir='ltr'>quando.</span> <span class='ocrx_word' id='word_1_357' title='bbox 1222 4444 1254 4492; x_wconf 86' lang='lat' dir='ltr'>de</span> <span class='ocrx_word' id='word_1_358' title='bbox 1268 4456 1320 4492; x_wconf 84' lang='lat' dir='ltr'>res·</span> 
     </span>
     <span class='ocr_line' id='line_1_37' title="bbox 153 4529 1319 4597; baseline 0.005 -19"><span class='ocrx_word' id='word_1_359' title='bbox 153 4529 249 4590; x_wconf 88' lang='lat' dir='ltr'>criptis.</span> <span class='ocrx_word' id='word_1_360' title='bbox 270 4530 408 4592; x_wconf 87' lang='lat' dir='ltr'>[Decretal.</span> <span class='ocrx_word' id='word_1_361' title='bbox 429 4543 449 4578; x_wconf 91' lang='lat' dir='ltr'>r.</span> <span class='ocrx_word' id='word_1_362' title='bbox 467 4543 489 4588; x_wconf 78' lang='lat'>3.</span> <span class='ocrx_word' id='word_1_363' title='bbox 505 4529 539 4594; x_wconf 85' lang='lat'>5.]</span> <span class='ocrx_word' id='word_1_364' title='bbox 561 4531 639 4580; x_wconf 81' lang='lat' dir='ltr'>Felin.</span> <span class='ocrx_word' id='word_1_365' title='bbox 653 4532 678 4580; x_wconf 91' lang='lat' dir='ltr'>in</span> <span class='ocrx_word' id='word_1_366' title='bbox 689 4545 710 4581; x_wconf 88' lang='lat' dir='ltr'>c.</span> <span class='ocrx_word' id='word_1_367' title='bbox 721 4533 753 4580; x_wconf 87' lang='lat' dir='ltr'>ad</span> <span class='ocrx_word' id='word_1_368' title='bbox 762 4545 840 4581; x_wconf 85' lang='lat' dir='ltr'>aures.</span> <span class='ocrx_word' id='word_1_369' title='bbox 852 4533 882 4580; x_wconf 92' lang='lat' dir='ltr'>de</span> <span class='ocrx_word' id='word_1_370' title='bbox 892 4531 1031 4594; x_wconf 86' lang='lat' dir='ltr'>rescriptis.</span> <span class='ocrx_word' id='word_1_371' title='bbox 1052 4533 1190 4597; x_wconf 85' lang='lat' dir='ltr'>[Decretal.</span> <span class='ocrx_word' id='word_1_372' title='bbox 1206 4547 1226 4582; x_wconf 93' lang='lat'>1.</span> <span class='ocrx_word' id='word_1_373' title='bbox 1244 4546 1265 4592; x_wconf 76' lang='lat'>3.</span> <span class='ocrx_word' id='word_1_374' title='bbox 1283 4535 1319 4597; x_wconf 79' lang='grc'>8.]</span> 
     </span>
    </p>
   </div>
   <div class='ocr_carea' id='block_1_5' title="bbox 0 0 1662 5494">
    <p class='ocr_par' dir='ltr' id='par_1_5' title="bbox 0 0 1662 5494">
     <span class='ocr_line' id='line_1_38' title="bbox 0 0 1662 5494; baseline 0 0"><span class='ocrx_word' id='word_1_375' title='bbox 0 0 1662 5494; x_wconf 95' lang='lat' dir='ltr'> </span> 
     </span>
    </p>
   </div>
  </div>
 </body>
</html>
