3326 5506
467 640 514 684 DE
538 639 631 706 JURE
658 637 839 687 PRAEDAE.
865 641 944 688 CAP.
970 643 1018 688 x1.
1263 639 1322 703 195

145 797 295 863 crudeles
318 796 351 863 in
374 816 488 864 manus
512 793 647 862 incidit:
672 795 816 864 occisum
837 810 975 864 constat.
999 797 1097 862 Fama
1115 819 1172 881 per
1193 815 1321 864 omnem

144 909 271 976 Indiam
290 925 445 976 constans
466 908 604 989 asserit,
629 908 769 976 navibus
799 923 942 992 quatuor
964 909 1093 994 longis,
1118 929 1202 991 quae
1224 908 1320 974 remis

143 1020 179 1086 in
212 1020 380 1088 diversum
413 1019 650 1100 incitarentur,
683 1020 874 1088 distractum
905 1019 1190 1104 displicatumque.
1247 1020 1319 1086 Nec

145 1147 195 1200 est
217 1153 276 1198 cur
297 1132 404 1198 minus
429 1134 493 1198 hoc
527 1132 693 1214 credatur,
727 1151 824 1214 quam
853 1133 945 1216 quod
967 1132 1075 1200 Gallis
1097 1132 1220 1199 factum
1244 1148 1318 1200 ante

143 1245 375 1325 meminimus,
400 1243 458 1328 qui
482 1243 590 1311 aeneis
615 1243 774 1310 machinis
797 1243 964 1327 impositi,
989 1259 1021 1310 et
1044 1245 1100 1311 teli
1128 1244 1201 1312 vice
1222 1245 1318 1329 ejecti

143 1371 232 1422 sunt.
278 1357 377 1422 Certe
396 1371 495 1439 caput
514 1355 605 1422 illius
624 1376 641 1420 a
660 1374 795 1439 corpore
812 1358 986 1438 avulsum,
1011 1370 1043 1422 et
1062 1356 1201 1422 sublime
1220 1377 1318 1440 super

144 1469 334 1534 caracollam
367 1467 486 1534 ferculi
519 1487 609 1534 more
643 1481 840 1534 ostentatum
868 1467 1000 1550 plurimi
1023 1468 1147 1534 videre.
1194 1468 1317 1535 Classis
1330 1492 1399 1539 Anno
1412 1493 1462 1541 aar.

143 1579 272 1645 interim
295 1578 388 1662 prius
410 1593 608 1659 memorata,
647 1599 731 1661 quae
765 1575 906 1646 batavos
940 1579 1108 1646 Moluccis
1142 1595 1175 1646 et
1207 1581 1318 1647 Banda

145 1691 351 1769 excluderet,
375 1705 491 1773 paratu
513 1690 634 1774 majore
654 1691 881 1756 adornabatur.
904 1690 1016 1774 Atque
1037 1690 1132 1756 etiam
1152 1691 1263 1757 literae
1287 1707 1319 1759 et

144 1800 253 1868 nuntii
276 1801 489 1878 mittebantur
512 1802 552 1868 ad
576 1819 688 1868 omnes
708 1801 808 1886 Javae
826 1817 858 1868 et
880 1785 1015 1868 aliarum
1026 1802 1205 1868 insularum
1225 1804 1318 1870 Prin-

145 1913 254 1996 cipes,
278 1913 337 1996 qui
359 1912 580 1998 significarent
610 1927 723 1996 coepta
755 1914 834 1979 haec
857 1931 875 1979 a
897 1912 1090 1996 Lusitanis,
1114 1933 1181 1997 quo
1206 1914 1254 1980 illi
1278 1917 1317 1982 ab

147 2024 387 2090 Hollandorum
419 2023 541 2108 rapinis
571 2024 832 2091 vindicarentur:
867 2044 934 2107 quo
964 2024 1051 2092 facto
1079 2025 1258 2107 meruisse,
1282 2041 1320 2092 ut

147 2136 187 2201 ad
209 2136 323 2219 ipsos,
355 2156 451 2203 veros
474 2135 601 2202 scilicet
625 2135 770 2232 Orientis
793 2135 1005 2217 liberatores,
1038 2137 1183 2202 omnium
1206 2157 1318 2222 regum
1421 2206 1427 2220 ,

145 2248 413 2332 populorumque
447 2246 561 2329 copiae
594 2247 819 2313 convenirent.
867 2247 938 2314 Hac
973 2248 1013 2314 de
1045 2268 1080 2314 re
1115 2248 1318 2332 apraefecto

146 2357 353 2424 Bantamensi
386 2357 609 2441 praemonitus
640 2357 814 2439 Neckius‚
847 2378 921 2425 curn
951 2360 1016 2443 jam
1050 2360 1186 2426 alterum
1218 2376 1319 2427 terras

147 2468 217 2536 illas
251 2468 432 2550 inviseret,
465 2467 610 2535 conlisus
642 2484 748 2536 tamen
781 2485 813 2536 et
835 2491 949 2538 causae
976 2485 1009 2538 et
1027 2471 1163 2552 virtuti,
1191 2471 1319 2539 duabus

147 2599 220 2648 cum
253 2579 394 2646 navibus
418 2581 592 2647 Ternatam
625 2579 731 2666 petit,
765 2581 821 2648 ubi
854 2582 1023 2649 verissima
1055 2583 1213 2667 comperit
1236 2605 1319 2667 quae

147 2691 263 2758 auditu
294 2706 491 2775 perceperat.
537 2691 623 2758 Nam
657 2707 689 2758 et
719 2713 776 2759 rex
808 2693 933 2759 insulae
965 2695 1006 2761 ad
1036 2694 1184 2764 ferendas
1208 2712 1321 2764 contra

147 2801 288 2868 Batavos
322 2804 489 2887 suppetias
520 2803 783 2885 sollicitabatur,
819 2819 851 2870 et
884 2804 1038 2872 Lusitani
1073 2827 1146 2872 cum
1180 2809 1320 2875 caraccis

145 2913 298 2994 duabus,
330 2913 467 2982 totidem
495 2914 634 3000 galeris,
670 2916 745 2982 navi
780 2916 896 2984 bellica
920 2936 983 2983 una
1013 2917 1117 2984 littori
1150 2920 1319 2986 adhaeres-

146 3025 285 3105 cebam,
308 3041 454 3110 tempora
473 3040 640 3109 captantes
665 3042 696 3094 et
715 3028 936 3109 occasionem,
960 3044 998 3094 ut
1021 3030 1152 3097 batavis
1178 3031 1318 3098 navibus

145 3135 290 3202 flammas
313 3119 481 3205 inferrent.
527 3137 662 3238 Ibidem!
677 3141 849 3206 tormentis
871 3156 1029 3207 certatum
1053 3157 1113 3210 est.

190 3247 278 3314 Sunt
297 3247 430 3331 quidem
449 3250 529 3316 haec
549 3251 657 3317 omnia
676 3251 866 3320 hostilitatis
878 3271 1067 3338 progressae
1085 3256 1169 3321 ultra
1185 3256 1318 3322 humani
1333 3283 1414 3332 Aruc.
1427 3281 1453 3330 γ,

147 3358 216 3424 odii
244 3358 326 3426 lines
354 3359 476 3428 indicia
504 3375 568 3428 tam
596 3365 681 3429 clara
707 3364 1016 3448 atquemanifesta,
1041 3366 1160 3450 utqui
1184 3367 1321 3434 certiora

148 3469 334 3553 desideret,
360 3470 390 3536 ei
418 3473 552 3540 meridie
574 3494 642 3541 non
664 3477 780 3542 luceat.
827 3476 919 3564 Quid
942 3477 1026 3544 enlm
1049 3477 1134 3546 velis
1157 3468 1320 3563 amplius,

147 3605 246 3667 quam
283 3587 374 3670 quod
407 3587 457 3653 illi
491 3585 525 3652 in
557 3587 706 3654 nocendo
740 3607 800 3655 nec
835 3588 984 3670 nomini,
1018 3607 1078 3655 nec
1110 3591 1230 3674 rebus,
1261 3610 1320 3656 nec

146 3697 234 3763 vitae
258 3697 481 3781 Batavorum,
515 3718 574 3763 nec
597 3699 760 3765 sumtibus
783 3699 874 3782 suis,
898 3719 958 3766 nec
981 3699 1158 3784 periculis,
1182 3721 1223 3766 ne
1243 3701 1320 3768 fidei

148 3809 283 3891 quidem
315 3809 556 3894 pepercerunt?
603 3809 669 3876 Sed
701 3824 807 3877 tamen
839 3829 904 3876 una
936 3812 1031 3878 etiam
1061 3831 1112 3878 res
1143 3828 1212 3896 est,
1237 3834 1321 3897 quae

148 3939 199 3986 me
222 3920 366 3987 validius
389 3921 552 4000 concutit,
577 3935 610 3987 et
633 3942 713 4005 qua,
738 3936 775 3986 ut
796 3941 857 4007 ego
879 3921 1031 4002 arbitror,
1056 3922 1154 3989 animi
1175 3924 1320 4004 nobiles,

149 4031 275 4114 quibus
297 4032 399 4116 patria
428 4033 617 4116 patriaeque
641 4033 745 4119 gloria
767 4033 858 4099 cordi
882 4017 952 4115 est,
976 4034 1071 4100 etiam
1092 4035 1320 4102 vehementius

148 4162 247 4225 quam
271 4145 406 4212 caeteris
428 4146 660 4212 movebuntur.
705 4145 842 4210 Planum
865 4143 978 4212 liciam
1002 4145 1181 4212 Lusitanos
1203 4147 1236 4212 in
1261 4167 1322 4232 po-

117 4269 122 4282 ·
149 4256 248 4338 pulos
279 4275 414 4339 omnes,
447 4255 505 4339 qui
539 4257 679 4325 Batavos
706 4257 753 4321 'ad
775 4277 811 4324 se
833 4257 986 4324 accedere
1008 4257 1195 4342 negotiandi
1220 4259 1322 4343 gratia

151 4366 238 4448 passi
262 4383 360 4449 sunt,
394 4386 460 4434 non
492 4367 600 4435 minus
633 4387 730 4452 quam
755 4367 788 4433 in
812 4367 903 4452 ipsos
934 4369 1113 4452 saeviisse,
1147 4385 1203 4435 aut
1226 4369 1321 4435 etiam

150 4491 242 4545 tanto
262 4479 381 4566 magis,
406 4495 529 4563 quanto
551 4479 599 4547 illi
621 4480 722 4566 magis
742 4495 809 4549 arte
831 4480 910 4548 belll
930 4495 1086 4564 possunt,
1110 4484 1321 4566 pollentque:

448 4617 449 4622 ,
1132 4594 1190 4674 13*
