3326 5506
467 617 514 665 ΒΕ
537 617 630 684 JURE
657 618 841 667 PRAEDAE.
865 619 947 668 CAP.
971 621 1037 668 xn.
1270 620 1333 687 245

161 774 234 840 tolli
256 793 323 841 non
343 789 477 858 potest,
496 789 528 841 et
545 773 573 840 si
593 789 724 857 posset,
748 793 814 841 non
839 790 945 842 tamen
968 792 1082 859 posset
1102 776 1166 844 nisi
1187 778 1332 847 omnium

161 887 308 971 gentium
341 905 522 955 consensu:
555 902 679 954 tanturn
713 889 803 954 abest
832 901 870 954 ut
900 890 969 955 ullo
993 889 1091 956 modo
1116 909 1195 974 gens
1223 892 1333 974 aliqua

162 1014 274 1084 gentes
303 1000 384 1065 duas
408 999 492 1066 inter
514 1019 548 1065 se
579 1001 768 1066 contrahere
792 1002 941 1066 volentes
961 1002 1049 1086 juste
1080 1001 1244 1085 impediat.
1290 1003 1335 1068 Et

160 1111 302 1194 primum
333 1111 482 1178 inventio
511 1126 568 1178 aut
598 1111 772 1195 occupatio
796 1111 850 1179 hic
882 1114 992 1181 locum
1021 1115 1231 1195 nonhabet,
1256 1114 1334 1196 quia

157 1226 213 1309 jus
243 1223 406 1290 mercandi
437 1245 502 1291 non
531 1239 581 1290 est
604 1223 729 1307 aliquid
749 1227 943 1307 corporale,
969 1227 1060 1309 quod
1086 1227 1192 1310 possit
1220 1248 1334 1310 appre-

160 1336 281 1402 hendi:
306 1357 413 1419 neque
435 1337 606 1419 prodesset
625 1337 794 1404 Lusitanis
812 1337 939 1403 etiamsi
955 1338 1051 1421 primi
1072 1339 1242 1406 hominum
1259 1359 1334 1404 curn

161 1449 249 1515 Indis
273 1449 464 1516 habuissent
485 1449 697 1529 commercia,
723 1451 814 1532 quod
834 1464 941 1516 tamen
963 1470 1028 1518 non
1048 1466 1158 1534 potest
1175 1471 1241 1518 non
1264 1470 1334 1518 esse

161 1559 386 1629 falsissimum.
432 1563 519 1627 Nam
544 1578 669 1628 etcum
693 1562 788 1628 initio
818 1562 935 1646 populi
957 1563 990 1627 in
1013 1563 1143 1630 diversa
1164 1564 1252 1646 iere,
1276 1563 1335 1630 ali-

161 1694 246 1756 quos
279 1694 412 1740 necesse
445 1690 495 1742 est
523 1674 648 1758 primos
671 1674 772 1741 fuisse
802 1690 1019 1755 mercatores,
1044 1695 1128 1759 quos
1151 1691 1259 1743 tamen
1279 1678 1335 1761 ius

160 1789 289 1853 nullum
313 1787 531 1870 acquisivisse
555 1802 645 1852 certo
670 1802 720 1853 est
741 1787 871 1854 certius.
917 1789 1027 1875 Quare
1049 1787 1076 1853 si
1098 1788 1334 1873 Lusitanisjus

161 1899 298 1981 aliquod
318 1899 498 1983 competit,
522 1914 560 1965 ut
580 1899 643 1966 soli
665 1919 741 1967 cum
765 1899 855 1967 Indis
878 1900 1104 1985 negotientur,
1129 1900 1162 1965 id
1186 1903 1335 1984 exemplo

161 2026 361 2078 caeterarum
394 2012 591 2079 servitutum
626 2032 665 2078 ex
695 2011 907 2078 concessione
940 2011 1019 2077 oriri
1050 2012 1165 2078 debuit
1195 2028 1252 2078 aut
1280 2034 1336 2079 ex-

161 2143 274 2207 pressa
297 2138 354 2190 aut
373 2124 494 2205 tacita,
508 2125 571 2190 hoc
593 2139 664 2206 est,
676 2123 956 2209 praescriptione,
973 2144 1081 2207 neque
1101 2125 1194 2191 aliter
1215 2140 1334 2209 potest.

164 2236 340 2303 Concessit
362 2257 482 2318 nemo,
505 2237 570 2302 nisi
593 2235 678 2303 forte
702 2235 877 2318 Pontifex,
903 2236 961 2318 qui
985 2256 1050 2302 non
1074 2238 1194 2321 potuit.
1226 2237 1335 2304 Nemo

163 2349 273 2430 enim,
299 2350 389 2432 quod
417 2369 513 2416 suum
545 2368 611 2415 non
642 2364 690 2416 est
721 2350 898 2415 concedere
921 2364 1041 2432 potest.
1088 2351 1137 2415 At
1160 2347 1335 2432 Pontifex,

161 2460 227 2527 nisi
260 2462 364 2528 totius
397 2461 510 2529 mundi
544 2461 733 2546 temporalis
751 2462 809 2527 ‘sit
832 2462 1005 2544 dominus,
1032 2463 1123 2544 quod
1146 2476 1265 2548 negant
1287 2481 1336 2528 sa·

161 2574 314 2657 pientes,
335 2566 390 2659 jus
420 2575 516 2641 etiam
540 2573 809 2640 commerciorum
833 2574 1017 2641 universale
1039 2575 1090 2641 sui
1112 2575 1196 2659 Juris
1229 2573 1336 2640 dicere

163 2706 231 2753 non
261 2702 380 2770 potest.
428 2687 574 2754 Maxime
599 2707 676 2753 vero
699 2707 773 2752 cum
797 2705 848 2753 res
878 2686 921 2753 sit
951 2687 992 2752 ad
1022 2688 1128 2752 solum
1164 2701 1336 2768 quaestum

162 2799 405 2866 accommodata
421 2799 573 2882 nihilque
590 2801 630 2865 ad
651 2799 852 2882 spiritualem
874 2799 1136 2884 procurationem
1149 2799 1335 2883 pertinens,

162 2927 252 2978 extra
283 2933 378 2994 quam
413 2927 541 2993 cessat,
573 2927 610 2977 ut
640 2911 783 2978 fatentur
810 2930 943 2993 omnes,
980 2910 1155 2978 Pontificio
1181 2925 1336 2994 potestas.

162 3025 331 3090 Praeterea
355 3025 382 3089 si
403 3023 555 3090 Pontifex
577 3025 656 3090 solis
680 3024 763 3090 illud
781 3024 952 3091 Lusitanis
970 3024 1025 3108 jus
1049 3023 1192 3088 tribuere
1215 3026 1336 3104 vellet,

163 3137 316 3219 idemque
331 3138 472 3203 adimere
487 3137 678 3204 hominibus
695 3137 844 3215 caeteris,
859 3135 1021 3218 duplicem
1034 3135 1156 3201 faceret
1170 3136 1334 3220 injuriam.

163 3250 309 3314 Primum
329 3249 419 3316 Indis
432 3297 443 3331 ,
458 3268 543 3331 quos
565 3260 602 3314 ut
623 3263 716 3314 extra
738 3249 908 3314 ecclesiam
930 3247 1057 3331 positos
1070 3247 1224 3314 Pontifici
1247 3251 1338 3316 nulla

164 3383 204 3427 ex
236 3376 326 3445 parte
349 3362 501 3428 subditos
532 3380 602 3427 esse
625 3361 778 3428 diximus.
826 3361 889 3426 His
920 3361 1021 3447 igitur
1044 3381 1118 3426 cum
1142 3361 1225 3426 nihil
1248 3363 1339 3445 quod

163 3475 308 3558 ipsorum
341 3490 390 3540 est
420 3474 559 3540 adimere
589 3474 696 3558 possit
725 3472 902 3553 Pontifex,
928 3473 1024 3539 etiam
1051 3475 1108 3558 jus
1140 3474 1223 3539 illud
1247 3475 1338 3556 quod

164 3587 287 3652 habent
333 3607 407 3652 cum
455 3587 660 3669 quibuslibet
703 3586 892 3671 negotiandi
936 3587 1074 3652 adimere
1109 3606 1174 3651 non
1214 3587 1336 3669 potuit.

163 3699 293 3765 Deinde
324 3699 396 3766 aliis
419 3698 609 3764 hominibus
633 3699 786 3765 omnibus
807 3698 1004 3764 Christianis
1035 3713 1067 3764 et
1094 3717 1159 3763 non
1179 3697 1338 3766 Christia-

164 3811 238 3891 nis,
263 3811 384 3893 quibus
408 3811 493 3877 idem
517 3812 599 3877 illud
620 3814 693 3896 Jus,
717 3811 858 3878 adimere
887 3831 953 3876 non
984 3811 1094 3894 potuit
1125 3811 1194 3876 sine
1217 3832 1337 3894 causa,

165 3940 221 3990 aut
244 3944 340 3990 causa
363 3924 496 3990 indicta.
554 3925 645 3990 Quid
669 3924 760 4008 quod
781 3945 821 3989 ne
841 3925 1036 4006 temporales
1059 3923 1190 4005 quidem
1213 3925 1337 3991 domini

164 4035 197 4100 in
221 4035 290 4102 suis
315 4036 457 4119 imperiis
482 4038 655 4120 prohibere
677 4051 817 4120 possunt
839 4036 1109 4102 commerciorum
1133 4036 1338 4117 libertatem,

167 4148 215 4215 uti
239 4149 424 4215 rationibus
450 4165 482 4214 et
500 4150 752 4216 auctoritatibus
772 4165 844 4215 ante
862 4150 1120 4215 demonstratum
1148 4149 1223 4214 est?
1245 4149 1340 4215 Sicut

166 4276 198 4327 et
229 4261 313 4329 illud
335 4261 559 4328 confitendum
582 4278 652 4345 est,
677 4277 788 4329 contra
808 4264 862 4348 jus
886 4276 1079 4346 perpetuum
1103 4275 1236 4327 naturae
1261 4281 1338 4346 gen-

166 4375 336 4457 tiumque,
362 4376 448 4441 unde
478 4376 541 4442 ista
571 4376 703 4444 libertas
724 4377 881 4462 originem
902 4374 1019 4443 sumsit
1039 4374 1073 4440 in
1096 4393 1191 4439 omne
1210 4388 1339 4457 tempus

169 4489 345 4571 duratura,
368 4491 491 4556 nullam
512 4491 620 4556 valere
639 4489 810 4559 Pontificis
833 4487 1066 4556 auctoritatem.
1113 4485 1230 4552 Restat
1248 4506 1340 4570 prae-
