3310 5482
287 1195 745 1318 HUGONIS
803 1199 1178 1320 GROTII

638 1456 828 1532 LIBER

361 1671 461 1771 on
500 1669 689 1803 Jnan
734 1669 1102 1770 Pannona

490 1925 686 1993 CAPUT
729 1926 985 1994 PRIMUM.

201 2135 415 2183 exortorum·
450 2133 735 2182 nnoumrnrom
770 2115 1023 2184 nrsrnrrur'ro.
1059 2135 1274 2186 mnrnonus.

599 2248 694 2295 onoo
728 2245 870 2295 oratus.
1248 2217 1250 2220 ’

193 2535 258 2601 Res
280 2555 358 2601 sane
378 2555 465 2604 nova
486 2550 519 2603 et
540 2536 681 2603 externis
701 2535 758 2602 vix
781 2535 941 2602 credenda
953 2534 1094 2619 accidit,
1116 2548 1154 2600 ut
1172 2554 1227 2600 eos
1240 2533 1324 2600 inter
1335 2545 1425 2594 exora.

150 2647 320 2730 homines,
350 2647 472 2730 quibus
503 2662 568 2713 tam
602 2647 660 2714 diu
690 2647 723 2712 in
746 2646 913 2730 Hispanos
934 2647 1057 2714 bellum
1079 2660 1149 2730 est,
1170 2645 1323 2729 privatim

150 2772 313 2841 praeterea
326 2760 514 2844 gravissime
525 2759 684 2842 offensos,
697 2759 781 2827 illud
792 2759 1015 2842 disceptetur,
1037 2778 1077 2825 an
1086 2759 1178 2844 justo
1190 2758 1224 2824 in
1236 2758 1324 2824 bello

149 2869 273 2936 hostem
297 2871 582 2955 crudelissimum,
606 2871 732 2955 quique
755 2871 900 2957 gentium
924 2871 1118 2938 commercia
1140 2870 1230 2954 prior
1251 2870 1324 2936 vio-
1369 2885 1372 2893 '

149 2981 233 3064 larit,
254 2985 448 3050 auctoritate
468 2983 602 3068 publica
622 2997 710 3050 recte
751 2982 903 3066 spolient.
958 2983 1008 3048 Ita
1037 2981 1098 3064 fit,
1128 2997 1167 3047 ut
1186 2980 1323 3064 Batavi,

148 3114 211 3175 qua
241 3111 336 3180 gente
367 3114 433 3162 non
463 3095 524 3161 alia
554 3110 603 3162 est
623 3095 753 3162 honesti
795 3109 952 3179 quaestus
981 3093 1130 3178 avidior,
1165 3113 1325 3162 verecun-

148 3205 216 3272 dari
236 3206 415 3274 videantur
445 3208 597 3274 nonnulli
614 3208 776 3292 xpraedam
798 3227 996 3293 agnoscere,
1018 3205 1240 3273 misericordia
1262 3206 1326 3272 sci-

149 3316 224 3382 licet
250 3316 283 3384 in
306 3317 403 3398 illos,
424 3319 483 3402 qui
513 3319 576 3403 ipsi
606 3338 648 3386 ne
672 3319 817 3386 hostium
843 3319 976 3403 quidem
997 3319 1070 3404 jura
1098 3332 1324 3386 servaverunt.

148 3428 249 3516 Quod
271 3450 347 3498 cum
378 3431 505 3498 accidat
523 3431 640 3515 partim
653 3431 869 3515 quorumdam
880 3451 994 3516 parum
1006 3429 1206 3513 reipublicae
1217 3449 1326 3496 aman-

147 3540 228 3607 tium
270 3542 467 3625 calumniis,
508 3543 627 3628 partim
666 3543 805 3610 aliorum
838 3543 996 3629 religione
1031 3556 1063 3610 et
1096 3541 1326 3626 superstitiosa

147 3654 284 3735 quadam
308 3654 528 3740 abstinentia,
550 3671 588 3723 ut
610 3656 740 3723 illorum
763 3655 905 3722 malitiae
926 3675 1119 3737 occurrere,
1142 3654 1187 3720 ita
1207 3656 1325 3720 horum

147 3763 388 3849 simplicitatem
412 3767 573 3835 instruere
596 3767 871 3852 operaepretium
893 3765 969 3833 fuit.
1014 3765 1134 3850 Neque
1156 3765 1241 3832 enim
1253 3787 1327 3850 per-

147 3875 319 3959 spicaciori
353 3879 506 3961 cuiquam
538 3880 687 3965 ignotum
717 3899 786 3946 esse
814 3893 942 3963 potest,
966 3898 1032 3961 quo
1052 3877 1114 3943 ista
1137 3878 1273 3946 tendant
1296 3894 1328 3943 et

147 3987 267 4070 quibus
289 3989 435 4056 hostium
468 3990 594 4059 artibus
624 3990 834 4058 misceantur.
879 3991 966 4056 Nam
989 3990 1018 4058 si
1038 3990 1206 4075 Hispanos
1229 3989 1327 4056 maris
1401 4063 1404 4069 ,

148 4101 335 4168 obsessores
368 4100 533 4169 offendere
562 4118 691 4170 cessant
718 4102 853 4182 Batavi,
886 4102 977 4186 quod
1005 4121 1082 4168 sane
1111 4100 1189 4180 fiet,
1219 4103 1248 4168 si
1277 4121 1328 4168 res

148 4211 208 4280 ista
229 4212 300 4278 sine
319 4215 491 4281 commodo
512 4215 694 4299 periculum
708 4229 834 4282 tantum
845 4214 977 4292 afferet,
1000 4228 1122 4280 crescet
1134 4213 1328 4281 immensum

148 4324 202 4391 illa
231 4323 394 4392 ferocium
425 4326 605 4394 animorum
635 4328 834 4412 insolentia,
863 4330 974 4394 clausa
1005 4326 1097 4393 brevi
1130 4327 1329 4393 tenebuntur

148 4435 258 4503 littora
267 4437 372 4506 totius
384 4438 493 4517 orbis,
517 4455 648 4507 corruet
670 4440 817 4508 Asiatica
836 4440 942 4507 omnis
965 4436 1169 4525 negotiatio,
1192 4456 1257 4521 qua
1275 4437 1329 4504 vel

148 4551 218 4616 sola
255 4552 309 4618 vel
346 4551 517 4637 potissima
555 4554 706 4640 publicas
736 4575 816 4640 opes
850 4553 1003 4622 sustineri
1035 4551 1145 4618 sciunt
1176 4549 1240 4634 ipsi
1270 4569 1329 4617 nec

1181 4658 1196 4703 1
