3316 5494
344 623 404 686 114
641 617 687 664 DE
709 615 804 685 lelE
830 611 1013 662 eumundo.
1037 611 1116 658 CAP.
1141 609 1221 658 vllr.

341 798 435 844 usum
456 777 600 854 habent,
621 771 710 840 hosti
734 767 949 836 transmiserit
970 773 1003 849 ¹,
1025 769 1151 852 justum
1177 770 1298 836 bellum
1322 769 1447 854 gerenti
1461 785 1518 834 ca-

340 903 436 954 tenus
458 886 647 972 obligatur,
672 898 834 967 quatenus
857 879 961 947 videri
982 893 1092 962 potest
1113 894 1170 945 aut
1190 880 1306 947 damno
1329 881 1521 964 insequenti

341 1017 469 1064 causam
493 996 644 1076 dedisse,
668 1009 724 1062 aut
745 997 816 1080 ejus
836 991 928 1075 quod
947 1005 1021 1057 ante
1042 991 1152 1057 datum
1175 1006 1242 1056 erat
1261 990 1520 1058 satisfactionem

341 1109 567 1193 impedivisse.
615 1107 701 1173 Cum
732 1105 817 1170 enim
843 1102 968 1170 factum
992 1101 1095 1185 ipsius
1117 1102 1205 1168 bello
1230 1101 1273 1167 sit
1295 1101 1523 1168 accommoda-

342 1237 435 1303 tum,
468 1240 534 1285 non
568 1234 617 1286 est
649 1232 737 1284 extra
772 1217 925 1298 culpam,
957 1213 1016 1296 qui
1048 1231 1164 1279 causae
1196 1213 1335 1297 injustae
1367 1213 1523 1295 quamvis

343 1331 530 1416 imprudens
547 1327 719 1395 adstitit¹:
737 1326 852 1394 similis
872 1325 921 1390 illi
939 1324 1087 1405 scilicet,
1112 1325 1170 1407 qui
1193 1324 1373 1391 debitorem
1394 1324 1522 1390 miseri·

343 1442 453 1509 cordia
474 1456 584 1507 motus
607 1439 728 1506 carceri
751 1437 892 1517 exemit,
913 1452 970 1502 aut
992 1455 1047 1502 reo
1060 1436 1167 1521 fugam
1179 1434 1392 1518 monstravit,
1414 1436 1522 1502 autin

343 1557 478 1640 causa†
490 1599 853 1618 .................
865 1548 933 1615 litis
947 1547 1130 1631 pacrono',
1155 1567 1239 1629 quos
1252 1567 1364 1616 omnes
1375 1548 1416 1613 ad
1427 1547 1524 1615 resti-

343 1665 504 1730 tutionem
526 1661 718 1746 simpliciter
740 1660 878 1746 obligari
902 1675 1055 1727 constans
1078 1658 1278 1724 eruditorum
1288 1658 1450 1724 sententia
1462 1674 1522 1727 est.

345 1777 391 1842 Et
411 1777 474 1843 hoc
494 1790 544 1842 est
564 1773 654 1857 quod
676 1772 915 1838 Amalasuntha
935 1770 1155 1856 *Justiniano
1178 1770 1354 1852 respondet
1374 1770 1521 1837 hostium

345 1888 420 1953 loco
453 1905 544 1965 esse,
577 1884 635 1967 qui
668 1883 756 1950 hosti
788 1883 829 1949 ad
859 1884 982 1950 bellum
1014 1880 1193 1948 necessaria
1227 1880 1479 1948 subministrant
1497 1882 1521 1947 ⁴.

347 1997 406 2063 Sin
434 2014 556 2061 merces
589 1994 751 2080 eiusmodi
782 1993 926 2076 fuerint,
960 2013 1043 2076 quae
1075 2013 1133 2076 per
1159 2012 1194 2058 se
1215 1993 1302 2059 bello
1329 2011 1395 2057 non
1420 1993 1523 2060 inser·

347 2107 467 2189 viunt,
501 2106 557 2172 sed
594 2119 701 2172 tamen
735 2104 819 2188 parti
854 2104 995 2190 injustae
1029 2103 1107 2170 belli
1141 2103 1175 2169 in
1209 2105 1345 2188 longum
1379 2102 1523 2170 ducendi

348 2231 512 2303 praestant
533 2215 758 2297 occasionem,
782 2215 810 2281 si
832 2215 964 2298 quidem
986 2228 1148 2282 travector
1179 2213 1261 2280 scire
1291 2215 1354 2280 hoc
1388 2213 1523 2293 debuit,

350 2328 436 2395 idem
458 2327 630 2394 dicendum
652 2341 710 2392 cst.
754 2325 892 2410 Alioqui
914 2345 980 2393 non
1001 2340 1050 2392 est
1070 2325 1236 2410 putandus
1257 2325 1290 2391 in
1312 2327 1407 2409 culpa
1432 2345 1523 2406 csse,

348 2439 413 2506 nisi
436 2459 453 2505 a
475 2438 643 2522 republica
672 2439 799 2523 justum
832 2439 954 2504 bellum
984 2453 1114 2523 gerente
1144 2438 1208 2504 hoc
1239 2436 1345 2520 ipsum
1377 2435 1425 2501 illi
1450 2456 1523 2502 cum

346 2548 495 2635 justitiae
517 2549 793 2616 demonstratione
815 2549 1041 2615 denuntiatum
1062 2549 1106 2614 sit
1117 2548 1140 2614 ⁵.
1162 2549 1400 2632 Argumentum
1422 2549 1524 2633 hujus

351 2660 572 2727 distinctionis
606 2659 732 2727 illustre
762 2679 802 2725 ex
825 2658 948 2726 Seneca
967 2656 979 2691 ⁸
998 2657 1109 2744 colligi
1132 2674 1265 2743 potest,
1289 2659 1346 2741 qui
1370 2659 1525 2744 ingratia

350 2802 545 2814 nnn-affl

384 2869 392 2901 ¹
413 2871 445 2920 v.
464 2884 488 2919 c.
508 2870 543 2918 ita
559 2872 734 2930 quorumdam.
749 2881 773 2919 et
791 2884 814 2919 c.
830 2871 862 2920 ad
878 2869 1042 2919 liberandam.
1059 2871 1091 2918 de
1107 2868 1218 2932 judaeis.
1237 2866 1375 2932 [Decretal.
1395 2879 1418 2924 ε.
1434 2869 1525 2918 6.d.et

352 2974 375 3017 5.
394 2958 484 3025 ⁶.17.]
505 2963 522 3009 l.
542 2975 565 3009 a.
583 2962 612 3010 C.
630 2975 694 3022 quae
712 2975 752 3010 res
771 2972 872 3022 export.
891 2974 943 3009 non
962 2960 1020 3010 deb.
1040 2958 1082 3024 [C.
1091 2973 1115 3021 4.
1125 2958 1178 3022 41.]
1214 2956 1295 3009 ²Silv.
1305 2957 1331 3007 in
1341 2974 1366 3009 v.
1375 2960 1525 3009 Restitutio.

349 3067 375 3118 p.
395 3065 418 3110 ³·
436 3055 458 3110 5.
480 3065 518 3100 12.
535 3062 643 3100 sextum.
663 3064 687 3100 et
704 3052 849 3112 septimum.
884 3049 895 3083 ⁸
913 3051 975 3099 silv.
991 3050 1017 3099 in
1032 3065 1057 3099 v.
1067 3051 1223 3099 Advocatus.
1233 3050 1254 3111 S.
1267 3050 1304 3098 16.
1321 3050 1525 3110 ⁴Procop.Bell.

351 3143 438 3190 Gotth.
454 3144 471 3190 l.
491 3155 514 3190 ι.
535 3141 602 3205 [vol.
626 3153 807 3202 1.p.srs.c.
826 3140 863 3206 d]
899 3141 910 3173 ⁶
927 3143 959 3189 V.
976 3154 1000 3190 c.
1018 3138 1180 3201 significavit.
1200 3153 1257 3188 cum
1276 3153 1298 3188 c.
1316 3141 1386 3200 quod
1405 3141 1477 3189 olim.
1495 3142 1524 3190 de

350 3234 407 3295 Jud.
428 3230 567 3295 [Decretal.
586 3243 610 3288 s.
628 3232 654 3280 ό.
675 3244 713 3280 ιι.
731 3243 755 3280 et
777 3232 828 3294 ra]
848 3243 873 3280 et
891 3234 995 3286 Extrav.
1011 3233 1042 3280 de
1058 3233 1116 3294 Jud.
1137 3231 1332 3294 [Extrav.d.1.]
1356 3233 1385 3279 C.
1403 3245 1470 3292 quae
1487 3245 1525 3280 res

351 3335 410 3372 ven.
430 3334 482 3370 non
504 3335 574 3381 poss.
596 3332 620 3370 et
641 3335 706 3381 quae
721 3335 761 3371 res
780 3333 879 3383 export.
900 3335 925 3372 et
943 3325 974 3373 de
993 3321 1163 3372 commerciis.
1181 3336 1228 3384 per
1244 3334 1313 3372 totos
1330 3321 1419 3372 titulos
1440 3321 1485 3386 [C.
1502 3336 1525 3383 4.

351 3425 392 3474 40.
409 3424 451 3473 4¹·
469 3422 494 3459 et
512 3410 566 3476 da]
586 3410 666 3460 Willr.
683 3413 764 3461 Math.
782 3413 899 3462 debello
917 3412 995 3471 justo.
1013 3427 1066 3475 req.
1085 3428 1109 3462 a.
1126 3427 1151 3474 p.
1170 3427 1193 3462 a.
1213 3412 1224 3445 ⁶
1242 3414 1274 3461 de
1291 3412 1376 3461 benef.
1393 3416 1527 3472 l.7.c.ao.

385 3504 400 3564 †
420 3500 489 3566 [Hoc
505 3504 564 3550 loco
582 3501 629 3551 tria
645 3505 688 3552 vel
704 3514 813 3563 quatuor
828 3504 908 3553 verba
925 3503 951 3553 in
969 3503 1134 3564 manuscripti
1151 3504 1261 3564 margine
1277 3505 1360 3552 deleta
1373 3515 1441 3552 sunt.
1460 3504 1526 3568 Quid

353 3592 457 3642 Grotius
474 3591 605 3652 scripserit
620 3606 633 3642 e
647 3593 748 3644 levibus
764 3608 827 3655 quae
842 3607 976 3655 supersunt
991 3594 1105 3656 vestigiis
1120 3593 1236 3655 expediri
1251 3607 1303 3642 non
1317 3605 1411 3654 potest.
1429 3596 1526 3643 Auctor

352 3683 407 3744 ipse
431 3683 457 3731 in
481 3697 559 3744 opere
582 3683 612 3731 de
630 3682 692 3746 jure
711 3683 769 3733 belli
790 3693 816 3733 et
835 3685 924 3750 pacis,
952 3698 1007 3734 ιιι.
1034 3699 1054 3734 r.
1079 3697 1101 3741 5.
1124 3685 1150 3733 in
1173 3683 1302 3734 consimili
1323 3696 1397 3734 causa
1413 3687 1527 3746 exempla

352 3773 438 3832 affert,
456 3773 549 3833 quibus
564 3774 606 3824 iric
621 3788 724 3835 qnoque
737 3775 831 3834 utitur,
849 3775 973 3826 debitoris
988 3776 1085 3825 carceri
1094 3774 1187 3824 exemti
1196 3786 1221 3824 et
1228 3775 1265 3824 rei
1276 3774 1317 3824 cal
1325 3774 1384 3836 iirga
1391 3786 1526 3824 monstrata

353 3875 405 3926 eat,
423 3865 468 3912 sed
481 3877 539 3913 cum
551 3864 653 3914 tertium
665 3867 809 3927 exemplum
823 3866 950 3928 omiserit,
969 3865 1012 3914 illa
1026 3865 1103 3914 nobis
1117 3869 1201 3916 lucem
1215 3867 1309 3914 nullam
1330 3865 1452 3925 praebere
1469 3879 1526 3927 pos·

353 3965 420 4004 sunt.
439 3954 573 4015 silvester,
591 3953 663 4012 cujus
678 3959 802 4005 Summam
817 3957 921 4005 Grotius
936 3959 1025 4017 allegat
1040 3956 1066 4004 in
1081 3972 1106 4005 v.
1120 3958 1278 4005 Advocatus.
1292 3959 1314 4014 5.
1333 3956 1442 4006 16.haec
1451 3957 1527 4006 verba

353 4046 442 4123 babet,
455 4058 519 4105 quae
535 4045 639 4094 Grotius
654 4059 781 4107 spectasse
796 4047 911 4096 videtur:
925 4047 1064 4097 advocatus
1073 4055 1174 4096 tenerur
1180 4047 1214 4096 ad
1221 4045 1404 4095 restitutionem
1413 4048 1527 4106 omnium,

354 4149 417 4199 quae
432 4135 486 4194 illi,
501 4144 590 4185 contra
607 4149 667 4198 quos
681 4137 837 4200 aduocabat,
851 4146 959 4203 propter
975 4138 1054 4202 ipsius
1064 4139 1232 4203 patrocinium
1245 4136 1339 4200 injuste
1351 4135 1510 4202 amiternina]

388 4225 401 4254 *
421 4227 615 4288 [Amalasuntha
631 4228 696 4287 apud
713 4228 867 4290 Procopium
885 4241 937 4278 non
956 4229 1019 4279 dicit
1036 4230 1117 4278 hostis
1136 4231 1196 4277 loco
1214 4241 1284 4291 etse,
1301 4228 1345 4290 qui
1362 4230 1431 4278 hosti
1440 4243 1525 4278 neces-

353 4317 418 4366 saria
444 4317 633 4379 subministret,
651 4319 695 4366 sed
719 4331 807 4368 contra
826 4319 891 4368 socii
910 4331 935 4369 et
955 4319 1030 4369 amici
1048 4319 1151 4369 nomine
1168 4319 1269 4380 dignum
1285 4318 1385 4377 videri,
1404 4319 1449 4380 qui
1468 4323 1524 4368 alte·

351 4421 409 4478 rum
431 4407 457 4456 in
482 4407 551 4456 bello
575 4405 627 4458 suis
652 4408 744 4469 opibus
764 4407 845 4466 juvet.
879 4412 936 4470 Ipsa
959 4411 1026 4460 enim
1040 4410 1182 4474 Justiniano
1199 4412 1250 4459 hoc
1263 4411 1341 4459 modo
1356 4410 1485 4460 adstiterat
1501 4410 1524 4458 in

353 4499 422 4546 bello
439 4497 494 4555 eius
509 4501 627 4550 adversus
648 4499 799 4563 vandalos]
