3310 5482
438 601 486 648 on
509 602 602 667 June
628 564 829 682 ιιιιιιιιιιι.
829 565 921 652 *dan
939 605 1030 674 ιιι.
1049 637 1051 642 .
1122 669 1126 676 ἢ
1195 585 1329 672 ·’·4ἰ.

131 756 214 824 mihi
234 755 343 837 illud,
368 775 435 839 quo
453 769 587 823 naturae
610 728 712 824 ductu
720 755 960 844 vivebatur¹,
983 759 1175 858 bellatorem
1200 761 1306 828 Abra·

132 871 264 936 hamum
295 867 504 952 suppeditat,
539 868 630 934 lex
621 889 691 952 1psa
712 846 897 954 ¹Moaem
900 884 946 936 et·
942 847 1152 938 Davidem³
1163 892 1306 955 ,evan·
1395 859 1398 866 ⁴

131 981 234 1066 gelica
264 978 442 1047 historia⁸
469 979 692 1048 centurionem
728 1001 794 1050 non
829 1000 930 1076 unum
952 957 1206 1087 Paulumque
1197 1004 1331 1068 ipsum·
1370 1009 1373 1014 ·

130 1108 244 1159 contra
276 1091 480 1159 inimicorum
513 1091 646 1160 insidias
678 1085 831 1160 militirc
846 1068 1043 1177 praesidium
1065 1081 1304 1178 postulantem:
1363 1126 1366 1132 ·

130 1204 304 1287 sequentia
327 1202 442 1270 deinde
466 1205 627 1270 saecula⁴
648 1219 698 1271 tot
718 1192 1011 1298 religiosissimos
989 1199 1245 1310 nuntiatores,-
1241 1223 1305 1276 tot

131 1315 431 1383 Christianissimos
454 1322 568 1401 reges,
592 1315 650 1400 qui
671 1316 766 1384 etiam
789 1315 823 1383 in
829 1336 920 1428 cos,
945 1316 1003 1400 qui
1023 1316 1212 1388 Christiani
1218 1320 1304 1387 dice-

130 1429 273 1509 bantur,
303 1428 387 1493 bella
417 1443 595 1512 gesserunt.
639 1427 733 1516 Quid
765 1443 905 1520 autem,
924 1427 1024 1513 quod
1047 1445 1174 1499 veteres
1208 1432 1305 1520 etiam
1332 1439 1335 1444 ’
1399 1455 1402 1461 ·

131 1540 229 1622 illos,
253 1540 471 1621 Gedeonem,
495 1539 674 1621 Baracum,
699 1541 909 1622 samsonem,
930 1541 1098 1627 Jephten,
1122 1534 1303 1610 Samuelem

131 1666 166 1718 et
184 1651 468 1736 prophetasalios
491 1645 624 1746 eadem,
648 1658 718 1734 qua'
733 1643 794 1718 nos
815 1635 1025 1738 vegetamur,
1044 1675 1120 1722 vera
1131 1647 1172 1720 'in
1189 1655 1304 1722 Chris-

131 1778 201 1830 tum
225 1763 291 1830 fide
313 1757 398 1829 bella
420 1763 560 1849 gessisse
581 1763 796 1848 perscriptum
820 1779 870 1830 est
890 1764 929 1830 ⁵?
953 1765 1051 1832 Unde
1075 1766 1224 1850 sequitur
1247 1768 1303 1833 ali·

133 1896 199 1958 qua
221 1893 294 1942 esse
319 1876 408 1960 J'usta
437 1875 589 1942 fidelibus
611 1876 705 1943 bella.
751 1877 882 1944 Rursus
907 1897 981 1943 cum
999 1878 1124 1962 J‘ustum
1145 1877 1303 1963 piumque
1330 1893 1426 1939 nra:
1416 1907 1450 1938 su

132 1987 168 2054 id
195 2002 283 2054 recte
313 1987 463 2069 dicatur,
488 1987 579 2072 quod
599 1987 661 2053 viri
680 1988 762 2073 J'usti
785 2010 821 2055 ac
840 1988 886 2072 pii
907 1991 1033 2074 J'ustum
1053 1989 1210 2074 piumque
1234 2010 1304 2058 esse
1329 1956 1448 2102 {llam

132 2113 357 2181 censuerunt,
381 2113 418 2166 ut
441 2099 660 2184 philosophos
680 2118 793 2168 omnes
813 2101 958 2168 omittam
984 2116 1015 2168 et
1030 2101 1303 2187 iurisconsultos,
1346 2055 1399 2102 'cm

133 2232 275 2296 quorum
306 2231 400 2278 nemo
429 2212 490 2278 hac
522 2211 561 2277 de
591 2232 624 2276 re
645 2210 831 2295 dubitavit,
854 2232 975 2297 paucas
995 2213 1152 2312 duntarat
1173 2214 1303 2284 illorum

132 2324 310 2393 sententias
328 2323 484 2406 referam,
502 2345 643 2409 quorum
667 2339 699 2391 et
721 2324 835 2411 religio
857 2324 1090 2411 spectatissima
1112 2341 1144 2393 et
1164 2326 1304 2394 eruditio

132 2437 208 2505 fuit.
256 2436 470 2523 Augustini⁶
504 2452 572 2504 est:
624 2436 737 2525 Officia
786 2437 955 2506 uindictae
992 2453 1131 2525 possunt
1169 2439 1305 2526 implere
1369 2435 1377 2442 ’

132 2552 208 2616 boni
249 2550 328 2616 bonu
368 2553 502 2632 animo,
535 2549 689 2637 quomoda
719 2548 830 2634 judea
853 2563 885 2616 a
917 2550 1071 2636 quomodo
1094 2551 1161 2618 lea.
1207 2551 1303 2637 Ejus-

133 2663 205 2728 dem
232 2661 265 2726 ⁷:
304 2662 383 2727 Non
403 2661 547 2747 frustra
577 2675 655 2727 sunt
684 2664 845 2727 instituta
872 2676 1019 2749 potestas
1052 2666 1140 2750 regis
1168 2677 1199 2729 et
1230 2687 1303 2752 cog·

132 2778 255 2840 nitoris
276 2775 362 2859 jus,
403 2773 550 2860 ungulae
584 2771 778 2856 carnificis,
816 2793 915 2838 arma
951 2775 1093 2858 militis,
1125 2773 1303 2863 disciplina

131 2885 360 2966 dominantis,
384 2888 542 2954 seueritas
563 2889 663 2950 etiam
687 2886 762 2962 boni
778 2890 903 2972 patris.
951 2886 1085 2952 Habent
1105 2893 1215 2952 omnia
1235 2890 1303 2954 ista

132 2998 263 3079 modos,
303 3017 445 3078 causas,
478 3002 647 3079 rationes,
683 2997 860 3064 utilitates.
916 2999 1007 3064 Hau
1038 3020 1111 3063 cum
1141 3001 1304 3065 timentur

132 3126 163 3178 et
197 3111 283 3177 mali
310 3122 503 3176 coercentur
534 3123 565 3174 et
604 3109 678 3174 boni
708 3113 814 3196 quieti
845 3113 936 3176 inter
966 3108 1068 3175 malos
1083 3113 1214 3178 uiuunt.
1261 3108 1305 3176 Et

132 3222 215 3290 illud
235 3225 269 3287 ⁸:
304 3220 455 3288 Nocendi
485 3219 676 3308 cupiditas,
709 3220 887 3288 ulciscendi
916 3221 1123 3303 crudelitas,
1157 3225 1303 3309 imputa·

132 3349 186 3400 tus
224 3347 327 3419 atque
361 3332 583 3419 implacabilis
621 3337 775 3415 animus,
813 3331 943 3417 feritas
983 3332 1192 3415 rebellandi,
1228 3333 1303 3399 libi·

132 3445 172 3512 do
204 3444 400 3513 dominandi
426 3459 457 3511 tt
487 3450 515 3510 si
545 3466 612 3532 qua
644 3444 793 3525 similia,
825 3446 904 3510 haec
935 3457 1012 3510 sunt
1043 3464 1128 3530 quat
1150 3449 1187 3511 in
1210 3445 1302 3511 bullis

124 3558 207 3643 jura
221 3541 222 3544 ¹
237 3557 445 3644 culpantur:
470 3577 554 3643 quae
575 3556 772 3643 plerumque
802 3569 840 3622 ut
869 3560 969 3621 etiam
981 3556 1065 3642 jure
1082 3560 1301 3644 puniantur,

133 3668 292 3738 aduersus
325 3668 500 3737 uiolentius
532 3672 754 3734 resistentium
786 3669 872 3752 (siut
902 3666 973 3733 Deo
996 3671 1063 3736 siue
1086 3668 1200 3755 aliquo
1221 3668 1300 3756 legi·

134 3873 329 3886 ...-----

166 3978 257 4026 ¹Gen.
278 3991 316 4039 14.
337 3991 376 4033 rs.
411 3975 524 4027 ΒΕιιοιι.
550 3991 588 4036 17.
605 3991 628 4040 9.
647 3979 722 4027 Num.
741 3990 780 4036 ιι.
799 3991 822 4036 7.
841 3981 904 4026 Sam.
925 3992 945 4028 ι.
966 3991 1004 4037 ιι.
1022 3981 1063 4040 48.
1096 3975 1216 4028 3Μιιιιι.
1235 3980 1258 4026 8.
1278 3981 1301 4026 8.

131 4082 157 4118 et
175 4084 215 4128 ιι.
232 4083 272 4131 54.
298 4071 380 4118 Marc.
399 4081 437 4125 1⁵·
456 4082 495 4132 ³9·
520 4071 581 4118 Luc.
598 4082 621 4127 7.
639 4070 663 4118 6.
689 4069 746 4119 Act.
764 4084 802 4119 ιο.
822 4084 843 4119 ι.
869 4073 927 4119 Act.
945 4083 984 4132 29.
1005 4081 1043 4128 17.
1062 4081 1087 4118 et
1105 4081 1145 4127 ιι.
1178 4067 1300 4118 ⁴Passim

131 4162 158 4210 in
179 4161 300 4210 Historiis
323 4160 464 4219 Francicis,
489 4161 645 4211 Germanicis
670 4174 695 4210 et
718 4161 821 4212 aliarum
842 4160 962 4223 gentium.
997 4160 1103 4210 ‘Heba
1124 4174 1161 4209 ιι.
1180 4173 1219 4218 sa.
1237 4161 1300 4210 adde

132 4255 226 4302 Chron.
249 4266 271 4301 1.
295 4265 318 4308 5.
345 4266 385 4300 ιο.
418 4251 546 4317 ‘Quaem
562 4255 665 4314 ,Evann
689 4255 706 4302 1.
727 4266 748 4302 ι.
770 4267 795 4314 q.
822 4266 860 4302 ιο.
888 4253 954 4315 [vol.
972 4265 995 4311 5.
1019 4251 1300 4314 p.a.p.175.]inc.

134 4357 173 4400 15.
191 4345 279 4406 [Dect.
298 4345 367 4392 Grat.
385 4358 411 4404 p.
430 4357 453 4392 a.
471 4355 512 4402 ιι.
528 4344 564 4406 5.]
600 4341 671 4405 7Ει).
690 4357 730 4406 ⁵4·
747 4346 778 4393 ad
795 4344 896 4393 Maced.
913 4344 938 4392 in
957 4345 981 4393 d.
996 4357 1021 4404 q.
1036 4357 1059 4391 c.
1078 4355 1115 4400 17.
1135 4342 1301 4404 [Decr.Grat.

131 4452 158 4497 ιι.
177 4451 199 4485 2.
217 4449 257 4494 23·
276 4436 314 4498 5.]
349 4433 360 4467 ⁸
378 4450 400 4485 c.
419 4437 501 4486 Faust.
519 4436 631 4486 Manich.
648 4439 665 4486 l.
683 4451 724 4486 aa.
741 4451 764 4486 c.
781 4450 822 4499 74„
841 4437 907 4500 [vol.
924 4439 948 4486 8.
961 4451 986 4498 p.
1001 4435 1070 4496 2⁸7·]
1086 4432 1112 4482 in
1127 4447 1150 4482 c.
1164 4445 1189 4495 ,ι
1212 4433 1300 4494 [Dect.

133 4530 203 4577 Grat.
219 4542 245 4589 p.
261 4541 285 4577 a.
303 4539 343 4586 as.
361 4541 383 4576 1.
