<?xml version="1.0" encoding="UTF-8"?>
<!DOCTYPE html PUBLIC "-//W3C//DTD XHTML 1.0 Transitional//EN"
    "http://www.w3.org/TR/xhtml1/DTD/xhtml1-transitional.dtd">
<html xmlns="http://www.w3.org/1999/xhtml" xml:lang="en" lang="en">
 <head>
  <title>
</title>
<meta http-equiv="Content-Type" content="text/html;charset=utf-8" />
  <meta name='ocr-system' content='tesseract 3.04.00' />
  <meta name='ocr-capabilities' content='ocr_page ocr_carea ocr_par ocr_line ocrx_word'/>
</head>
<body>
  <div class='ocr_page' id='page_1' title='image "./ledroitdeprised01hamagoog_0211.png"; bbox 0 0 3326 5506; ppageno 0'>
   <div class='ocr_carea' id='block_1_1' title="bbox 468 603 1331 699">
    <p class='ocr_par' dir='ltr' id='par_1_1' title="bbox 468 603 1331 699">
     <span class='ocr_line' id='line_1_1' title="bbox 468 603 1331 699; baseline 0 -23"><span class='ocrx_word' id='word_1_1' title='bbox 468 633 527 677; x_wconf 79' lang='lat' dir='ltr'>nr·</span> <span class='ocrx_word' id='word_1_2' title='bbox 539 631 632 699; x_wconf 80' lang='lat' dir='ltr'>June</span> <span class='ocrx_word' id='word_1_3' title='bbox 659 631 846 680; x_wconf 73' lang='lat' dir='ltr'>annuunt.</span> <span class='ocrx_word' id='word_1_4' title='bbox 872 633 952 680; x_wconf 79' lang='lat' dir='ltr'>cnr.</span> <span class='ocrx_word' id='word_1_5' title='bbox 977 633 1028 679; x_wconf 89' lang='lat' dir='ltr'>x1.</span> <span class='ocrx_word' id='word_1_6' title='bbox 1216 603 1219 611; x_wconf 68' lang='grc'>’</span> <span class='ocrx_word' id='word_1_7' title='bbox 1271 617 1331 696; x_wconf 85' lang='lat'>189</span> 
     </span>
    </p>
   </div>
   <div class='ocr_carea' id='block_1_2' title="bbox 144 785 1407 4547">
    <p class='ocr_par' dir='ltr' id='par_1_2' title="bbox 144 785 1407 4547">
     <span class='ocr_line' id='line_1_2' title="bbox 162 785 1333 868; baseline 0 -18"><span class='ocrx_word' id='word_1_8' title='bbox 162 807 232 852; x_wconf 91' lang='lat' dir='ltr'>cem</span> <span class='ocrx_word' id='word_1_9' title='bbox 254 805 327 851; x_wconf 89' lang='lat' dir='ltr'>cum</span> <span class='ocrx_word' id='word_1_10' title='bbox 353 787 473 868; x_wconf 86' lang='lat' dir='ltr'>scapha</span> <span class='ocrx_word' id='word_1_11' title='bbox 495 787 534 851; x_wconf 92' lang='lat' dir='ltr'>ad</span> <span class='ocrx_word' id='word_1_12' title='bbox 555 801 672 852; x_wconf 89' lang='lat' dir='ltr'>terram</span> <span class='ocrx_word' id='word_1_13' title='bbox 694 787 872 868; x_wconf 89' lang='lat' dir='ltr'>accedens,</span> <span class='ocrx_word' id='word_1_14' title='bbox 895 789 935 853; x_wconf 93' lang='lat' dir='ltr'>ab</span> <span class='ocrx_word' id='word_1_15' title='bbox 953 785 1071 852; x_wconf 88' lang='lat' dir='ltr'>incolis</span> <span class='ocrx_word' id='word_1_16' title='bbox 1084 785 1242 852; x_wconf 89' lang='lat' dir='ltr'>ostentari</span> <span class='ocrx_word' id='word_1_17' title='bbox 1254 806 1333 851; x_wconf 90' lang='lat' dir='ltr'>con-</span> 
     </span>
     <span class='ocr_line' id='line_1_3' title="bbox 144 897 1332 982; baseline -0.002 -17"><span class='ocrx_word' id='word_1_18' title='bbox 144 898 261 982; x_wconf 85' lang='lat' dir='ltr'>spicit</span> <span class='ocrx_word' id='word_1_19' title='bbox 291 912 368 963; x_wconf 89' lang='lat' dir='ltr'>nota</span> <span class='ocrx_word' id='word_1_20' title='bbox 397 897 488 980; x_wconf 85' lang='lat' dir='ltr'>pacis</span> <span class='ocrx_word' id='word_1_21' title='bbox 521 897 673 982; x_wconf 87' lang='lat' dir='ltr'>insignia.</span> <span class='ocrx_word' id='word_1_22' title='bbox 721 899 792 963; x_wconf 90' lang='lat' dir='ltr'>Hac</span> <span class='ocrx_word' id='word_1_23' title='bbox 815 897 936 963; x_wconf 87' lang='lat' dir='ltr'>fiducia</span> <span class='ocrx_word' id='word_1_24' title='bbox 957 917 1131 982; x_wconf 84' lang='lat' dir='ltr'>progresso</span> <span class='ocrx_word' id='word_1_25' title='bbox 1155 897 1332 963; x_wconf 90' lang='lat' dir='ltr'>Lusitano-</span> 
     </span>
     <span class='ocr_line' id='line_1_4' title="bbox 161 1007 1330 1096; baseline -0.002 -20"><span class='ocrx_word' id='word_1_26' title='bbox 161 1031 233 1077; x_wconf 86' lang='lat' dir='ltr'>rum</span> <span class='ocrx_word' id='word_1_27' title='bbox 265 1011 337 1095; x_wconf 82' lang='lat' dir='ltr'>ejus</span> <span class='ocrx_word' id='word_1_28' title='bbox 369 1008 433 1074; x_wconf 89' lang='lat' dir='ltr'>loci</span> <span class='ocrx_word' id='word_1_29' title='bbox 466 1007 652 1092; x_wconf 80' lang='lat' dir='ltr'>praefectus</span> <span class='ocrx_word' id='word_1_30' title='bbox 683 1009 828 1075; x_wconf 90' lang='lat' dir='ltr'>occurrit</span> <span class='ocrx_word' id='word_1_31' title='bbox 862 1009 1027 1093; x_wconf 90' lang='lat' dir='ltr'>(Domino</span> <span class='ocrx_word' id='word_1_32' title='bbox 1062 1009 1164 1075; x_wconf 90' lang='lat' dir='ltr'>Paulo</span> <span class='ocrx_word' id='word_1_33' title='bbox 1196 1007 1330 1096; x_wconf 90' lang='lat' dir='ltr'>nomen)</span> 
     </span>
     <span class='ocr_line' id='line_1_5' title="bbox 161 1120 1332 1203; baseline 0.001 -16"><span class='ocrx_word' id='word_1_34' title='bbox 161 1137 281 1188; x_wconf 88' lang='lat' dir='ltr'>armata</span> <span class='ocrx_word' id='word_1_35' title='bbox 302 1141 377 1187; x_wconf 88' lang='lat' dir='ltr'>cum</span> <span class='ocrx_word' id='word_1_36' title='bbox 400 1141 522 1202; x_wconf 88' lang='lat' dir='ltr'>manu,</span> <span class='ocrx_word' id='word_1_37' title='bbox 545 1141 642 1203; x_wconf 88' lang='lat' dir='ltr'>quam</span> <span class='ocrx_word' id='word_1_38' title='bbox 659 1121 700 1186; x_wconf 91' lang='lat' dir='ltr'>ad</span> <span class='ocrx_word' id='word_1_39' title='bbox 721 1120 754 1186; x_wconf 94' lang='lat' dir='ltr'>id</span> <span class='ocrx_word' id='word_1_40' title='bbox 775 1135 906 1202; x_wconf 87' lang='lat' dir='ltr'>tempus</span> <span class='ocrx_word' id='word_1_41' title='bbox 926 1121 958 1185; x_wconf 93' lang='lat' dir='ltr'>in</span> <span class='ocrx_word' id='word_1_42' title='bbox 972 1120 1169 1186; x_wconf 90' lang='lat' dir='ltr'>monasterio</span> <span class='ocrx_word' id='word_1_43' title='bbox 1182 1141 1240 1188; x_wconf 91' lang='lat' dir='ltr'>sen</span> <span class='ocrx_word' id='word_1_44' title='bbox 1254 1121 1332 1188; x_wconf 88' lang='lat' dir='ltr'>fano</span> 
     </span>
     <span class='ocr_line' id='line_1_6' title="bbox 162 1219 1332 1316; baseline -0.001 -17"><span class='ocrx_word' id='word_1_45' title='bbox 162 1233 304 1316; x_wconf 91' lang='lat' dir='ltr'>quodam</span> <span class='ocrx_word' id='word_1_46' title='bbox 329 1233 362 1298; x_wconf 94' lang='lat' dir='ltr'>in</span> <span class='ocrx_word' id='word_1_47' title='bbox 380 1231 490 1298; x_wconf 92' lang='lat' dir='ltr'>littore</span> <span class='ocrx_word' id='word_1_48' title='bbox 513 1231 579 1297; x_wconf 93' lang='lat' dir='ltr'>sito</span> <span class='ocrx_word' id='word_1_49' title='bbox 603 1234 838 1298; x_wconf 83' lang='lat' dir='ltr'><strong>occultaverat.</strong></span> <span class='ocrx_word' id='word_1_50' title='bbox 886 1219 1080 1315; x_wconf 77' lang='lat' dir='ltr'>Interrogati</span> <span class='ocrx_word' id='word_1_51' title='bbox 1103 1253 1206 1315; x_wconf 88' lang='lat' dir='ltr'>pauca</span> <span class='ocrx_word' id='word_1_52' title='bbox 1229 1232 1262 1298; x_wconf 90' lang='lat' dir='ltr'>in</span> <span class='ocrx_word' id='word_1_53' title='bbox 1286 1231 1332 1298; x_wconf 87' lang='lat' dir='ltr'>fa·</span> 
     </span>
     <span class='ocr_line' id='line_1_7' title="bbox 160 1342 1331 1427; baseline -0.001 -16"><span class='ocrx_word' id='word_1_54' title='bbox 160 1364 239 1411; x_wconf 92' lang='lat' dir='ltr'>num</span> <span class='ocrx_word' id='word_1_55' title='bbox 263 1344 447 1427; x_wconf 90' lang='lat' dir='ltr'>rapiuntur.</span> <span class='ocrx_word' id='word_1_56' title='bbox 494 1343 690 1410; x_wconf 83' lang='lat' dir='ltr'>Adveniunt</span> <span class='ocrx_word' id='word_1_57' title='bbox 711 1361 750 1407; x_wconf 93' lang='lat' dir='ltr'>eo</span> <span class='ocrx_word' id='word_1_58' title='bbox 771 1342 974 1424; x_wconf 86' lang='lat' dir='ltr'>mandarini,</span> <span class='ocrx_word' id='word_1_59' title='bbox 1003 1345 1067 1408; x_wconf 90' lang='lat' dir='ltr'>hoc</span> <span class='ocrx_word' id='word_1_60' title='bbox 1095 1359 1145 1408; x_wconf 90' lang='lat' dir='ltr'>est</span> <span class='ocrx_word' id='word_1_61' title='bbox 1164 1359 1331 1410; x_wconf 84' lang='lat' dir='ltr'>senatores</span> 
     </span>
     <span class='ocr_line' id='line_1_8' title="bbox 161 1455 1333 1540; baseline -0.002 -16"><span class='ocrx_word' id='word_1_62' title='bbox 161 1457 342 1536; x_wconf 79' lang='lat' dir='ltr'>SinenseS‚</span> <span class='ocrx_word' id='word_1_63' title='bbox 360 1455 560 1538; x_wconf 86' lang='lat' dir='ltr'>exploraturi</span> <span class='ocrx_word' id='word_1_64' title='bbox 582 1458 641 1540; x_wconf 85' lang='lat' dir='ltr'>qui</span> <span class='ocrx_word' id='word_1_65' title='bbox 657 1457 800 1520; x_wconf 82' lang='lat' dir='ltr'>homines</span> <span class='ocrx_word' id='word_1_66' title='bbox 812 1474 889 1532; x_wconf 80' lang='lat' dir='ltr'>sees</span> <span class='ocrx_word' id='word_1_67' title='bbox 906 1469 1020 1519; x_wconf 83' lang='lat' dir='ltr'>terras</span> <span class='ocrx_word' id='word_1_68' title='bbox 1030 1459 1224 1521; x_wconf 76' lang='lat' dir='ltr'>inviserent.</span> <span class='ocrx_word' id='word_1_69' title='bbox 1248 1457 1333 1522; x_wconf 91' lang='lat' dir='ltr'>Res·</span> 
     </span>
     <span class='ocr_line' id='line_1_9' title="bbox 161 1565 1331 1653; baseline -0.003 -19"><span class='ocrx_word' id='word_1_70' title='bbox 161 1569 286 1651; x_wconf 90' lang='lat' dir='ltr'>pondet</span> <span class='ocrx_word' id='word_1_71' title='bbox 316 1567 426 1651; x_wconf 90' lang='lat' dir='ltr'>Apius</span> <span class='ocrx_word' id='word_1_72' title='bbox 455 1565 639 1632; x_wconf 76' lang='lat' dir='ltr'>Hortaados</span> <span class='ocrx_word' id='word_1_73' title='bbox 668 1587 732 1631; x_wconf 86' lang='lat' dir='ltr'>esse</span> <span class='ocrx_word' id='word_1_74' title='bbox 751 1580 973 1646; x_wconf 82' lang='lat' dir='ltr'>mercatores,</span> <span class='ocrx_word' id='word_1_75' title='bbox 997 1566 1194 1652; x_wconf 83' lang='lat' dir='ltr'>negotiandi</span> <span class='ocrx_word' id='word_1_76' title='bbox 1209 1571 1331 1653; x_wconf 83' lang='lat' dir='ltr'>gratia</span> 
     </span>
     <span class='ocr_line' id='line_1_10' title="bbox 161 1676 1380 1767; baseline -0.003 -22"><span class='ocrx_word' id='word_1_77' title='bbox 161 1683 306 1759; x_wconf 73' lang='lat' dir='ltr'>venisse,</span> <span class='ocrx_word' id='word_1_78' title='bbox 339 1678 428 1764; x_wconf 79' lang='lat' dir='ltr'>quod</span> <span class='ocrx_word' id='word_1_79' title='bbox 451 1699 492 1742; x_wconf 84' lang='lat' dir='ltr'>ex</span> <span class='ocrx_word' id='word_1_80' title='bbox 519 1681 599 1764; x_wconf 87' lang='lat' dir='ltr'>ipsis</span> <span class='ocrx_word' id='word_1_81' title='bbox 621 1678 761 1767; x_wconf 75' lang='lat' dir='ltr'>travibus</span> <span class='ocrx_word' id='word_1_82' title='bbox 784 1681 941 1742; x_wconf 83' lang='lat' dir='ltr'>mercium</span> <span class='ocrx_word' id='word_1_83' title='bbox 960 1676 1093 1763; x_wconf 86' lang='lat' dir='ltr'>plenis,</span> <span class='ocrx_word' id='word_1_84' title='bbox 1119 1681 1148 1741; x_wconf 85' lang='lat' dir='ltr'>si</span> <span class='ocrx_word' id='word_1_85' title='bbox 1171 1681 1331 1763; x_wconf 81' lang='lat' dir='ltr'>introspi-</span> <span class='ocrx_word' id='word_1_86' title='bbox 1371 1740 1380 1758; x_wconf 69' lang='grc'>,</span> 
     </span>
     <span class='ocr_line' id='line_1_11' title="bbox 161 1787 1333 1874; baseline 0 -20"><span class='ocrx_word' id='word_1_87' title='bbox 161 1810 233 1856; x_wconf 87' lang='lat' dir='ltr'>cere</span> <span class='ocrx_word' id='word_1_88' title='bbox 256 1789 395 1871; x_wconf 83' lang='lat' dir='ltr'>liberet,</span> <span class='ocrx_word' id='word_1_89' title='bbox 430 1803 503 1854; x_wconf 83' lang='lat' dir='ltr'>tuto</span> <span class='ocrx_word' id='word_1_90' title='bbox 527 1789 724 1854; x_wconf 81' lang='lat' dir='ltr'>disceretur.</span> <span class='ocrx_word' id='word_1_91' title='bbox 773 1788 891 1852; x_wconf 83' lang='lat' dir='ltr'>Etiam</span> <span class='ocrx_word' id='word_1_92' title='bbox 916 1787 1035 1852; x_wconf 80' lang='lat' dir='ltr'>literas</span> <span class='ocrx_word' id='word_1_93' title='bbox 1059 1811 1080 1852; x_wconf 85' lang='lat' dir='ltr'>a</span> <span class='ocrx_word' id='word_1_94' title='bbox 1103 1789 1262 1874; x_wconf 79' lang='lat' dir='ltr'>Principe</span> <span class='ocrx_word' id='word_1_95' title='bbox 1286 1788 1333 1854; x_wconf 84' lang='lat' dir='ltr'>ad</span> 
     </span>
     <span class='ocr_line' id='line_1_12' title="bbox 162 1897 1332 1988; baseline 0 -22"><span class='ocrx_word' id='word_1_96' title='bbox 162 1921 269 1988; x_wconf 80' lang='lat' dir='ltr'>regern</span> <span class='ocrx_word' id='word_1_97' title='bbox 305 1902 466 1967; x_wconf 80' lang='lat' dir='ltr'>Sinerem</span> <span class='ocrx_word' id='word_1_98' title='bbox 500 1899 666 1964; x_wconf 82' lang='lat' dir='ltr'>attulisse.</span> <span class='ocrx_word' id='word_1_99' title='bbox 713 1898 807 1985; x_wconf 88' lang='lat' dir='ltr'>Quae</span> <span class='ocrx_word' id='word_1_100' title='bbox 841 1917 916 1963; x_wconf 90' lang='lat' dir='ltr'>cum</span> <span class='ocrx_word' id='word_1_101' title='bbox 955 1897 1101 1980; x_wconf 88' lang='lat' dir='ltr'>diceret,</span> <span class='ocrx_word' id='word_1_102' title='bbox 1137 1899 1332 1966; x_wconf 89' lang='lat' dir='ltr'>circumfusa</span> 
     </span>
     <span class='ocr_line' id='line_1_13' title="bbox 161 2010 1332 2092; baseline -0.001 -13"><span class='ocrx_word' id='word_1_103' title='bbox 161 2014 397 2081; x_wconf 85' lang='lat' dir='ltr'>Lusitanorum</span> <span class='ocrx_word' id='word_1_104' title='bbox 424 2011 603 2079; x_wconf 92' lang='lat' dir='ltr'>multitudo</span> <span class='ocrx_word' id='word_1_105' title='bbox 628 2011 775 2092; x_wconf 91' lang='lat' dir='ltr'>undique</span> <span class='ocrx_word' id='word_1_106' title='bbox 802 2011 998 2076; x_wconf 89' lang='lat' dir='ltr'>obturbabat</span> <span class='ocrx_word' id='word_1_107' title='bbox 1026 2010 1181 2078; x_wconf 91' lang='lat' dir='ltr'>convitiis</span> <span class='ocrx_word' id='word_1_108' title='bbox 1209 2014 1332 2078; x_wconf 89' lang='lat' dir='ltr'>calum-</span> 
     </span>
     <span class='ocr_line' id='line_1_14' title="bbox 162 2123 1407 2208; baseline -0.001 -18"><span class='ocrx_word' id='word_1_109' title='bbox 162 2125 317 2208; x_wconf 86' lang='lat' dir='ltr'>niisque,</span> <span class='ocrx_word' id='word_1_110' title='bbox 349 2125 393 2190; x_wconf 91' lang='lat' dir='ltr'>ita</span> <span class='ocrx_word' id='word_1_111' title='bbox 425 2140 463 2190; x_wconf 89' lang='lat' dir='ltr'>ut</span> <span class='ocrx_word' id='word_1_112' title='bbox 486 2124 665 2190; x_wconf 88' lang='lat' dir='ltr'>mandarini</span> <span class='ocrx_word' id='word_1_113' title='bbox 690 2123 849 2190; x_wconf 90' lang='lat' dir='ltr'>incertum</span> <span class='ocrx_word' id='word_1_114' title='bbox 879 2142 913 2187; x_wconf 91' lang='lat' dir='ltr'>re</span> <span class='ocrx_word' id='word_1_115' title='bbox 940 2141 1053 2205; x_wconf 90' lang='lat' dir='ltr'>parnnr</span> <span class='ocrx_word' id='word_1_116' title='bbox 1078 2123 1260 2202; x_wconf 87' lang='lat' dir='ltr'>intellecta,</span> <span class='ocrx_word' id='word_1_117' title='bbox 1292 2144 1331 2189; x_wconf 91' lang='lat' dir='ltr'>an</span> <span class='ocrx_word' id='word_1_118' title='bbox 1405 2167 1407 2172; x_wconf 92' lang='lat'>-</span> 
     </span>
     <span class='ocr_line' id='line_1_15' title="bbox 163 2234 1331 2318; baseline -0.003 -14"><span class='ocrx_word' id='word_1_119' title='bbox 163 2239 259 2304; x_wconf 92' lang='lat' dir='ltr'>etiam</span> <span class='ocrx_word' id='word_1_120' title='bbox 282 2237 516 2303; x_wconf 87' lang='lat' dir='ltr'>Lusitanorum</span> <span class='ocrx_word' id='word_1_121' title='bbox 542 2236 637 2303; x_wconf 90' lang='lat' dir='ltr'>donis</span> <span class='ocrx_word' id='word_1_122' title='bbox 658 2235 804 2318; x_wconf 91' lang='lat' dir='ltr'>corrupti</span> <span class='ocrx_word' id='word_1_123' title='bbox 828 2234 1049 2301; x_wconf 88' lang='lat' dir='ltr'>abscederent.</span> <span class='ocrx_word' id='word_1_124' title='bbox 1091 2235 1243 2300; x_wconf 89' lang='lat' dir='ltr'>Lusitani</span> <span class='ocrx_word' id='word_1_125' title='bbox 1264 2251 1331 2300; x_wconf 92' lang='lat' dir='ltr'>tor·</span> 
     </span>
     <span class='ocr_line' id='line_1_16' title="bbox 161 2345 1331 2431; baseline -0.002 -17"><span class='ocrx_word' id='word_1_126' title='bbox 161 2349 279 2416; x_wconf 89' lang='lat' dir='ltr'>mentis</span> <span class='ocrx_word' id='word_1_127' title='bbox 311 2348 502 2431; x_wconf 89' lang='lat' dir='ltr'>inquirunt:</span> <span class='ocrx_word' id='word_1_128' title='bbox 527 2362 728 2431; x_wconf 90' lang='lat' dir='ltr'>compertum</span> <span class='ocrx_word' id='word_1_129' title='bbox 760 2345 854 2412; x_wconf 91' lang='lat' dir='ltr'>nihil.</span> <span class='ocrx_word' id='word_1_130' title='bbox 902 2345 1068 2412; x_wconf 88' lang='lat' dir='ltr'>Omnibus</span> <span class='ocrx_word' id='word_1_131' title='bbox 1098 2346 1194 2413; x_wconf 88' lang='lat' dir='ltr'>simul</span> <span class='ocrx_word' id='word_1_132' title='bbox 1216 2367 1232 2412; x_wconf 93' lang='lat' dir='ltr'>e</span> <span class='ocrx_word' id='word_1_133' title='bbox 1254 2346 1331 2412; x_wconf 83' lang='lat' dir='ltr'>iano</span> 
     </span>
     <span class='ocr_line' id='line_1_17' title="bbox 163 2457 1332 2546; baseline -0.003 -20"><span class='ocrx_word' id='word_1_134' title='bbox 163 2461 194 2526; x_wconf 94' lang='lat' dir='ltr'>in</span> <span class='ocrx_word' id='word_1_135' title='bbox 225 2460 408 2526; x_wconf 89' lang='lat' dir='ltr'>custodiam</span> <span class='ocrx_word' id='word_1_136' title='bbox 438 2460 552 2527; x_wconf 91' lang='lat' dir='ltr'>tractis</span> <span class='ocrx_word' id='word_1_137' title='bbox 582 2457 767 2546; x_wconf 85' lang='lat' dir='ltr'>gravissiml</span> <span class='ocrx_word' id='word_1_138' title='bbox 799 2457 972 2541; x_wconf 87' lang='lat' dir='ltr'>compedes</span> <span class='ocrx_word' id='word_1_139' title='bbox 1005 2457 1189 2542; x_wconf 85' lang='lat' dir='ltr'>affiguntur.</span> <span class='ocrx_word' id='word_1_140' title='bbox 1233 2458 1332 2523; x_wconf 90' lang='lat' dir='ltr'>Unde</span> 
     </span>
     <span class='ocr_line' id='line_1_18' title="bbox 162 2569 1334 2655; baseline -0.003 -18"><span class='ocrx_word' id='word_1_141' title='bbox 162 2573 195 2637; x_wconf 95' lang='lat' dir='ltr'>in</span> <span class='ocrx_word' id='word_1_142' title='bbox 216 2587 345 2638; x_wconf 90' lang='lat' dir='ltr'>antrum</span> <span class='ocrx_word' id='word_1_143' title='bbox 368 2571 486 2655; x_wconf 85' lang='lat' dir='ltr'>dejecti</span> <span class='ocrx_word' id='word_1_144' title='bbox 510 2571 709 2637; x_wconf 89' lang='lat' dir='ltr'>horrendum</span> <span class='ocrx_word' id='word_1_145' title='bbox 732 2569 872 2654; x_wconf 86' lang='lat' dir='ltr'>caligine</span> <span class='ocrx_word' id='word_1_146' title='bbox 893 2584 925 2634; x_wconf 92' lang='lat' dir='ltr'>et</span> <span class='ocrx_word' id='word_1_147' title='bbox 949 2572 1111 2650; x_wconf 87' lang='lat' dir='ltr'>squalore.</span> <span class='ocrx_word' id='word_1_148' title='bbox 1145 2570 1230 2634; x_wconf 89' lang='lat' dir='ltr'>Cum</span> <span class='ocrx_word' id='word_1_149' title='bbox 1245 2569 1334 2634; x_wconf 91' lang='lat' dir='ltr'>Nec·</span> 
     </span>
     <span class='ocr_line' id='line_1_19' title="bbox 161 2680 1332 2766; baseline -0.003 -18"><span class='ocrx_word' id='word_1_150' title='bbox 161 2683 236 2750; x_wconf 88' lang='lat' dir='ltr'>kius</span> <span class='ocrx_word' id='word_1_151' title='bbox 260 2681 414 2763; x_wconf 87' lang='lat' dir='ltr'>interim,</span> <span class='ocrx_word' id='word_1_152' title='bbox 438 2682 521 2765; x_wconf 90' lang='lat' dir='ltr'>quid</span> <span class='ocrx_word' id='word_1_153' title='bbox 544 2682 684 2748; x_wconf 91' lang='lat' dir='ltr'>reditum</span> <span class='ocrx_word' id='word_1_154' title='bbox 715 2700 848 2746; x_wconf 91' lang='lat' dir='ltr'>suorum</span> <span class='ocrx_word' id='word_1_155' title='bbox 875 2695 1054 2746; x_wconf 89' lang='lat' dir='ltr'>moraretur</span> <span class='ocrx_word' id='word_1_156' title='bbox 1076 2680 1245 2766; x_wconf 86' lang='lat' dir='ltr'>ambigens</span> <span class='ocrx_word' id='word_1_157' title='bbox 1266 2702 1332 2746; x_wconf 92' lang='lat' dir='ltr'>me·</span> 
     </span>
     <span class='ocr_line' id='line_1_20' title="bbox 162 2791 1332 2876; baseline 0 -18"><span class='ocrx_word' id='word_1_158' title='bbox 162 2807 350 2874; x_wconf 79' lang='lat' dir='ltr'>mensque,</span> <span class='ocrx_word' id='word_1_159' title='bbox 389 2792 540 2875; x_wconf 88' lang='lat' dir='ltr'>scapham</span> <span class='ocrx_word' id='word_1_160' title='bbox 572 2791 725 2876; x_wconf 86' lang='lat' dir='ltr'>majorem</span> <span class='ocrx_word' id='word_1_161' title='bbox 762 2793 892 2857; x_wconf 87' lang='lat' dir='ltr'>alteram</span> <span class='ocrx_word' id='word_1_162' title='bbox 930 2794 1097 2874; x_wconf 85' lang='lat' dir='ltr'>explorare</span> <span class='ocrx_word' id='word_1_163' title='bbox 1132 2791 1332 2875; x_wconf 87' lang='lat' dir='ltr'>profundum</span> 
     </span>
     <span class='ocr_line' id='line_1_21' title="bbox 160 2902 1332 2988; baseline -0.001 -19"><span class='ocrx_word' id='word_1_164' title='bbox 160 2905 272 2988; x_wconf 84' lang='lat' dir='ltr'>jubet:</span> <span class='ocrx_word' id='word_1_165' title='bbox 298 2924 365 2985; x_wconf 92' lang='lat' dir='ltr'>quo</span> <span class='ocrx_word' id='word_1_166' title='bbox 390 2902 524 2987; x_wconf 86' lang='lat' dir='ltr'>cognito</span> <span class='ocrx_word' id='word_1_167' title='bbox 543 2922 643 2969; x_wconf 89' lang='lat' dir='ltr'>naves</span> <span class='ocrx_word' id='word_1_168' title='bbox 663 2903 799 2986; x_wconf 90' lang='lat' dir='ltr'>propius</span> <span class='ocrx_word' id='word_1_169' title='bbox 822 2904 935 2968; x_wconf 90' lang='lat' dir='ltr'>urbem</span> <span class='ocrx_word' id='word_1_170' title='bbox 960 2903 1221 2968; x_wconf 89' lang='lat' dir='ltr'>admoverentur.</span> <span class='ocrx_word' id='word_1_171' title='bbox 1268 2903 1332 2968; x_wconf 88' lang='lat' dir='ltr'>Sed</span> 
     </span>
     <span class='ocr_line' id='line_1_22' title="bbox 164 3013 1332 3098; baseline 0 -18"><span class='ocrx_word' id='word_1_172' title='bbox 164 3017 287 3098; x_wconf 89' lang='lat' dir='ltr'>scapha</span> <span class='ocrx_word' id='word_1_173' title='bbox 307 3035 421 3098; x_wconf 88' lang='lat' dir='ltr'>parum</span> <span class='ocrx_word' id='word_1_174' title='bbox 444 3034 578 3098; x_wconf 92' lang='lat' dir='ltr'>compos</span> <span class='ocrx_word' id='word_1_175' title='bbox 595 3029 792 3094; x_wconf 81' lang='lat' dir='ltr'>ventorum,</span> <span class='ocrx_word' id='word_1_176' title='bbox 815 3014 940 3096; x_wconf 89' lang='lat' dir='ltr'>quique</span> <span class='ocrx_word' id='word_1_177' title='bbox 960 3013 1087 3078; x_wconf 89' lang='lat' dir='ltr'>inerant</span> <span class='ocrx_word' id='word_1_178' title='bbox 1107 3014 1256 3080; x_wconf 93' lang='lat' dir='ltr'>homines</span> <span class='ocrx_word' id='word_1_179' title='bbox 1271 3034 1332 3080; x_wconf 93' lang='lat' dir='ltr'>nu·</span> 
     </span>
     <span class='ocr_line' id='line_1_23' title="bbox 162 3125 1332 3210; baseline 0 -18"><span class='ocrx_word' id='word_1_180' title='bbox 162 3137 253 3192; x_wconf 88' lang='lat' dir='ltr'>mero</span> <span class='ocrx_word' id='word_1_181' title='bbox 284 3146 402 3192; x_wconf 91' lang='lat' dir='ltr'>novem</span> <span class='ocrx_word' id='word_1_182' title='bbox 436 3141 468 3190; x_wconf 92' lang='lat' dir='ltr'>et</span> <span class='ocrx_word' id='word_1_183' title='bbox 491 3126 574 3191; x_wconf 90' lang='lat' dir='ltr'>inter</span> <span class='ocrx_word' id='word_1_184' title='bbox 598 3145 654 3192; x_wconf 90' lang='lat' dir='ltr'>eos</span> <span class='ocrx_word' id='word_1_185' title='bbox 679 3127 898 3210; x_wconf 85' lang='lat' dir='ltr'>gubernator,</span> <span class='ocrx_word' id='word_1_186' title='bbox 923 3145 941 3190; x_wconf 93' lang='lat' dir='ltr'>a</span> <span class='ocrx_word' id='word_1_187' title='bbox 964 3125 1133 3191; x_wconf 89' lang='lat' dir='ltr'>Lusitanis</span> <span class='ocrx_word' id='word_1_188' title='bbox 1164 3126 1332 3210; x_wconf 85' lang='lat' dir='ltr'>intercipi-</span> 
     </span>
     <span class='ocr_line' id='line_1_24' title="bbox 164 3237 1332 3320; baseline 0 -17"><span class='ocrx_word' id='word_1_189' title='bbox 164 3253 277 3304; x_wconf 92' lang='lat' dir='ltr'>untur.</span> <span class='ocrx_word' id='word_1_190' title='bbox 324 3238 430 3305; x_wconf 88' lang='lat' dir='ltr'>Adest</span> <span class='ocrx_word' id='word_1_191' title='bbox 463 3237 654 3320; x_wconf 86' lang='lat' dir='ltr'>quaesitor,</span> <span class='ocrx_word' id='word_1_192' title='bbox 680 3257 777 3319; x_wconf 90' lang='lat' dir='ltr'>quem</span> <span class='ocrx_word' id='word_1_193' title='bbox 811 3237 859 3302; x_wconf 95' lang='lat' dir='ltr'>illi</span> <span class='ocrx_word' id='word_1_194' title='bbox 881 3237 1068 3304; x_wconf 83' lang='lat' dir='ltr'>auditorem</span> <span class='ocrx_word' id='word_1_195' title='bbox 1088 3253 1217 3304; x_wconf 89' lang='lat' dir='ltr'>vocant.</span> <span class='ocrx_word' id='word_1_196' title='bbox 1263 3239 1332 3304; x_wconf 87' lang='lat' dir='ltr'>Itur</span> 
     </span>
     <span class='ocr_line' id='line_1_25' title="bbox 163 3348 1331 3428; baseline 0.003 -15"><span class='ocrx_word' id='word_1_197' title='bbox 163 3348 204 3415; x_wconf 89' lang='lat' dir='ltr'>ad</span> <span class='ocrx_word' id='word_1_198' title='bbox 224 3350 385 3415; x_wconf 88' lang='lat' dir='ltr'>eculeum.</span> <span class='ocrx_word' id='word_1_199' title='bbox 410 3349 537 3415; x_wconf 85' lang='lat' dir='ltr'>Rumor</span> <span class='ocrx_word' id='word_1_200' title='bbox 559 3349 642 3414; x_wconf 91' lang='lat' dir='ltr'>inter</span> <span class='ocrx_word' id='word_1_201' title='bbox 663 3350 742 3414; x_wconf 87' lang='lat' dir='ltr'>haec</span> <span class='ocrx_word' id='word_1_202' title='bbox 765 3348 964 3428; x_wconf 79' lang='lat' dir='ltr'>Centonem,</span> <span class='ocrx_word' id='word_1_203' title='bbox 981 3349 1122 3415; x_wconf 91' lang='lat' dir='ltr'>vicinam</span> <span class='ocrx_word' id='word_1_204' title='bbox 1145 3349 1331 3416; x_wconf 82' lang='lat' dir='ltr'>sinensium</span> 
     </span>
     <span class='ocr_line' id='line_1_26' title="bbox 163 3459 1332 3540; baseline 0.002 -15"><span class='ocrx_word' id='word_1_205' title='bbox 163 3460 275 3526; x_wconf 91' lang='lat' dir='ltr'>urbem</span> <span class='ocrx_word' id='word_1_206' title='bbox 290 3507 302 3540; x_wconf 89' lang='lat'>,</span> <span class='ocrx_word' id='word_1_207' title='bbox 319 3459 471 3525; x_wconf 86' lang='lat' dir='ltr'>affertur:</span> <span class='ocrx_word' id='word_1_208' title='bbox 495 3474 648 3526; x_wconf 82' lang='lat' dir='ltr'>externos</span> <span class='ocrx_word' id='word_1_209' title='bbox 661 3462 804 3525; x_wconf 81' lang='lat' dir='ltr'>homines</span> <span class='ocrx_word' id='word_1_210' title='bbox 817 3464 927 3526; x_wconf 85' lang='lat' dir='ltr'>missor</span> <span class='ocrx_word' id='word_1_211' title='bbox 940 3461 1107 3528; x_wconf 76' lang='lat' dir='ltr'>eruribus</span> <span class='ocrx_word' id='word_1_212' title='bbox 1119 3465 1155 3526; x_wconf 86' lang='lat' dir='ltr'>in</span> <span class='ocrx_word' id='word_1_213' title='bbox 1167 3475 1296 3526; x_wconf 79' lang='lat' dir='ltr'>terram</span> <span class='ocrx_word' id='word_1_214' title='bbox 1311 3484 1332 3527; x_wconf 90' lang='lat' dir='ltr'>a</span> 
     </span>
     <span class='ocr_line' id='line_1_27' title="bbox 164 3569 1332 3657; baseline 0.003 -23"><span class='ocrx_word' id='word_1_215' title='bbox 164 3569 343 3637; x_wconf 83' lang='lat' dir='ltr'>Lusitanis</span> <span class='ocrx_word' id='word_1_216' title='bbox 365 3573 589 3657; x_wconf 83' lang='lat' dir='ltr'>apprehensos.</span> <span class='ocrx_word' id='word_1_217' title='bbox 616 3571 700 3654; x_wconf 89' lang='lat' dir='ltr'>Ejus</span> <span class='ocrx_word' id='word_1_218' title='bbox 721 3571 767 3636; x_wconf 91' lang='lat' dir='ltr'>rei</span> <span class='ocrx_word' id='word_1_219' title='bbox 781 3571 883 3655; x_wconf 86' lang='lat' dir='ltr'>gratia</span> <span class='ocrx_word' id='word_1_220' title='bbox 894 3569 1081 3655; x_wconf 84' lang='lat' dir='ltr'>praefectus</span> <span class='ocrx_word' id='word_1_221' title='bbox 1095 3572 1332 3653; x_wconf 90' lang='lat' dir='ltr'>Cantonensis,</span> 
     </span>
     <span class='ocr_line' id='line_1_28' title="bbox 163 3679 1332 3767; baseline 0.002 -21"><span class='ocrx_word' id='word_1_222' title='bbox 163 3681 216 3746; x_wconf 90' lang='lat' dir='ltr'>cui</span> <span class='ocrx_word' id='word_1_223' title='bbox 249 3682 385 3764; x_wconf 90' lang='lat' dir='ltr'>Capado</span> <span class='ocrx_word' id='word_1_224' title='bbox 417 3702 534 3749; x_wconf 86' lang='lat' dir='ltr'>nomen</span> <span class='ocrx_word' id='word_1_225' title='bbox 568 3697 658 3764; x_wconf 90' lang='lat' dir='ltr'>erat,</span> <span class='ocrx_word' id='word_1_226' title='bbox 691 3684 796 3748; x_wconf 88' lang='lat' dir='ltr'>multo</span> <span class='ocrx_word' id='word_1_227' title='bbox 820 3682 978 3748; x_wconf 88' lang='lat' dir='ltr'>comitatu</span> <span class='ocrx_word' id='word_1_228' title='bbox 1002 3683 1048 3747; x_wconf 89' lang='lat' dir='ltr'>ire</span> <span class='ocrx_word' id='word_1_229' title='bbox 1065 3683 1161 3767; x_wconf 81' lang='lat' dir='ltr'>J&#39;ubet</span> <span class='ocrx_word' id='word_1_230' title='bbox 1184 3679 1218 3748; x_wconf 81' lang='lat' dir='ltr'>et&#39;</span> <span class='ocrx_word' id='word_1_231' title='bbox 1236 3684 1276 3748; x_wconf 91' lang='lat' dir='ltr'>ad</span> <span class='ocrx_word' id='word_1_232' title='bbox 1298 3703 1332 3750; x_wconf 94' lang='lat' dir='ltr'>se</span> 
     </span>
     <span class='ocr_line' id='line_1_29' title="bbox 163 3792 1332 3878; baseline 0.003 -20"><span class='ocrx_word' id='word_1_233' title='bbox 163 3792 312 3876; x_wconf 89' lang='lat' dir='ltr'>captivos</span> <span class='ocrx_word' id='word_1_234' title='bbox 334 3793 503 3859; x_wconf 88' lang='lat' dir='ltr'>adducere.</span> <span class='ocrx_word' id='word_1_235' title='bbox 551 3793 616 3858; x_wconf 91' lang='lat' dir='ltr'>Hic</span> <span class='ocrx_word' id='word_1_236' title='bbox 640 3813 714 3860; x_wconf 90' lang='lat' dir='ltr'>cum</span> <span class='ocrx_word' id='word_1_237' title='bbox 738 3793 888 3859; x_wconf 90' lang='lat' dir='ltr'>Lusitani</span> <span class='ocrx_word' id='word_1_238' title='bbox 912 3808 1102 3859; x_wconf 89' lang='lat' dir='ltr'>tenerentur</span> <span class='ocrx_word' id='word_1_239' title='bbox 1130 3813 1237 3876; x_wconf 90' lang='lat' dir='ltr'>neque</span> <span class='ocrx_word' id='word_1_240' title='bbox 1256 3815 1332 3878; x_wconf 92' lang='lat' dir='ltr'>pos·</span> 
     </span>
     <span class='ocr_line' id='line_1_30' title="bbox 163 3902 1332 3986; baseline 0.001 -17"><span class='ocrx_word' id='word_1_241' title='bbox 163 3904 276 3970; x_wconf 88' lang='lat' dir='ltr'>tulatis</span> <span class='ocrx_word' id='word_1_242' title='bbox 299 3903 448 3972; x_wconf 89' lang='lat' dir='ltr'>resistere</span> <span class='ocrx_word' id='word_1_243' title='bbox 472 3905 650 3986; x_wconf 90' lang='lat' dir='ltr'>auderent,</span> <span class='ocrx_word' id='word_1_244' title='bbox 674 3904 715 3969; x_wconf 92' lang='lat' dir='ltr'>ad</span> <span class='ocrx_word' id='word_1_245' title='bbox 744 3902 877 3970; x_wconf 88' lang='lat' dir='ltr'>fraudes</span> <span class='ocrx_word' id='word_1_246' title='bbox 902 3919 934 3970; x_wconf 94' lang='lat' dir='ltr'>et</span> <span class='ocrx_word' id='word_1_247' title='bbox 957 3923 1033 3970; x_wconf 89' lang='lat' dir='ltr'>suas</span> <span class='ocrx_word' id='word_1_248' title='bbox 1057 3920 1142 3970; x_wconf 87' lang='lat' dir='ltr'>artes</span> <span class='ocrx_word' id='word_1_249' title='bbox 1165 3925 1200 3971; x_wconf 89' lang='lat' dir='ltr'>se</span> <span class='ocrx_word' id='word_1_250' title='bbox 1223 3909 1332 3973; x_wconf 89' lang='lat' dir='ltr'>confe-</span> 
     </span>
     <span class='ocr_line' id='line_1_31' title="bbox 163 4016 1333 4100; baseline 0 -20"><span class='ocrx_word' id='word_1_251' title='bbox 163 4032 248 4082; x_wconf 74' lang='lat' dir='ltr'>rant.</span> <span class='ocrx_word' id='word_1_252' title='bbox 273 4016 373 4083; x_wconf 89' lang='lat' dir='ltr'>Omni</span> <span class='ocrx_word' id='word_1_253' title='bbox 396 4037 413 4082; x_wconf 90' lang='lat' dir='ltr'>e</span> <span class='ocrx_word' id='word_1_254' title='bbox 436 4017 532 4083; x_wconf 88' lang='lat' dir='ltr'>turba</span> <span class='ocrx_word' id='word_1_255' title='bbox 552 4035 608 4082; x_wconf 89' lang='lat' dir='ltr'>sex</span> <span class='ocrx_word' id='word_1_256' title='bbox 629 4016 777 4083; x_wconf 89' lang='lat' dir='ltr'>homines</span> <span class='ocrx_word' id='word_1_257' title='bbox 798 4031 951 4099; x_wconf 89' lang='lat' dir='ltr'>separant</span> <span class='ocrx_word' id='word_1_258' title='bbox 969 4016 1101 4100; x_wconf 85' lang='lat' dir='ltr'>linguae</span> <span class='ocrx_word' id='word_1_259' title='bbox 1121 4017 1248 4097; x_wconf 92' lang='lat' dir='ltr'>omnis,</span> <span class='ocrx_word' id='word_1_260' title='bbox 1269 4017 1333 4082; x_wconf 91' lang='lat' dir='ltr'>nisi</span> 
     </span>
     <span class='ocr_line' id='line_1_32' title="bbox 163 4127 1331 4213; baseline 0 -21"><span class='ocrx_word' id='word_1_261' title='bbox 163 4127 284 4210; x_wconf 87' lang='lat' dir='ltr'>patriae</span> <span class='ocrx_word' id='word_1_262' title='bbox 316 4129 468 4213; x_wconf 85' lang='lat' dir='ltr'>ignaros,</span> <span class='ocrx_word' id='word_1_263' title='bbox 511 4143 625 4212; x_wconf 88' lang='lat' dir='ltr'>utpote</span> <span class='ocrx_word' id='word_1_264' title='bbox 659 4149 699 4194; x_wconf 88' lang='lat' dir='ltr'>ex</span> <span class='ocrx_word' id='word_1_265' title='bbox 728 4129 859 4194; x_wconf 87' lang='lat' dir='ltr'>nautica</span> <span class='ocrx_word' id='word_1_266' title='bbox 892 4127 1000 4211; x_wconf 92' lang='lat' dir='ltr'>plebe.</span> <span class='ocrx_word' id='word_1_267' title='bbox 1050 4128 1207 4193; x_wconf 88' lang='lat' dir='ltr'>Caeteros</span> <span class='ocrx_word' id='word_1_268' title='bbox 1240 4130 1331 4212; x_wconf 86' lang='lat' dir='ltr'>(narn</span> 
     </span>
     <span class='ocr_line' id='line_1_33' title="bbox 163 4239 1331 4325; baseline 0 -20"><span class='ocrx_word' id='word_1_269' title='bbox 163 4239 411 4322; x_wconf 81' lang='lat' dir='ltr'>plures&#39;fuisse</span> <span class='ocrx_word' id='word_1_270' title='bbox 446 4240 644 4306; x_wconf 89' lang='lat' dir='ltr'>dissimulari</span> <span class='ocrx_word' id='word_1_271' title='bbox 679 4260 791 4323; x_wconf 90' lang='lat' dir='ltr'>sparso</span> <span class='ocrx_word' id='word_1_272' title='bbox 822 4241 887 4325; x_wconf 86' lang='lat' dir='ltr'>jam</span> <span class='ocrx_word' id='word_1_273' title='bbox 923 4259 1053 4305; x_wconf 90' lang='lat' dir='ltr'>rumore</span> <span class='ocrx_word' id='word_1_274' title='bbox 1086 4259 1151 4304; x_wconf 93' lang='lat' dir='ltr'>non</span> <span class='ocrx_word' id='word_1_275' title='bbox 1186 4241 1331 4324; x_wconf 86' lang='lat' dir='ltr'>poterat)</span> 
     </span>
     <span class='ocr_line' id='line_1_34' title="bbox 164 4349 1332 4435; baseline 0.001 -20"><span class='ocrx_word' id='word_1_276' title='bbox 164 4351 321 4433; x_wconf 83' lang='lat' dir='ltr'>proximis</span> <span class='ocrx_word' id='word_1_277' title='bbox 352 4351 469 4418; x_wconf 89' lang='lat' dir='ltr'>diebus</span> <span class='ocrx_word' id='word_1_278' title='bbox 501 4352 566 4417; x_wconf 90' lang='lat' dir='ltr'>alvi</span> <span class='ocrx_word' id='word_1_279' title='bbox 598 4351 764 4435; x_wconf 90' lang='lat' dir='ltr'>profluvio</span> <span class='ocrx_word' id='word_1_280' title='bbox 788 4350 922 4434; x_wconf 89' lang='lat' dir='ltr'>periisse</span> <span class='ocrx_word' id='word_1_281' title='bbox 946 4349 1159 4417; x_wconf 88' lang='lat' dir='ltr'>mentiuntur.</span> <span class='ocrx_word' id='word_1_282' title='bbox 1205 4351 1254 4416; x_wconf 90' lang='lat' dir='ltr'>At</span> <span class='ocrx_word' id='word_1_283' title='bbox 1276 4371 1332 4416; x_wconf 88' lang='lat' dir='ltr'>sex</span> 
     </span>
     <span class='ocr_line' id='line_1_35' title="bbox 163 4461 1331 4547; baseline 0.001 -21"><span class='ocrx_word' id='word_1_284' title='bbox 163 4461 210 4527; x_wconf 92' lang='lat' dir='ltr'>illi</span> <span class='ocrx_word' id='word_1_285' title='bbox 234 4463 275 4529; x_wconf 90' lang='lat' dir='ltr'>ad</span> <span class='ocrx_word' id='word_1_286' title='bbox 297 4463 395 4547; x_wconf 84' lang='lat' dir='ltr'>legati</span> <span class='ocrx_word' id='word_1_287' title='bbox 417 4463 636 4530; x_wconf 88' lang='lat' dir='ltr'>Cantonensis</span> <span class='ocrx_word' id='word_1_288' title='bbox 655 4463 808 4546; x_wconf 88' lang='lat' dir='ltr'>prostrati</span> <span class='ocrx_word' id='word_1_289' title='bbox 828 4462 946 4545; x_wconf 88' lang='lat' dir='ltr'>pedes,</span> <span class='ocrx_word' id='word_1_290' title='bbox 966 4482 1039 4527; x_wconf 89' lang='lat' dir='ltr'>cum</span> <span class='ocrx_word' id='word_1_291' title='bbox 1059 4481 1116 4543; x_wconf 93' lang='lat' dir='ltr'>per</span> <span class='ocrx_word' id='word_1_292' title='bbox 1127 4461 1331 4545; x_wconf 89' lang='lat' dir='ltr'>interpretem</span> 
     </span>
    </p>
   </div>
   <div class='ocr_carea' id='block_1_3' title="bbox 0 0 1670 5506">
    <p class='ocr_par' dir='ltr' id='par_1_3' title="bbox 0 0 1670 5506">
     <span class='ocr_line' id='line_1_36' title="bbox 0 0 1670 5506; baseline 0 0"><span class='ocrx_word' id='word_1_293' title='bbox 0 0 1670 5506; x_wconf 95' lang='lat' dir='ltr'> </span> 
     </span>
    </p>
   </div>
  </div>
 </body>
</html>
