3326 5506
448 612 494 658 DE
518 613 611 678 June
638 610 821 660 PRAEDAE.
848 612 926 659 CAP.
953 614 1016 660 xil.
1255 611 1316 674 225

133 779 231 830 certo
253 764 351 830 maris
375 767 451 832 loco
474 766 595 849 piscari
620 766 753 849 liceret,
778 768 954 852 respondet
965 789 1032 836 rem
1046 768 1178 852 quidem
1191 767 1315 852 ipsam,

132 897 225 943 mare
248 877 394 957 scilicet,
418 878 578 944 servitute
601 880 693 944 nulla
716 879 797 944 affici
810 880 981 963 potuisse,
1006 880 1084 964 quia
1096 900 1154 963 per
1165 894 1313 947 naturam

134 989 203 1053 hoc
238 988 389 1053 omnibus
421 1002 571 1071 pateret,
604 989 662 1055 sed
685 1010 759 1056 cum
785 992 870 1058 bona
893 991 975 1059 fides
999 1006 1185 1058 contractus
1208 993 1311 1075 legem

132 1099 341 1166 venditionis
373 1099 494 1167 servari
527 1116 742 1185 exposceret,
774 1122 931 1186 personas
960 1102 1199 1187 possidentium
1223 1117 1256 1168 et
1277 1100 1311 1166 in

130 1212 194 1295 jus
225 1231 335 1278 eorum
367 1211 613 1280 succedentium
645 1234 704 1296 per
736 1213 831 1280 istam
865 1217 968 1298 legem
991 1214 1140 1300 obligari.
1185 1213 1310 1279 Verum

134 1337 191 1388 est
212 1322 304 1405 loqui
332 1323 605 1408 jurisconsultum
629 1324 669 1390 de
691 1325 835 1409 praediis
857 1326 995 1409 privatis
1019 1340 1052 1391 et
1069 1328 1141 1411 lege
1160 1325 1309 1408 privata,

134 1434 199 1500 sed
229 1434 262 1501 in
293 1434 458 1501 territorio
490 1449 523 1500 et
553 1437 624 1520 lege
656 1439 854 1520 populorum
872 1438 998 1520 eadem
1031 1437 1085 1504 hic
1120 1451 1170 1504 est
1203 1435 1309 1515 ratio,

135 1545 218 1626 quia
238 1546 353 1629 populi
377 1561 527 1630 respectu
549 1547 653 1614 totius
674 1548 801 1633 generis
821 1548 956 1636 humani
977 1549 1179 1632 privatorum
1200 1551 1309 1616 locum

134 1656 298 1725 obtinent.
344 1655 501 1724 Similiter
533 1659 660 1737 reditus
680 1665 713 1741 ¹,
747 1659 807 1742 qui
839 1659 873 1726 in
905 1657 1104 1744 piscationes
1134 1658 1310 1725 maritimas

133 1767 309 1835 constituti
343 1769 500 1854 regalium
531 1788 667 1837 numero
699 1786 894 1852 censentur,
926 1789 992 1838 non
1024 1790 1116 1852 rem,
1159 1772 1223 1836 hoc
1261 1784 1311 1836 est

133 1899 225 1945 mare
247 1895 303 1946 aut
325 1880 562 1963 piscationem,
586 1882 644 1949 sed
666 1901 821 1965 personas
845 1883 1002 1967 obligant.
1026 1882 1138 1970 Quare
1160 1881 1308 1962 subditi,

133 1991 171 2056 in
203 2011 287 2073 quos
319 1994 422 2076 legem
455 1992 580 2059 ferendi
612 2007 757 2076 potestas
788 1993 987 2077 reipublicae
1020 2008 1077 2060 aut
1099 1993 1245 2076 Principi
1269 2013 1309 2058 ex

133 2122 299 2171 consensu
327 2103 508 2187 competit,
541 2105 581 2171 ad
613 2124 711 2171 onera
743 2104 805 2172 ista
836 2104 987 2188 compelli
1010 2104 1097 2171 forte
1128 2117 1307 2187 poterunt,

134 2216 197 2282 sed
228 2215 346 2281 exteris
376 2216 431 2300 jus
454 2215 602 2299 piscandi
624 2216 750 2298 ubique
773 2216 916 2282 immune
940 2235 1010 2283 esse
1033 2215 1154 2298 debet,
1178 2235 1219 2281 ne
1242 2235 1308 2283 ser-

133 2325 230 2393 vitus
253 2325 439 2410 imponatur
461 2328 562 2409 mari,
596 2328 688 2410 quod
714 2327 837 2395 servire
857 2345 924 2394 non
947 2341 1071 2412 potest.
1117 2325 1197 2393 Non
1222 2325 1307 2392 enim

133 2438 233 2504 maris
255 2439 366 2505 eadem
390 2459 473 2521 quae
496 2439 641 2506 fluminis
664 2439 746 2505 ratio
771 2454 838 2517 est,
862 2439 954 2522 quod
977 2459 1052 2505 curn
1065 2437 1108 2504 sit
1119 2437 1306 2522 publicum,

134 2549 170 2614 id
193 2565 244 2616 est
264 2550 404 2632 populi,
425 2550 479 2635 jus
503 2549 598 2615 etiam
618 2550 651 2616 in
675 2570 714 2616 eo
737 2550 885 2634 piscandi
904 2570 922 2615 a
940 2553 1066 2634 populo
1085 2564 1143 2616 aut
1153 2549 1306 2631 Principe

133 2659 272 2726 concedi
295 2676 352 2727 aut
373 2660 473 2728 locari
496 2675 606 2744 potest
625 2659 662 2744 ²,
686 2661 731 2728 ita
754 2677 791 2729 ut
815 2662 844 2728 ei
868 2662 928 2745 qui
950 2660 1110 2727 conduxit
1133 2659 1230 2726 etiam
1255 2659 1305 2724 in-

131 2771 309 2840 terdictum
333 2787 458 2840 veteres
479 2772 628 2838 dederint
646 2783 682 2854 ⁸,
706 2771 745 2839 dc
768 2772 835 2838 loco
850 2772 983 2859 publico
997 2771 1171 2856 fruendo,
1196 2770 1305 2836 addita

131 2883 343 2966 conditione,
367 2883 395 2950 si
418 2882 446 2951 is
468 2884 524 2949 cui
547 2884 676 2950 locandi
697 2885 752 2968 jus
774 2882 874 2950 fuerit
895 2883 1073 2950 fruendum
1096 2881 1196 2947 alicui
1219 2884 1306 2948 loca-

131 2995 241 3077 verit;
269 3015 354 3078 quae
377 2995 525 3061 conditio
549 2996 581 3062 in
605 2994 685 3062 mari
709 2994 839 3062 evenire
862 3013 928 3060 non
951 3008 1060 3078 potest
1080 3003 1103 3058 ⁴.
1128 2993 1304 3058 Caeterum

133 3106 192 3188 qui
213 3106 317 3190 ipsam
337 3106 550 3190 piscationem
572 3120 743 3173 numerant
764 3105 848 3173 inter
870 3104 989 3190 regalia
1008 3125 1049 3172 ne
1067 3104 1160 3170 illum
1172 3102 1304 3185 quidem

132 3218 264 3299 locum,
277 3237 375 3300 quem
389 3218 701 3302 interpretabantur,
713 3217 792 3284 satis
803 3216 1032 3301 inspexerunt:
1047 3214 1139 3297 quod
1150 3213 1305 3280 Iserniam

133 3343 166 3394 et
185 3329 382 3396 Alvarotum
398 3333 410 3368 ⁵
427 3349 494 3397 non
513 3329 621 3396 latuit.
667 3329 933 3397 Demonstratum
954 3342 1082 3394 estnec
1102 3328 1226 3411 populo
1245 3344 1306 3392 nec

133 3440 263 3522 privato
292 3440 432 3525 cuipiam
458 3442 514 3526 jus
542 3439 678 3523 aliquod
706 3440 875 3524 proprium
903 3440 937 3505 in
966 3438 1073 3522 ipsum
1101 3457 1188 3503 mare
1213 3437 1306 3521 (nam

133 3551 366 3619 diverticulum
386 3552 593 3638 excepimus)
613 3566 796 3635 competere
814 3569 935 3634 posse,
958 3570 1034 3616 cum
1058 3547 1305 3632 occupationem

132 3682 192 3730 nec
211 3678 326 3730 natura
344 3683 403 3730 nec
421 3683 502 3732 usus
521 3662 648 3747 publici
669 3661 753 3728 ratio
773 3662 950 3745 permittat.
999 3661 1110 3745 Hujus
1132 3673 1240 3725 autern
1258 3658 1305 3723 rei

132 3795 229 3842 causa
250 3775 402 3842 instituta
420 3775 526 3842 fuerat
542 3777 622 3841 haec
642 3773 847 3858 disputatio,
880 3787 919 3840 ut
937 3784 1106 3855 appareret
1128 3768 1307 3838 Lusitanos
1367 3831 1372 3840 .

132 3905 243 3967 mare,
268 3907 336 3969 quo
366 3888 408 3954 ad
436 3888 535 3955 Indos
558 3886 753 3971 navigatur,
777 3883 931 3968 suijuris
954 3903 1019 3949 non
1043 3880 1173 3948 fecisse.
1218 3879 1305 3947 Nam

133 4075 317 4085 ..—.—.-.-

167 4194 175 4226 ¹
194 4209 219 4243 c.
243 4209 307 4256 quae
330 4195 381 4244 sint
404 4195 505 4257 regalia.
530 4195 556 4243 in
582 4195 682 4245 Fcudis.
702 4196 742 4258 [F.
761 4209 784 4244 a.
804 4195 857 4256 am]
894 4190 905 4225 ¹
922 4194 953 4240 V.
974 4190 1087 4239 Balbum.
1106 4190 1137 4236 de
1153 4199 1262 4247 praescr.
1280 4198 1305 4245 4.

133 4299 204 4347 parte
227 4299 251 4334 et
273 4300 296 4342 5.
315 4299 379 4347 part.
394 4286 505 4348 princip.
518 4300 543 4346 q.
554 4287 578 4334 6.
593 4301 617 4334 n.
631 4300 656 4347 4.
690 4285 701 4317 ³
719 4289 743 4336 d.
761 4290 778 4335 l.
796 4284 952 4344 injuriarum.
970 4285 991 4340 5.
1010 4280 1031 4330 si
1050 4279 1106 4340 quis
1125 4291 1174 4326 me.
1192 4291 1230 4326 vs.
1243 4289 1304 4325 con·

134 4377 244 4426 ductori.
270 4377 313 4439 [D.
337 4389 379 4438 47.
409 4391 446 4426 10.
468 4390 505 4434 ra.
530 4377 566 4441 7.]
608 4378 619 4410 ⁴
644 4379 700 4439 Dig.
725 4379 756 4426 ‹le
780 4380 840 4426 loco
863 4374 969 4436 publico
995 4371 1113 4420 fruendo.
1141 4367 1185 4431 [D.
1204 4379 1245 4427 43-
1266 4366 1303 4428 9·]

135 4467 192 4516 *ad
210 4470 234 4517 d.
252 4471 353 4528 locum,
371 4483 435 4529 quae
453 4469 503 4518 sint
521 4468 623 4528 regalia.

1137 4565 1176 4629 15
