3310 5482
332 597 375 659 44
640 596 688 644 DE
711 596 804 662 Juxn
827 595 1014 644 Puuuunn.
1040 596 1119 642 CAP.
1144 596 1195 644 tv.

331 766 389 817 aut
419 769 622 836 possessores
659 765 716 817 aut
749 749 873 818 domini
905 749 938 816 in
969 749 1110 818 solidum
1138 756 1159 816 ¹.
1222 750 1333 838 Quare
1371 765 1411 816 ut
1445 750 1511 817 for·

330 884 400 930 mae
423 863 671 943 inductionem,
695 861 740 928 ita
762 861 976 946 possessionis
1001 877 1034 928 et
1056 861 1216 943 dominii,
1240 861 1386 946 privatio
1411 863 1512 928 debet

329 974 530 1059 praecedere.
577 975 625 1040 Ea
653 994 732 1041 vero
761 973 882 1058 duplex
911 989 979 1040 est:
1012 972 1227 1055 universalis,
1256 988 1294 1040 ut
1317 975 1405 1058 apud
1427 975 1512 1060 phy·

330 1085 416 1154 sicos
444 1085 594 1152 materiae
622 1085 768 1170 primae,
796 1105 880 1169 quae
909 1106 925 1151 a
957 1099 1070 1152 natura
1105 1084 1214 1166 inest,
1249 1085 1294 1152 ita
1328 1087 1418 1169 apud
1448 1107 1512 1153 nos

328 1200 521 1273 ἁδεσποτεία,
557 1196 696 1263 dominii
728 1200 904 1279 vacuitas,
933 1196 967 1263 in
997 1197 1096 1262 rebus
1129 1196 1283 1262 omnibus
1316 1216 1384 1263 non
1409 1219 1510 1264 occu·

329 1306 433 1391 paris:
469 1328 536 1390 quo
569 1327 667 1374 sensu
701 1307 784 1374 illud
817 1306 1034 1393 intelligitur,
1066 1307 1249 1374 libertatem
1272 1323 1388 1375 natura
1412 1309 1511 1376 etiam

329 1418 430 1485 mutis
462 1419 681 1487 animantibus
715 1420 838 1501 datam,
878 1419 956 1503 quia
987 1418 1134 1486 nondum
1168 1434 1280 1504 captae
1315 1418 1348 1486 in
1382 1420 1512 1487 nullius

330 1529 476 1597 dominio
505 1546 582 1597 sunt
612 1528 643 1596 ²:
677 1530 873 1626 singularis,
898 1546 936 1598 ut
969 1532 1056 1615 apud
1089 1530 1246 1616 physicos
1274 1531 1432 1599 materiae
1461 1551 1512 1598 se·

329 1642 476 1721 eundae,
509 1643 597 1727 apud
628 1661 690 1709 nos
721 1642 857 1710 dominii
891 1642 1066 1725 detractio,
1092 1663 1176 1726 quae
1201 1663 1241 1708 ex
1270 1640 1356 1709 facto
1381 1643 1510 1722 oritur:

329 1755 425 1840 cujus
460 1754 548 1822 modi
580 1769 657 1822 sunt
691 1757 897 1839 complures,
939 1754 997 1822 sed
1033 1754 1087 1819 ille
1123 1752 1404 1837 simplicissimus,
1441 1777 1511 1838 quo

329 1866 445 1933 amissa
467 1867 674 1950 possessione
700 1866 880 1933 dominium
902 1866 1080 1949 amittitur,
1109 1886 1176 1934 non
1199 1865 1307 1932 minus
1332 1888 1432 1948 quam
1457 1888 1512 1933 ac-

329 1976 451 2060 quisita
482 1977 663 2060 acquiritur
681 1983 703 2044 ⁸.
749 1977 788 2043 ld
819 1977 903 2043 enim
931 1980 1076 2045 naturale
1108 1991 1157 2044 est
1192 1993 1225 2043 et
1247 1979 1356 2044 locum
1382 1997 1512 2063 semper

329 2089 480 2170 haberet,
513 2088 575 2154 nisi
603 2091 657 2155 lex
685 2104 800 2170 quarta
829 2089 1020 2171 obsisteret,
1044 2088 1131 2155 unde
1155 2089 1274 2155 omissa
1297 2090 1512 2172 possessione

330 2198 569 2267 vindicationes
596 2199 748 2266 oriuntur
766 2198 797 2282 ⁴,
821 2201 958 2266 deducta
983 2199 1107 2266 scilicet
1129 2198 1162 2264 in
1186 2199 1313 2266 irritum
1339 2222 1395 2284 ea,
1422 2224 1510 2284 quae

332 2327 444 2378 contra
462 2312 517 2396 jus
540 2310 626 2378 facta
649 2326 721 2393 est,
745 2311 1012 2395 apprehensione.
1037 2311 1109 2376 Lex
1129 2325 1236 2377 autem
1258 2328 1374 2394 quarta
1397 2315 1510 2380 locum

330 2423 449 2488 habere
468 2442 533 2488 non
552 2437 662 2506 potest
684 2438 795 2490 contra
815 2425 901 2508 leges
924 2422 1020 2507 primi
1043 2422 1167 2490 ordinis
1187 2426 1217 2488 ⁵:
1243 2445 1327 2506 quae
1350 2445 1425 2490 cum
1449 2446 1512 2492 no-

329 2533 381 2599 bis
413 2534 593 2600 concedant
613 2533 721 2600 omnia
742 2533 866 2617 iacere,
894 2555 977 2617 quae
1005 2534 1045 2600 ad
1069 2533 1155 2601 vitae
1176 2550 1307 2601 nostrae
1330 2557 1511 2620 rerumque

330 2660 512 2712 nostrarum
536 2648 670 2712 tutelam
692 2660 769 2711 sunt
787 2646 983 2729 necessaria,
1007 2645 1077 2713 sine
1096 2645 1198 2712 dubio
1217 2647 1413 2731 permittunt
1434 2649 1510 2716 tolli

330 2757 563 2840 instrumenta,
585 2757 709 2839 quibus
727 2756 933 2825 offendimur.
956 2757 1102 2824 Divitiae
1121 2772 1229 2824 autem
1242 2774 1328 2824 recte
1341 2759 1510 2827 definiun-

327 2885 382 2936 tur
408 2869 587 2937 multitudo
608 2869 898 2936 instrumentorum
918 2884 988 2936 tum
1007 2869 1041 2934 in
1060 2889 1094 2934 re
1113 2867 1288 2952 familiari,
1308 2883 1380 2936 tum
1400 2871 1435 2937 in
1458 2894 1510 2939 re-

327 2981 492 3066 publica‘.
523 2981 647 3048 Omnes
670 2981 769 3067 igitur
792 3001 843 3046 res
863 2981 1007 3047 hostium
1030 2979 1166 3047 totidem
1191 2996 1269 3047 sunt
1289 2981 1510 3050 instrumenta

264 3091 266 3096 ’
327 3094 361 3159 in
384 3108 531 3161 nostrum
556 3093 690 3159 exitium
714 3107 915 3176 comparata:
940 3091 1062 3175 quibus
1081 3091 1205 3158 scilieet
1224 3113 1311 3158 arma
1329 3110 1507 3178 parantur,

327 3206 461 3270 aluntur
484 3204 668 3286 exercitus,
693 3203 922 3288 opprimuntur
945 3203 1079 3269 innoxii.
1133 3204 1223 3269 Haec
1247 3204 1399 3289 amoliri,
1425 3207 1509 3273 haec

330 3313 396 3380 illis
429 3329 623 3396 extorquere
647 3334 713 3380 non
735 3313 844 3380 minus
865 3333 996 3380 necesse
1016 3328 1064 3379 est
1084 3334 1180 3396 quam
1201 3315 1343 3402 gladium
1364 3316 1509 3396 furenti,

330 3425 358 3490 si
383 3444 433 3490 res
456 3438 583 3492 nostras
605 3425 723 3507 tutari,
748 3424 775 3492 si
799 3424 941 3507 denique
964 3424 1047 3491 salvi
1071 3427 1330 3493 essevolumus.
1356 3426 1510 3496 Onesan-

329 3536 385 3602 der
412 3537 445 3601 in
473 3537 556 3602 hanc
583 3536 794 3602 sententiam:
822 3541 912 3624 ζημία
938 3544 997 3621 γὰρ
1023 3539 1181 3620 χρημάτων
1208 3541 1258 3606 uui
1282 3549 1397 3624 καρπῶν
1416 3544 1512 3612 ἔνδεια

328 3661 406 3731 μειοῖ
421 3651 561 3731 πόλεμον,
585 3649 674 3732 ὥςπερ
696 3656 713 3728 ἡ
732 3654 815 3719 οὐσίαι
836 3653 944 3735 τρέφει.
968 3647 1061 3712 Nam
1085 3646 1242 3711 damnum
1263 3651 1299 3714 in
1324 3650 1422 3716 rubus
1446 3652 1512 3718 da·

328 3771 399 3822 tum
424 3757 671 3844 fructuumque
702 3773 827 3847 egestas
857 3763 980 3824 minuit
1003 3757 1141 3839 bellum,
1170 3757 1260 3842 quod
1271 3759 1512 3843 facultatibus

328 3867 450 3934 alitur.
482 3867 603 3953 Neque
627 3890 705 3937 vero
728 3884 934 3954 praeceptum
957 3868 1040 3934 illud
1062 3870 1189 3949 obstat,
1214 3870 1306 3951 quod
1329 3892 1389 3938 nos
1411 3874 1512 3958 jubet

327 3979 441 4047 alienis
460 3979 641 4048 abstinere:
664 4002 737 4048 cum
761 4001 801 4050 ne
825 3980 906 4047 illud
929 3978 1062 4063 quidem
1084 3981 1193 4046 locum
1212 3981 1266 4046 hic
1279 3983 1416 4065 habeat,
1438 4009 1511 4068 quo

342 4143 521 4154 u·—

362 4224 371 4256 ¹
389 4227 406 4273 l.
425 4224 446 4272 si
462 4237 489 4274 ut
505 4238 586 4276 certo.
603 4231 624 4286 5.
638 4226 661 4276 si
675 4228 781 4278 duobus.
799 4227 824 4276 ff.
842 4227 1005 4276 commodati.
1024 4228 1068 4289 [D.
1087 4241 1125 4286 13.
1137 4228 1160 4276 6.
1176 4241 1199 4286 s.
1215 4233 1236 4288 5.
1260 4231 1310 4292 15·]
1337 4228 1348 4262 ²
1366 4233 1428 4282 Tac.
1448 4235 1511 4286 hist.

329 4318 346 4364 1.
355 4329 379 4377 4.
394 4329 417 4364 c.
439 4327 476 4374 17.
493 4319 510 4364 l.
526 4317 715 4367 naturalem'ff.
732 4322 763 4368 de
779 4333 834 4380 acq.
852 4320 920 4368 dom.
939 4319 982 4381 [D.
996 4331 1037 4380 41.
1055 4333 1075 4367 1.
1091 4319 1126 4381 5.]
1146 4320 1176 4367 V.
1192 4333 1215 4368 c.
1224 4318 1264 4377 ius
1278 4325 1403 4373 naturale.
1415 4325 1509 4386 [Dect.

333 4409 400 4456 Grat.
418 4420 444 4467 p.
462 4420 483 4454 1.
504 4420 524 4455 1.
545 4409 581 4470 7.]
615 4407 661 4457 ⁸1.
680 4422 702 4467 3.
720 4413 741 4469 ξ.
758 4413 804 4459 ult.
820 4410 845 4459 ff.
860 4412 891 4460 de
907 4423 961 4470 acq.
977 4411 1044 4458 dom.
1064 4410 1107 4471 [D.
1121 4423 1163 4472 4¹·
1184 4411 1217 4472 1.]
1253 4410 1459 4465 ⁴1.inrem.tf.
1476 4420 1511 4468 de

328 4497 367 4547 rei
383 4495 454 4546 vind.
468 4497 512 4558 [D.
526 4499 550 4547 6.
567 4513 587 4548 1.
603 4501 655 4562 am]
673 4499 731 4551 ‘ex
745 4504 800 4563 lege
813 4513 850 4560 13.
867 4501 878 4534 ⁶
893 4499 971 4550 Arist.
985 4502 1016 4550 de
1031 4514 1085 4562 rep.
1099 4502 1117 4549 1.
1135 4514 1155 4550 1.
1165 4513 1189 4550 c.
1199 4504 1222 4550 8.
1239 4503 1277 4564 [p.
1290 4505 1363 4560 1156.
1373 4519 1396 4556 1.
1407 4519 1449 4556 vs.
1467 4511 1514 4566 ³6·
