<?xml version="1.0" encoding="UTF-8"?>
<!DOCTYPE html PUBLIC "-//W3C//DTD XHTML 1.0 Transitional//EN"
    "http://www.w3.org/TR/xhtml1/DTD/xhtml1-transitional.dtd">
<html xmlns="http://www.w3.org/1999/xhtml" xml:lang="en" lang="en">
 <head>
  <title>
</title>
<meta http-equiv="Content-Type" content="text/html;charset=utf-8" />
  <meta name='ocr-system' content='tesseract 3.04.00' />
  <meta name='ocr-capabilities' content='ocr_page ocr_carea ocr_par ocr_line ocrx_word'/>
</head>
<body>
  <div class='ocr_page' id='page_1' title='image "./ledroitdeprised01hamagoog_0204.png"; bbox 0 0 3326 5506; ppageno 0'>
   <div class='ocr_carea' id='block_1_1' title="bbox 366 599 1241 682">
    <p class='ocr_par' dir='ltr' id='par_1_1' title="bbox 366 599 1241 682">
     <span class='ocr_line' id='line_1_1' title="bbox 366 599 1241 682; baseline 0.006 -23"><span class='ocrx_word' id='word_1_1' title='bbox 366 599 426 660; x_wconf 85' lang='lat'><strong>182</strong></span> <span class='ocrx_word' id='word_1_2' title='bbox 681 613 729 661; x_wconf 85' lang='lat' dir='ltr'><strong>ur.</strong></span> <span class='ocrx_word' id='word_1_3' title='bbox 751 613 845 682; x_wconf 78' lang='lat' dir='ltr'><strong>June</strong></span> <span class='ocrx_word' id='word_1_4' title='bbox 871 610 1057 661; x_wconf 77' lang='lat' dir='ltr'><strong>rannone.</strong></span> <span class='ocrx_word' id='word_1_5' title='bbox 1082 613 1165 662; x_wconf 83' lang='lat' dir='ltr'><strong>cnr.</strong></span> <span class='ocrx_word' id='word_1_6' title='bbox 1189 616 1241 664; x_wconf 87' lang='lat' dir='ltr'><strong>xr.</strong></span> 
     </span>
    </p>
   </div>
   <div class='ocr_carea' id='block_1_2' title="bbox 201 767 1650 4534">
    <p class='ocr_par' dir='ltr' id='par_1_2' title="bbox 360 767 1650 1299">
     <span class='ocr_line' id='line_1_2' title="bbox 362 767 1537 852; baseline 0.002 -18"><span class='ocrx_word' id='word_1_7' title='bbox 362 767 494 849; x_wconf 92' lang='lat' dir='ltr'><strong>quidem</strong></span> <span class='ocrx_word' id='word_1_8' title='bbox 518 768 649 835; x_wconf 88' lang='lat' dir='ltr'><strong>Batavis</strong></span> <span class='ocrx_word' id='word_1_9' title='bbox 671 769 845 835; x_wconf 89' lang='lat' dir='ltr'><strong>videbatur</strong></span> <span class='ocrx_word' id='word_1_10' title='bbox 864 783 1055 852; x_wconf 88' lang='lat' dir='ltr'><strong>apparatus:</strong></span> <span class='ocrx_word' id='word_1_11' title='bbox 1083 785 1244 836; x_wconf 91' lang='lat' dir='ltr'><strong>caeterum</strong></span> <span class='ocrx_word' id='word_1_12' title='bbox 1263 784 1302 836; x_wconf 89' lang='lat' dir='ltr'><strong>ut</strong></span> <span class='ocrx_word' id='word_1_13' title='bbox 1320 769 1430 836; x_wconf 88' lang='lat' dir='ltr'><strong>exitus</strong></span> <span class='ocrx_word' id='word_1_14' title='bbox 1449 790 1537 836; x_wconf 90' lang='lat' dir='ltr'><strong>corn-</strong></span> 
     </span>
     <span class='ocr_line' id='line_1_3' title="bbox 361 879 1536 964; baseline 0.003 -20"><span class='ocrx_word' id='word_1_15' title='bbox 361 879 514 962; x_wconf 88' lang='lat' dir='ltr'>probavit</span> <span class='ocrx_word' id='word_1_16' title='bbox 536 881 698 947; x_wconf 85' lang='lat' dir='ltr'><strong>exercitus</strong></span> <span class='ocrx_word' id='word_1_17' title='bbox 720 879 860 948; x_wconf 90' lang='lat' dir='ltr'><strong>hostilis.</strong></span> <span class='ocrx_word' id='word_1_18' title='bbox 885 879 1107 946; x_wconf 88' lang='lat' dir='ltr'><strong>Praemittitur</strong></span> <span class='ocrx_word' id='word_1_19' title='bbox 1119 881 1272 947; x_wconf 89' lang='lat' dir='ltr'><strong>Rasalata</strong></span> <span class='ocrx_word' id='word_1_20' title='bbox 1284 883 1536 964; x_wconf 88' lang='lat' dir='ltr'><strong>exploraturus,</strong></span> 
     </span>
     <span class='ocr_line' id='line_1_4' title="bbox 360 991 1650 1120; baseline 0.002 -64"><span class='ocrx_word' id='word_1_21' title='bbox 360 991 522 1074; x_wconf 92' lang='lat' dir='ltr'><strong>numquid</strong></span> <span class='ocrx_word' id='word_1_22' title='bbox 545 991 713 1058; x_wconf 92' lang='lat' dir='ltr'><strong>inimicum</strong></span> <span class='ocrx_word' id='word_1_23' title='bbox 737 991 867 1058; x_wconf 84' lang='lat' dir='ltr'><strong>Batavis</strong></span> <span class='ocrx_word' id='word_1_24' title='bbox 887 991 1107 1059; x_wconf 81' lang='lat' dir='ltr'><strong>suboluisset:</strong></span> <span class='ocrx_word' id='word_1_25' title='bbox 1131 991 1223 1059; x_wconf 90' lang='lat' dir='ltr'><strong>videt</strong></span> <span class='ocrx_word' id='word_1_26' title='bbox 1242 992 1350 1058; x_wconf 90' lang='lat' dir='ltr'><strong>omnia</strong></span> <span class='ocrx_word' id='word_1_27' title='bbox 1370 1013 1412 1058; x_wconf 87' lang='lat' dir='ltr'><strong>ex</strong></span> <span class='ocrx_word' id='word_1_28' title='bbox 1435 1008 1537 1073; x_wconf 88' lang='lat' dir='ltr'><strong>voto,</strong></span> <span class='ocrx_word' id='word_1_29' title='bbox 1649 1031 1650 1120; x_wconf 36' lang='lat' dir='ltr'><strong>q</strong></span> 
     </span>
     <span class='ocr_line' id='line_1_5' title="bbox 361 1104 1650 1188; baseline 0 -20"><span class='ocrx_word' id='word_1_30' title='bbox 361 1117 494 1187; x_wconf 87' lang='lat' dir='ltr'><strong>rogatus</strong></span> <span class='ocrx_word' id='word_1_31' title='bbox 525 1123 654 1170; x_wconf 85' lang='lat' dir='ltr'><strong>manere</strong></span> <span class='ocrx_word' id='word_1_32' title='bbox 684 1104 848 1170; x_wconf 89' lang='lat' dir='ltr'><strong>renititur.</strong></span> <span class='ocrx_word' id='word_1_33' title='bbox 892 1104 961 1168; x_wconf 86' lang='lat' dir='ltr'><strong>Vix</strong></span> <span class='ocrx_word' id='word_1_34' title='bbox 993 1118 1061 1169; x_wconf 90' lang='lat' dir='ltr'><strong>erat</strong></span> <span class='ocrx_word' id='word_1_35' title='bbox 1091 1104 1251 1186; x_wconf 88' lang='lat' dir='ltr'><strong>emissus,</strong></span> <span class='ocrx_word' id='word_1_36' title='bbox 1275 1123 1350 1170; x_wconf 88' lang='lat' dir='ltr'><strong>curn</strong></span> <span class='ocrx_word' id='word_1_37' title='bbox 1374 1105 1536 1170; x_wconf 89' lang='lat' dir='ltr'><strong>adunam</strong></span> <span class='ocrx_word' id='word_1_38' title='bbox 1649 1125 1650 1188; x_wconf 69' lang='lat' dir='ltr'><strong>l</strong></span> 
     </span>
     <span class='ocr_line' id='line_1_6' title="bbox 360 1215 1537 1299; baseline 0 -19"><span class='ocrx_word' id='word_1_39' title='bbox 360 1215 494 1280; x_wconf 87' lang='lat' dir='ltr'><strong>navium</strong></span> <span class='ocrx_word' id='word_1_40' title='bbox 527 1215 829 1299; x_wconf 85' lang='lat' dir='ltr'><strong>(Amstelodamum</strong></span> <span class='ocrx_word' id='word_1_41' title='bbox 852 1215 1051 1299; x_wconf 86' lang='lat' dir='ltr'><strong>vocabatur)</strong></span> <span class='ocrx_word' id='word_1_42' title='bbox 1080 1215 1245 1282; x_wconf 89' lang='lat' dir='ltr'><strong>Sabander</strong></span> <span class='ocrx_word' id='word_1_43' title='bbox 1267 1215 1462 1282; x_wconf 83' lang='lat' dir='ltr'><strong>Cidaeensis</strong></span> <span class='ocrx_word' id='word_1_44' title='bbox 1486 1235 1537 1280; x_wconf 85' lang='lat' dir='ltr'><strong>ac-</strong></span> 
     </span>
    </p>

    <p class='ocr_par' dir='ltr' id='par_1_3' title="bbox 362 1322 1537 1412">
     <span class='ocr_line' id='line_1_7' title="bbox 362 1322 1537 1412; baseline 0.002 -22"><span class='ocrx_word' id='word_1_45' title='bbox 362 1325 471 1408; x_wconf 87' lang='lat' dir='ltr'><strong>cedit,</strong></span> <span class='ocrx_word' id='word_1_46' title='bbox 503 1345 540 1391; x_wconf 92' lang='lat' dir='ltr'><strong>ac</strong></span> <span class='ocrx_word' id='word_1_47' title='bbox 573 1326 685 1393; x_wconf 90' lang='lat' dir='ltr'><strong>subito</strong></span> <span class='ocrx_word' id='word_1_48' title='bbox 715 1327 871 1412; x_wconf 89' lang='lat' dir='ltr'><strong>magistro</strong></span> <span class='ocrx_word' id='word_1_49' title='bbox 894 1327 988 1392; x_wconf 91' lang='lat' dir='ltr'><strong>navis</strong></span> <span class='ocrx_word' id='word_1_50' title='bbox 1009 1322 1175 1410; x_wconf 89' lang='lat' dir='ltr'><strong>Reginero</strong></span> <span class='ocrx_word' id='word_1_51' title='bbox 1197 1327 1369 1392; x_wconf 84' lang='lat' dir='ltr'><strong>Verhellio</strong></span> <span class='ocrx_word' id='word_1_52' title='bbox 1393 1329 1537 1411; x_wconf 85' lang='lat' dir='ltr'><strong>gratula-</strong></span> 
     </span>
    </p>

    <p class='ocr_par' dir='ltr' id='par_1_4' title="bbox 362 1437 1536 1521">
     <span class='ocr_line' id='line_1_8' title="bbox 362 1437 1536 1521; baseline 0.001 -21"><span class='ocrx_word' id='word_1_53' title='bbox 362 1437 504 1502; x_wconf 83' lang='lat' dir='ltr'><strong>bundam</strong></span> <span class='ocrx_word' id='word_1_54' title='bbox 534 1437 702 1519; x_wconf 85' lang='lat' dir='ltr'>praebenti</span> <span class='ocrx_word' id='word_1_55' title='bbox 733 1438 920 1520; x_wconf 83' lang='lat' dir='ltr'><strong>dexteram,</strong></span> <span class='ocrx_word' id='word_1_56' title='bbox 955 1438 989 1503; x_wconf 92' lang='lat' dir='ltr'><strong>in</strong></span> <span class='ocrx_word' id='word_1_57' title='bbox 1020 1438 1160 1521; x_wconf 91' lang='lat' dir='ltr'><strong>speciem</strong></span> <span class='ocrx_word' id='word_1_58' title='bbox 1184 1437 1308 1521; x_wconf 90' lang='lat' dir='ltr'><strong>etipse</strong></span> <span class='ocrx_word' id='word_1_59' title='bbox 1331 1437 1536 1520; x_wconf 90' lang='lat' dir='ltr'><strong>compositus</strong></span> 
     </span>
    </p>

    <p class='ocr_par' dir='ltr' id='par_1_5' title="bbox 362 1547 1536 1634">
     <span class='ocr_line' id='line_1_9' title="bbox 362 1547 1536 1634; baseline -0.001 -22"><span class='ocrx_word' id='word_1_60' title='bbox 362 1548 536 1615; x_wconf 88' lang='lat' dir='ltr'><strong>salutantis</strong></span> <span class='ocrx_word' id='word_1_61' title='bbox 566 1550 653 1633; x_wconf 90' lang='lat' dir='ltr'><strong>(non</strong></span> <span class='ocrx_word' id='word_1_62' title='bbox 685 1551 754 1615; x_wconf 91' lang='lat' dir='ltr'><strong>sola</strong></span> <span class='ocrx_word' id='word_1_63' title='bbox 786 1550 963 1634; x_wconf 84' lang='lat' dir='ltr'>Aegyptus</span> <span class='ocrx_word' id='word_1_64' title='bbox 986 1548 1163 1632; x_wconf 85' lang='lat' dir='ltr'><strong>Septimius</strong></span> <span class='ocrx_word' id='word_1_65' title='bbox 1184 1548 1262 1633; x_wconf 91' lang='lat' dir='ltr'><strong>alit)</strong></span> <span class='ocrx_word' id='word_1_66' title='bbox 1283 1548 1383 1614; x_wconf 84' lang='lat' dir='ltr'><strong>sicam</strong></span> <span class='ocrx_word' id='word_1_67' title='bbox 1407 1547 1536 1632; x_wconf 87' lang='lat' dir='ltr'><strong>infigit:</strong></span> 
     </span>
    </p>

    <p class='ocr_par' dir='ltr' id='par_1_6' title="bbox 360 1659 1650 2300">
     <span class='ocr_line' id='line_1_10' title="bbox 362 1659 1650 1745; baseline 0.001 -21"><span class='ocrx_word' id='word_1_68' title='bbox 362 1661 548 1743; x_wconf 85' lang='lat' dir='ltr'>pariterque</span> <span class='ocrx_word' id='word_1_69' title='bbox 580 1662 696 1728; x_wconf 88' lang='lat' dir='ltr'><strong>caeteri</strong></span> <span class='ocrx_word' id='word_1_70' title='bbox 728 1661 851 1728; x_wconf 90' lang='lat' dir='ltr'><strong>conscii</strong></span> <span class='ocrx_word' id='word_1_71' title='bbox 882 1659 1013 1728; x_wconf 81' lang='lat' dir='ltr'><strong>sceleris</strong></span> <span class='ocrx_word' id='word_1_72' title='bbox 1047 1659 1175 1745; x_wconf 86' lang='lat' dir='ltr'><strong>ignaros</strong></span> <span class='ocrx_word' id='word_1_73' title='bbox 1199 1675 1232 1725; x_wconf 90' lang='lat' dir='ltr'><strong>et</strong></span> <span class='ocrx_word' id='word_1_74' title='bbox 1248 1661 1404 1743; x_wconf 43' lang='lat' dir='ltr'><strong>‚incautos</strong></span> <span class='ocrx_word' id='word_1_75' title='bbox 1437 1677 1539 1743; x_wconf 89' lang='lat' dir='ltr'><strong>super</strong></span> <span class='ocrx_word' id='word_1_76' title='bbox 1649 1717 1650 1742; x_wconf 56' lang='lat'><strong>,</strong></span> 
     </span>
     <span class='ocr_line' id='line_1_11' title="bbox 360 1771 1538 1857; baseline 0 -21"><span class='ocrx_word' id='word_1_77' title='bbox 360 1771 454 1837; x_wconf 84' lang='lat' dir='ltr'><strong>navis</strong></span> <span class='ocrx_word' id='word_1_78' title='bbox 475 1772 620 1837; x_wconf 90' lang='lat' dir='ltr'><strong>tabulata</strong></span> <span class='ocrx_word' id='word_1_79' title='bbox 638 1772 812 1838; x_wconf 89' lang='lat' dir='ltr'><strong>trucidant.</strong></span> <span class='ocrx_word' id='word_1_80' title='bbox 835 1773 924 1838; x_wconf 90' lang='lat' dir='ltr'><strong>Inter</strong></span> <span class='ocrx_word' id='word_1_81' title='bbox 935 1773 1147 1838; x_wconf 86' lang='lat' dir='ltr'><strong>obtruncatos</strong></span> <span class='ocrx_word' id='word_1_82' title='bbox 1157 1772 1324 1857; x_wconf 84' lang='lat' dir='ltr'><strong>Johannes</strong></span> <span class='ocrx_word' id='word_1_83' title='bbox 1335 1771 1538 1855; x_wconf 86' lang='lat' dir='ltr'><strong>Stellingius</strong></span> 
     </span>
     <span class='ocr_line' id='line_1_12' title="bbox 362 1881 1537 1966; baseline 0 -20"><span class='ocrx_word' id='word_1_84' title='bbox 362 1895 460 1947; x_wconf 87' lang='lat' dir='ltr'><strong>nauta</strong></span> <span class='ocrx_word' id='word_1_85' title='bbox 483 1896 516 1946; x_wconf 91' lang='lat' dir='ltr'><strong>et</strong></span> <span class='ocrx_word' id='word_1_86' title='bbox 538 1883 700 1966; x_wconf 89' lang='lat' dir='ltr'><strong>Aegidius</strong></span> <span class='ocrx_word' id='word_1_87' title='bbox 723 1883 940 1950; x_wconf 86' lang='lat' dir='ltr'><strong>Vallenerius</strong></span> <span class='ocrx_word' id='word_1_88' title='bbox 962 1882 1071 1948; x_wconf 89' lang='lat' dir='ltr'><strong>etalii</strong></span> <span class='ocrx_word' id='word_1_89' title='bbox 1094 1901 1212 1948; x_wconf 88' lang='lat' dir='ltr'><strong>novem</strong></span> <span class='ocrx_word' id='word_1_90' title='bbox 1225 1881 1382 1963; x_wconf 83' lang='lat' dir='ltr'><strong>firerunt,</strong></span> <span class='ocrx_word' id='word_1_91' title='bbox 1405 1897 1537 1965; x_wconf 87' lang='lat' dir='ltr'><strong>praeter</strong></span> 
     </span>
     <span class='ocr_line' id='line_1_13' title="bbox 362 1992 1650 2076; baseline 0.002 -19"><span class='ocrx_word' id='word_1_92' title='bbox 362 2009 418 2058; x_wconf 91' lang='lat' dir='ltr'><strong>eos</strong></span> <span class='ocrx_word' id='word_1_93' title='bbox 446 1993 505 2075; x_wconf 95' lang='lat' dir='ltr'><strong>qui</strong></span> <span class='ocrx_word' id='word_1_94' title='bbox 532 1992 665 2059; x_wconf 81' lang='lat' dir='ltr'><strong>fallente</strong></span> <span class='ocrx_word' id='word_1_95' title='bbox 694 1993 762 2060; x_wconf 82' lang='lat' dir='ltr'><strong>ictu</strong></span> <span class='ocrx_word' id='word_1_96' title='bbox 790 1994 926 2062; x_wconf 90' lang='lat' dir='ltr'><strong>sauciati</strong></span> <span class='ocrx_word' id='word_1_97' title='bbox 950 2009 1076 2060; x_wconf 88' lang='lat' dir='ltr'><strong>tantum</strong></span> <span class='ocrx_word' id='word_1_98' title='bbox 1095 2008 1196 2060; x_wconf 87' lang='lat' dir='ltr'><strong>erant.</strong></span> <span class='ocrx_word' id='word_1_99' title='bbox 1241 1994 1289 2059; x_wconf 90' lang='lat' dir='ltr'><strong>Et</strong></span> <span class='ocrx_word' id='word_1_100' title='bbox 1311 2009 1403 2076; x_wconf 91' lang='lat' dir='ltr'><strong>capta</strong></span> <span class='ocrx_word' id='word_1_101' title='bbox 1426 1992 1537 2058; x_wconf 87' lang='lat' dir='ltr'><strong>fuerat</strong></span> <span class='ocrx_word' id='word_1_102' title='bbox 1649 2043 1650 2060; x_wconf 68' lang='lat'><strong>.</strong></span> 
     </span>
     <span class='ocr_line' id='line_1_14' title="bbox 361 2104 1537 2190; baseline 0.002 -22"><span class='ocrx_word' id='word_1_103' title='bbox 361 2105 478 2185; x_wconf 90' lang='lat' dir='ltr'><strong>navis,</strong></span> <span class='ocrx_word' id='word_1_104' title='bbox 500 2104 534 2169; x_wconf 89' lang='lat' dir='ltr'><strong>ni</strong></span> <span class='ocrx_word' id='word_1_105' title='bbox 557 2106 706 2172; x_wconf 91' lang='lat' dir='ltr'><strong>homines</strong></span> <span class='ocrx_word' id='word_1_106' title='bbox 727 2106 906 2186; x_wconf 84' lang='lat' dir='ltr'><strong>tredecim,</strong></span> <span class='ocrx_word' id='word_1_107' title='bbox 929 2125 1003 2189; x_wconf 91' lang='lat' dir='ltr'><strong>pars</strong></span> <span class='ocrx_word' id='word_1_108' title='bbox 1026 2123 1142 2190; x_wconf 89' lang='lat' dir='ltr'><strong>magna</strong></span> <span class='ocrx_word' id='word_1_109' title='bbox 1162 2105 1227 2189; x_wconf 89' lang='lat' dir='ltr'><strong>jam</strong></span> <span class='ocrx_word' id='word_1_110' title='bbox 1249 2120 1323 2171; x_wconf 90' lang='lat' dir='ltr'><strong>ante</strong></span> <span class='ocrx_word' id='word_1_111' title='bbox 1343 2105 1455 2190; x_wconf 86' lang='lat' dir='ltr'><strong>aegri,</strong></span> <span class='ocrx_word' id='word_1_112' title='bbox 1481 2106 1537 2171; x_wconf 91' lang='lat' dir='ltr'><strong>de·</strong></span> 
     </span>
     <span class='ocr_line' id='line_1_15' title="bbox 360 2216 1537 2300; baseline 0 -19"><span class='ocrx_word' id='word_1_113' title='bbox 360 2235 510 2284; x_wconf 88' lang='lat' dir='ltr'><strong>scensum</strong></span> <span class='ocrx_word' id='word_1_114' title='bbox 542 2216 575 2282; x_wconf 92' lang='lat' dir='ltr'><strong>in</strong></span> <span class='ocrx_word' id='word_1_115' title='bbox 599 2217 738 2282; x_wconf 91' lang='lat' dir='ltr'><strong>carinam</strong></span> <span class='ocrx_word' id='word_1_116' title='bbox 770 2217 1022 2300; x_wconf 82' lang='lat' dir='ltr'><strong>praeclusissem</strong></span> <span class='ocrx_word' id='word_1_117' title='bbox 1053 2216 1262 2300; x_wconf 87' lang='lat' dir='ltr'><strong>explosisque</strong></span> <span class='ocrx_word' id='word_1_118' title='bbox 1285 2216 1445 2282; x_wconf 91' lang='lat' dir='ltr'><strong>machinis</strong></span> <span class='ocrx_word' id='word_1_119' title='bbox 1465 2231 1537 2281; x_wconf 94' lang='lat' dir='ltr'><strong>tum</strong></span> 
     </span>
    </p>

    <p class='ocr_par' dir='ltr' id='par_1_7' title="bbox 201 2326 1539 4534">
     <span class='ocr_line' id='line_1_16' title="bbox 361 2326 1538 2411; baseline 0 -20"><span class='ocrx_word' id='word_1_120' title='bbox 361 2326 420 2410; x_wconf 92' lang='lat' dir='ltr'><strong>qui</strong></span> <span class='ocrx_word' id='word_1_121' title='bbox 441 2345 590 2410; x_wconf 89' lang='lat' dir='ltr'><strong>suprema</strong></span> <span class='ocrx_word' id='word_1_122' title='bbox 610 2329 787 2409; x_wconf 90' lang='lat' dir='ltr'><strong>tenebant,</strong></span> <span class='ocrx_word' id='word_1_123' title='bbox 811 2342 881 2394; x_wconf 91' lang='lat' dir='ltr'><strong>tum</strong></span> <span class='ocrx_word' id='word_1_124' title='bbox 903 2349 958 2394; x_wconf 88' lang='lat' dir='ltr'><strong>eos</strong></span> <span class='ocrx_word' id='word_1_125' title='bbox 971 2328 1029 2411; x_wconf 94' lang='lat' dir='ltr'><strong>qui</strong></span> <span class='ocrx_word' id='word_1_126' title='bbox 1042 2330 1128 2394; x_wconf 87' lang='lat' dir='ltr'><strong>latus</strong></span> <span class='ocrx_word' id='word_1_127' title='bbox 1140 2327 1319 2393; x_wconf 90' lang='lat' dir='ltr'><strong>ambierant</strong></span> <span class='ocrx_word' id='word_1_128' title='bbox 1329 2347 1386 2410; x_wconf 92' lang='lat' dir='ltr'><strong>per</strong></span> <span class='ocrx_word' id='word_1_129' title='bbox 1397 2329 1538 2393; x_wconf 89' lang='lat' dir='ltr'><strong>vulnera</strong></span> 
     </span>
     <span class='ocr_line' id='line_1_17' title="bbox 361 2426 1537 2524; baseline -0.002 -20"><span class='ocrx_word' id='word_1_130' title='bbox 361 2457 397 2505; x_wconf 91' lang='lat' dir='ltr'><strong>ac</strong></span> <span class='ocrx_word' id='word_1_131' title='bbox 419 2459 571 2522; x_wconf 91' lang='lat' dir='ltr'><strong>pavorem</strong></span> <span class='ocrx_word' id='word_1_132' title='bbox 596 2441 739 2524; x_wconf 83' lang='lat' dir='ltr'><strong>egissent</strong></span> <span class='ocrx_word' id='word_1_133' title='bbox 760 2440 793 2505; x_wconf 90' lang='lat' dir='ltr'><strong>iu</strong></span> <span class='ocrx_word' id='word_1_134' title='bbox 816 2459 922 2505; x_wconf 88' lang='lat' dir='ltr'><strong>mare:</strong></span> <span class='ocrx_word' id='word_1_135' title='bbox 946 2439 1037 2521; x_wconf 93' lang='lat' dir='ltr'><strong>quod</strong></span> <span class='ocrx_word' id='word_1_136' title='bbox 1060 2452 1130 2504; x_wconf 86' lang='lat' dir='ltr'><strong>tum</strong></span> <span class='ocrx_word' id='word_1_137' title='bbox 1150 2437 1248 2504; x_wconf 88' lang='lat' dir='ltr'><strong>saluti</strong></span> <span class='ocrx_word' id='word_1_138' title='bbox 1267 2437 1355 2520; x_wconf 89' lang='lat' dir='ltr'><strong>fuit,</strong></span> <span class='ocrx_word' id='word_1_139' title='bbox 1380 2426 1537 2504; x_wconf 84' lang='lat' dir='ltr'><strong>accusan-</strong></span> 
     </span>
     <span class='ocr_line' id='line_1_18' title="bbox 360 2549 1538 2633; baseline -0.002 -17"><span class='ocrx_word' id='word_1_140' title='bbox 360 2551 450 2617; x_wconf 89' lang='lat' dir='ltr'><strong>tibus</strong></span> <span class='ocrx_word' id='word_1_141' title='bbox 480 2549 600 2616; x_wconf 87' lang='lat' dir='ltr'><strong>frustra</strong></span> <span class='ocrx_word' id='word_1_142' title='bbox 630 2551 799 2617; x_wconf 89' lang='lat' dir='ltr'><strong>Lusitanis</strong></span> <span class='ocrx_word' id='word_1_143' title='bbox 830 2551 1039 2617; x_wconf 88' lang='lat' dir='ltr'><strong>barbarorum</strong></span> <span class='ocrx_word' id='word_1_144' title='bbox 1066 2549 1339 2633; x_wconf 84' lang='lat' dir='ltr'><strong>imprudentiam,</strong></span> <span class='ocrx_word' id='word_1_145' title='bbox 1362 2549 1420 2632; x_wconf 92' lang='lat' dir='ltr'><strong>qui</strong></span> <span class='ocrx_word' id='word_1_146' title='bbox 1440 2565 1538 2633; x_wconf 88' lang='lat' dir='ltr'><strong>capta</strong></span> 
     </span>
     <span class='ocr_line' id='line_1_19' title="bbox 361 2659 1537 2745; baseline -0.001 -19"><span class='ocrx_word' id='word_1_147' title='bbox 361 2663 476 2728; x_wconf 92' lang='lat' dir='ltr'><strong>callide</strong></span> <span class='ocrx_word' id='word_1_148' title='bbox 498 2662 634 2729; x_wconf 90' lang='lat' dir='ltr'><strong>consilia</strong></span> <span class='ocrx_word' id='word_1_149' title='bbox 654 2662 754 2729; x_wconf 89' lang='lat' dir='ltr'><strong>nimia</strong></span> <span class='ocrx_word' id='word_1_150' title='bbox 773 2661 985 2730; x_wconf 88' lang='lat' dir='ltr'><strong>festinatione</strong></span> <span class='ocrx_word' id='word_1_151' title='bbox 1009 2661 1241 2745; x_wconf 85' lang='lat' dir='ltr'><strong>corrupissent.</strong></span> <span class='ocrx_word' id='word_1_152' title='bbox 1286 2659 1406 2727; x_wconf 87' lang='lat' dir='ltr'><strong>Fuerat</strong></span> <span class='ocrx_word' id='word_1_153' title='bbox 1426 2676 1537 2726; x_wconf 87' lang='lat' dir='ltr'><strong>tamen</strong></span> 
     </span>
     <span class='ocr_line' id='line_1_20' title="bbox 361 2768 1537 2856; baseline -0.001 -17"><span class='ocrx_word' id='word_1_154' title='bbox 361 2789 450 2839; x_wconf 88' lang='lat' dir='ltr'><strong>tanta</strong></span> <span class='ocrx_word' id='word_1_155' title='bbox 476 2775 604 2855; x_wconf 73' lang='lat' dir='ltr'><strong>endec,</strong></span> <span class='ocrx_word' id='word_1_156' title='bbox 635 2768 676 2840; x_wconf 81' lang='lat' dir='ltr'><strong>&#39;ut</strong></span> <span class='ocrx_word' id='word_1_157' title='bbox 694 2774 839 2840; x_wconf 89' lang='lat' dir='ltr'><strong>virorum</strong></span> <span class='ocrx_word' id='word_1_158' title='bbox 860 2774 997 2856; x_wconf 89' lang='lat' dir='ltr'><strong>penuria</strong></span> <span class='ocrx_word' id='word_1_159' title='bbox 1015 2788 1132 2839; x_wconf 88' lang='lat' dir='ltr'><strong>nautae</strong></span> <span class='ocrx_word' id='word_1_160' title='bbox 1154 2792 1222 2838; x_wconf 85' lang='lat' dir='ltr'><strong>eam</strong></span> <span class='ocrx_word' id='word_1_161' title='bbox 1243 2793 1358 2839; x_wconf 89' lang='lat' dir='ltr'><strong>navem</strong></span> <span class='ocrx_word' id='word_1_162' title='bbox 1378 2774 1537 2839; x_wconf 89' lang='lat' dir='ltr'><strong>nudatam</strong></span> 
     </span>
     <span class='ocr_line' id='line_1_21' title="bbox 201 2885 1538 3003; baseline -0.001 -52"><span class='ocrx_word' id='word_1_163' title='bbox 201 2887 347 3003; x_wconf 39' lang='lat' dir='ltr'><strong>gagates&amp;</strong></span> <span class='ocrx_word' id='word_1_164' title='bbox 361 2887 504 2952; x_wconf 90' lang='lat' dir='ltr'><strong>deserere</strong></span> <span class='ocrx_word' id='word_1_165' title='bbox 524 2901 730 2970; x_wconf 86' lang='lat' dir='ltr'><strong>cogerentur.</strong></span> <span class='ocrx_word' id='word_1_166' title='bbox 774 2887 830 2952; x_wconf 90' lang='lat' dir='ltr'><strong>Ab</strong></span> <span class='ocrx_word' id='word_1_167' title='bbox 853 2885 1027 2952; x_wconf 87' lang='lat' dir='ltr'><strong>Hollandis</strong></span> <span class='ocrx_word' id='word_1_168' title='bbox 1050 2885 1090 2949; x_wconf 88' lang='lat' dir='ltr'><strong>ad</strong></span> <span class='ocrx_word' id='word_1_169' title='bbox 1114 2886 1300 2967; x_wconf 88' lang='lat' dir='ltr'><strong>Zelandos,</strong></span> <span class='ocrx_word' id='word_1_170' title='bbox 1327 2885 1447 2970; x_wconf 86' lang='lat' dir='ltr'><strong>eJava</strong></span> <span class='ocrx_word' id='word_1_171' title='bbox 1469 2885 1538 2950; x_wconf 86' lang='lat' dir='ltr'><strong>Ta·</strong></span> 
     </span>
     <span class='ocr_line' id='line_1_22' title="bbox 360 2995 1537 3081; baseline 0 -19"><span class='ocrx_word' id='word_1_172' title='bbox 360 2999 526 3081; x_wconf 92' lang='lat' dir='ltr'><strong>probanen</strong></span> <span class='ocrx_word' id='word_1_173' title='bbox 553 2998 745 3079; x_wconf 86' lang='lat' dir='ltr'><strong>veniamus,</strong></span> <span class='ocrx_word' id='word_1_174' title='bbox 769 3016 838 3079; x_wconf 94' lang='lat' dir='ltr'><strong>quo</strong></span> <span class='ocrx_word' id='word_1_175' title='bbox 860 3017 960 3064; x_wconf 88' lang='lat' dir='ltr'><strong>naves</strong></span> <span class='ocrx_word' id='word_1_176' title='bbox 980 2997 1063 3062; x_wconf 87' lang='lat' dir='ltr'><strong>duae</strong></span> <span class='ocrx_word' id='word_1_177' title='bbox 1084 2995 1247 3080; x_wconf 85' lang='lat' dir='ltr'><strong>praefecto</strong></span> <span class='ocrx_word' id='word_1_178' title='bbox 1269 3014 1366 3079; x_wconf 89' lang='lat' dir='ltr'><strong>quem</strong></span> <span class='ocrx_word' id='word_1_179' title='bbox 1390 2996 1537 3063; x_wconf 84' lang='lat' dir='ltr'><strong>diximus</strong></span> 
     </span>
     <span class='ocr_line' id='line_1_23' title="bbox 361 3107 1539 3193; baseline 0 -18"><span class='ocrx_word' id='word_1_180' title='bbox 361 3111 576 3176; x_wconf 90' lang='lat' dir='ltr'><strong>Houtmanno</strong></span> <span class='ocrx_word' id='word_1_181' title='bbox 608 3111 814 3193; x_wconf 85' lang='lat' dir='ltr'><strong>appulerunt.</strong></span> <span class='ocrx_word' id='word_1_182' title='bbox 860 3109 942 3174; x_wconf 85' lang='lat' dir='ltr'><strong>Erat</strong></span> <span class='ocrx_word' id='word_1_183' title='bbox 973 3108 1006 3172; x_wconf 92' lang='lat' dir='ltr'><strong>in</strong></span> <span class='ocrx_word' id='word_1_184' title='bbox 1040 3107 1114 3174; x_wconf 85' lang='lat' dir='ltr'><strong>aula</strong></span> <span class='ocrx_word' id='word_1_185' title='bbox 1136 3107 1316 3174; x_wconf 88' lang='lat' dir='ltr'><strong>Achinensi</strong></span> <span class='ocrx_word' id='word_1_186' title='bbox 1339 3107 1539 3190; x_wconf 89' lang='lat' dir='ltr'><strong>Alphonsus</strong></span> 
     </span>
     <span class='ocr_line' id='line_1_24' title="bbox 360 3219 1537 3304; baseline 0.001 -19"><span class='ocrx_word' id='word_1_187' title='bbox 360 3221 415 3286; x_wconf 90' lang='lat' dir='ltr'><strong>ille</strong></span> <span class='ocrx_word' id='word_1_188' title='bbox 448 3220 672 3300; x_wconf 86' lang='lat' dir='ltr'><strong>Vincentius,</strong></span> <span class='ocrx_word' id='word_1_189' title='bbox 705 3221 804 3286; x_wconf 91' lang='lat' dir='ltr'><strong>homo</strong></span> <span class='ocrx_word' id='word_1_190' title='bbox 839 3219 934 3285; x_wconf 91' lang='lat' dir='ltr'><strong>etiam</strong></span> <span class='ocrx_word' id='word_1_191' title='bbox 969 3219 1053 3284; x_wconf 88' lang='lat' dir='ltr'><strong>inter</strong></span> <span class='ocrx_word' id='word_1_192' title='bbox 1078 3219 1257 3284; x_wconf 87' lang='lat' dir='ltr'><strong>Lusitanos</strong></span> <span class='ocrx_word' id='word_1_193' title='bbox 1280 3219 1537 3304; x_wconf 87' lang='lat' dir='ltr'><strong>malignissimae</strong></span> 
     </span>
     <span class='ocr_line' id='line_1_25' title="bbox 360 3326 1538 3414; baseline 0 -18"><span class='ocrx_word' id='word_1_194' title='bbox 360 3332 570 3414; x_wconf 85' lang='lat' dir='ltr'><strong>calliditatis,</strong></span> <span class='ocrx_word' id='word_1_195' title='bbox 605 3331 663 3413; x_wconf 95' lang='lat' dir='ltr'><strong>qui</strong></span> <span class='ocrx_word' id='word_1_196' title='bbox 695 3351 769 3397; x_wconf 89' lang='lat' dir='ltr'><strong>cum</strong></span> <span class='ocrx_word' id='word_1_197' title='bbox 803 3331 875 3396; x_wconf 91' lang='lat' dir='ltr'><strong>aliis</strong></span> <span class='ocrx_word' id='word_1_198' title='bbox 898 3326 1067 3398; x_wconf 88' lang='lat' dir='ltr'><strong>Lusitanis</strong></span> <span class='ocrx_word' id='word_1_199' title='bbox 1090 3329 1123 3396; x_wconf 95' lang='lat' dir='ltr'><strong>in</strong></span> <span class='ocrx_word' id='word_1_200' title='bbox 1146 3330 1397 3397; x_wconf 82' lang='lat' dir='ltr'><strong>familiaritatem</strong></span> <span class='ocrx_word' id='word_1_201' title='bbox 1422 3332 1538 3398; x_wconf 89' lang='lat' dir='ltr'><strong>Hout·</strong></span> 
     </span>
     <span class='ocr_line' id='line_1_26' title="bbox 359 3441 1536 3527; baseline 0 -19"><span class='ocrx_word' id='word_1_202' title='bbox 359 3443 469 3508; x_wconf 88' lang='lat' dir='ltr'><strong>manni</strong></span> <span class='ocrx_word' id='word_1_203' title='bbox 498 3444 637 3527; x_wconf 87' lang='lat' dir='ltr'><strong>ejusque</strong></span> <span class='ocrx_word' id='word_1_204' title='bbox 667 3442 824 3508; x_wconf 87' lang='lat' dir='ltr'><strong>comitum</strong></span> <span class='ocrx_word' id='word_1_205' title='bbox 859 3441 1000 3524; x_wconf 89' lang='lat' dir='ltr'><strong>irrepsit.</strong></span> <span class='ocrx_word' id='word_1_206' title='bbox 1046 3442 1242 3510; x_wconf 88' lang='lat' dir='ltr'><strong>Ostentabet</strong></span> <span class='ocrx_word' id='word_1_207' title='bbox 1270 3443 1354 3509; x_wconf 89' lang='lat' dir='ltr'><strong>enim</strong></span> <span class='ocrx_word' id='word_1_208' title='bbox 1385 3463 1422 3510; x_wconf 91' lang='lat' dir='ltr'><strong>se</strong></span> <span class='ocrx_word' id='word_1_209' title='bbox 1442 3442 1536 3525; x_wconf 91' lang='lat' dir='ltr'><strong>illis,</strong></span> 
     </span>
     <span class='ocr_line' id='line_1_27' title="bbox 359 3553 1539 3639; baseline 0.002 -21"><span class='ocrx_word' id='word_1_210' title='bbox 359 3553 455 3636; x_wconf 85' lang='lat' dir='ltr'><strong>quasi</strong></span> <span class='ocrx_word' id='word_1_211' title='bbox 477 3553 580 3639; x_wconf 89' lang='lat' dir='ltr'><strong>gratia</strong></span> <span class='ocrx_word' id='word_1_212' title='bbox 598 3553 687 3636; x_wconf 90' lang='lat' dir='ltr'><strong>apud</strong></span> <span class='ocrx_word' id='word_1_213' title='bbox 705 3573 813 3638; x_wconf 90' lang='lat' dir='ltr'><strong>regem</strong></span> <span class='ocrx_word' id='word_1_214' title='bbox 834 3554 957 3620; x_wconf 90' lang='lat' dir='ltr'><strong>valeret</strong></span> <span class='ocrx_word' id='word_1_215' title='bbox 978 3568 1178 3636; x_wconf 86' lang='lat' dir='ltr'><strong>possentque</strong></span> <span class='ocrx_word' id='word_1_216' title='bbox 1203 3572 1255 3619; x_wconf 85' lang='lat' dir='ltr'><strong>res</strong></span> <span class='ocrx_word' id='word_1_217' title='bbox 1276 3553 1406 3620; x_wconf 90' lang='lat' dir='ltr'><strong>illorum</strong></span> <span class='ocrx_word' id='word_1_218' title='bbox 1430 3554 1539 3620; x_wconf 90' lang='lat' dir='ltr'><strong>Achi-</strong></span> 
     </span>
     <span class='ocr_line' id='line_1_28' title="bbox 359 3665 1537 3749; baseline -0.001 -18"><span class='ocrx_word' id='word_1_219' title='bbox 359 3665 516 3732; x_wconf 92' lang='lat' dir='ltr'><strong>nensibus</strong></span> <span class='ocrx_word' id='word_1_220' title='bbox 544 3683 579 3732; x_wconf 86' lang='lat' dir='ltr'><strong>se</strong></span> <span class='ocrx_word' id='word_1_221' title='bbox 606 3665 802 3733; x_wconf 89' lang='lat' dir='ltr'><strong>conciliante</strong></span> <span class='ocrx_word' id='word_1_222' title='bbox 830 3665 1058 3731; x_wconf 86' lang='lat' dir='ltr'><strong>commendari.</strong></span> <span class='ocrx_word' id='word_1_223' title='bbox 1103 3666 1267 3749; x_wconf 90' lang='lat' dir='ltr'><strong>Adeoque</strong></span> <span class='ocrx_word' id='word_1_224' title='bbox 1285 3666 1431 3748; x_wconf 88' lang='lat' dir='ltr'><strong>impense</strong></span> <span class='ocrx_word' id='word_1_225' title='bbox 1450 3667 1537 3731; x_wconf 87' lang='lat' dir='ltr'><strong>hanc</strong></span> 
     </span>
     <span class='ocr_line' id='line_1_29' title="bbox 360 3777 1538 3860; baseline 0.001 -17"><span class='ocrx_word' id='word_1_226' title='bbox 360 3795 491 3860; x_wconf 89' lang='lat' dir='ltr'><strong>operam</strong></span> <span class='ocrx_word' id='word_1_227' title='bbox 511 3777 707 3859; x_wconf 87' lang='lat' dir='ltr'><strong>simulabat,</strong></span> <span class='ocrx_word' id='word_1_228' title='bbox 732 3791 771 3842; x_wconf 92' lang='lat' dir='ltr'><strong>ut</strong></span> <span class='ocrx_word' id='word_1_229' title='bbox 790 3777 954 3843; x_wconf 87' lang='lat' dir='ltr'><strong>Zelandos</strong></span> <span class='ocrx_word' id='word_1_230' title='bbox 973 3793 1220 3859; x_wconf 86' lang='lat' dir='ltr'><strong>nonnumquam</strong></span> <span class='ocrx_word' id='word_1_231' title='bbox 1238 3777 1272 3843; x_wconf 92' lang='lat' dir='ltr'><strong>in</strong></span> <span class='ocrx_word' id='word_1_232' title='bbox 1292 3779 1397 3842; x_wconf 90' lang='lat' dir='ltr'><strong>aulam</strong></span> <span class='ocrx_word' id='word_1_233' title='bbox 1407 3778 1538 3860; x_wconf 89' lang='lat' dir='ltr'><strong>produ-</strong></span> 
     </span>
     <span class='ocr_line' id='line_1_30' title="bbox 360 3887 1537 3974; baseline 0 -20"><span class='ocrx_word' id='word_1_234' title='bbox 360 3903 469 3972; x_wconf 91' lang='lat' dir='ltr'><strong>ceret,</strong></span> <span class='ocrx_word' id='word_1_235' title='bbox 503 3888 597 3956; x_wconf 91' lang='lat' dir='ltr'><strong>etiam</strong></span> <span class='ocrx_word' id='word_1_236' title='bbox 631 3887 767 3956; x_wconf 90' lang='lat' dir='ltr'><strong>consilia</strong></span> <span class='ocrx_word' id='word_1_237' title='bbox 797 3889 954 3970; x_wconf 89' lang='lat' dir='ltr'><strong>quaedam</strong></span> <span class='ocrx_word' id='word_1_238' title='bbox 981 3887 1068 3974; x_wconf 84' lang='lat' dir='ltr'><strong>regis</strong></span> <span class='ocrx_word' id='word_1_239' title='bbox 1097 3891 1345 3969; x_wconf 73' lang='lat' dir='ltr'><strong>reimerum,</strong></span> <span class='ocrx_word' id='word_1_240' title='bbox 1368 3889 1427 3954; x_wconf 86' lang='lat' dir='ltr'><strong>sed</strong></span> <span class='ocrx_word' id='word_1_241' title='bbox 1449 3909 1537 3970; x_wconf 88' lang='lat' dir='ltr'><strong>quae</strong></span> 
     </span>
     <span class='ocr_line' id='line_1_31' title="bbox 359 3998 1538 4084; baseline 0.001 -18"><span class='ocrx_word' id='word_1_242' title='bbox 359 4001 525 4084; x_wconf 88' lang='lat' dir='ltr'><strong>corruptis</strong></span> <span class='ocrx_word' id='word_1_243' title='bbox 556 4001 755 4084; x_wconf 88' lang='lat' dir='ltr'><strong>primoribus</strong></span> <span class='ocrx_word' id='word_1_244' title='bbox 786 4014 940 4082; x_wconf 91' lang='lat' dir='ltr'><strong>potuerat</strong></span> <span class='ocrx_word' id='word_1_245' title='bbox 968 3998 1142 4082; x_wconf 87' lang='lat' dir='ltr'><strong>didicisse,</strong></span> <span class='ocrx_word' id='word_1_246' title='bbox 1167 4019 1240 4065; x_wconf 89' lang='lat' dir='ltr'><strong>cum</strong></span> <span class='ocrx_word' id='word_1_247' title='bbox 1265 3999 1329 4067; x_wconf 87' lang='lat' dir='ltr'><strong>illis</strong></span> <span class='ocrx_word' id='word_1_248' title='bbox 1352 4002 1538 4067; x_wconf 88' lang='lat' dir='ltr'><strong>communi-</strong></span> 
     </span>
     <span class='ocr_line' id='line_1_32' title="bbox 359 4111 1538 4196; baseline 0.001 -19"><span class='ocrx_word' id='word_1_249' title='bbox 359 4128 455 4179; x_wconf 89' lang='lat' dir='ltr'><strong>caret.</strong></span> <span class='ocrx_word' id='word_1_250' title='bbox 501 4113 635 4177; x_wconf 89' lang='lat' dir='ltr'><strong>interim</strong></span> <span class='ocrx_word' id='word_1_251' title='bbox 657 4111 876 4196; x_wconf 90' lang='lat' dir='ltr'><strong>negotiatores</strong></span> <span class='ocrx_word' id='word_1_252' title='bbox 899 4111 1019 4178; x_wconf 90' lang='lat' dir='ltr'><strong>ibidem</strong></span> <span class='ocrx_word' id='word_1_253' title='bbox 1042 4127 1204 4178; x_wconf 88' lang='lat' dir='ltr'><strong>morantes</strong></span> <span class='ocrx_word' id='word_1_254' title='bbox 1227 4111 1384 4196; x_wconf 87' lang='lat' dir='ltr'><strong>instigat,</strong></span> <span class='ocrx_word' id='word_1_255' title='bbox 1408 4111 1538 4196; x_wconf 89' lang='lat' dir='ltr'><strong>quippe</strong></span> 
     </span>
     <span class='ocr_line' id='line_1_33' title="bbox 359 4223 1537 4308; baseline -0.001 -18"><span class='ocrx_word' id='word_1_256' title='bbox 359 4225 524 4307; x_wconf 89' lang='lat' dir='ltr'><strong>corrumpi</strong></span> <span class='ocrx_word' id='word_1_257' title='bbox 548 4223 615 4289; x_wconf 89' lang='lat' dir='ltr'><strong>illis</strong></span> <span class='ocrx_word' id='word_1_258' title='bbox 638 4237 809 4304; x_wconf 89' lang='lat' dir='ltr'><strong>quaestum</strong></span> <span class='ocrx_word' id='word_1_259' title='bbox 827 4238 915 4290; x_wconf 83' lang='lat' dir='ltr'><strong>nova</strong></span> <span class='ocrx_word' id='word_1_260' title='bbox 934 4223 1131 4290; x_wconf 89' lang='lat' dir='ltr'><strong>licitantium</strong></span> <span class='ocrx_word' id='word_1_261' title='bbox 1155 4223 1349 4290; x_wconf 82' lang='lat' dir='ltr'><strong>accessione.</strong></span> <span class='ocrx_word' id='word_1_262' title='bbox 1394 4223 1537 4308; x_wconf 85' lang='lat' dir='ltr'><strong>instigat</strong></span> 
     </span>
     <span class='ocr_line' id='line_1_34' title="bbox 359 4332 1536 4418; baseline 0.003 -19"><span class='ocrx_word' id='word_1_263' title='bbox 359 4350 391 4400; x_wconf 89' lang='lat' dir='ltr'><strong>et</strong></span> <span class='ocrx_word' id='word_1_264' title='bbox 403 4335 621 4415; x_wconf 90' lang='lat' dir='ltr'><strong>Sabandrum,</strong></span> <span class='ocrx_word' id='word_1_265' title='bbox 640 4335 809 4402; x_wconf 87' lang='lat' dir='ltr'><strong>Abdulum</strong></span> <span class='ocrx_word' id='word_1_266' title='bbox 820 4335 951 4402; x_wconf 89' lang='lat' dir='ltr'><strong>nomine</strong></span> <span class='ocrx_word' id='word_1_267' title='bbox 964 4350 996 4401; x_wconf 88' lang='lat' dir='ltr'><strong>et</strong></span> <span class='ocrx_word' id='word_1_268' title='bbox 1008 4332 1191 4402; x_wconf 90' lang='lat' dir='ltr'><strong>Corconem</strong></span> <span class='ocrx_word' id='word_1_269' title='bbox 1204 4335 1343 4400; x_wconf 87' lang='lat' dir='ltr'><strong>scribam</strong></span> <span class='ocrx_word' id='word_1_270' title='bbox 1356 4335 1536 4418; x_wconf 86' lang='lat' dir='ltr'><strong>ipsumque</strong></span> 
     </span>
     <span class='ocr_line' id='line_1_35' title="bbox 357 4446 1531 4534; baseline 0.002 -22"><span class='ocrx_word' id='word_1_271' title='bbox 357 4467 464 4534; x_wconf 91' lang='lat' dir='ltr'><strong>regem</strong></span> <span class='ocrx_word' id='word_1_272' title='bbox 496 4448 706 4516; x_wconf 88' lang='lat' dir='ltr'><strong>monstrando</strong></span> <span class='ocrx_word' id='word_1_273' title='bbox 736 4449 908 4532; x_wconf 87' lang='lat' dir='ltr'><strong>opulentas</strong></span> <span class='ocrx_word' id='word_1_274' title='bbox 926 4462 1024 4515; x_wconf 85' lang='lat' dir='ltr'><strong>naves</strong></span> <span class='ocrx_word' id='word_1_275' title='bbox 1044 4463 1076 4513; x_wconf 92' lang='lat' dir='ltr'><strong>et</strong></span> <span class='ocrx_word' id='word_1_276' title='bbox 1094 4446 1220 4516; x_wconf 87' lang='lat' dir='ltr'><strong>facilem</strong></span> <span class='ocrx_word' id='word_1_277' title='bbox 1239 4447 1409 4530; x_wconf 86' lang='lat' dir='ltr'><strong>praedam:</strong></span> <span class='ocrx_word' id='word_1_278' title='bbox 1433 4447 1531 4516; x_wconf 84' lang='lat' dir='ltr'><strong>etiam</strong></span> 
     </span>
    </p>
   </div>
   <div class='ocr_carea' id='block_1_3' title="bbox 0 0 1668 5506">
    <p class='ocr_par' dir='ltr' id='par_1_8' title="bbox 0 0 1668 5506">
     <span class='ocr_line' id='line_1_36' title="bbox 0 0 1668 5506; baseline 0 0"><span class='ocrx_word' id='word_1_279' title='bbox 0 0 1668 5506; x_wconf 95' lang='lat' dir='ltr'><strong> </strong></span> 
     </span>
    </p>
   </div>
  </div>
 </body>
</html>
