3362 5504
326 591 388 653 320
638 590 682 636 DE
706 591 799 656 JURE
828 587 1010 634 PRAEDAE.
1037 585 1116 632 CAP.
1142 585 1202 630 XV.

326 745 496 826 damnosas
529 743 669 809 invicem
703 759 736 809 et
767 743 950 810 exitiabiles
984 741 1162 821 videbant,
1195 740 1354 804 inunum
1380 759 1502 822 corpus

324 871 494 939 certasque
517 857 605 939 leges
626 856 779 940 juberent
802 859 1007 934 coalescere,
1032 853 1144 919 multis
1167 853 1302 935 insuper
1325 852 1498 918 beneficiis

327 970 455 1034 abunde
478 968 608 1049 testati,
635 988 731 1049 quam
757 970 819 1033 hoc
843 987 913 1032 esse
937 987 954 1032 e
977 967 1145 1049 republica
1165 965 1360 1049 judicarent.
1402 964 1507 1050 Quod

327 1103 403 1148 curn
435 1080 616 1164 perfectum
653 1095 702 1146 est
735 1079 871 1163 (habuit
895 1080 980 1144 enim
1003 1079 1097 1143 labor
1118 1078 1179 1142 iste
1202 1095 1270 1142 non
1293 1097 1408 1159 parum
1432 1095 1504 1142 mo·

328 1193 514 1278 lestiarum)
545 1213 640 1258 neruo
670 1191 757 1274 fuit,
783 1191 841 1273 qui
865 1210 930 1256 non
950 1191 1034 1275 jacta
1061 1209 1129 1255 esse
1152 1187 1331 1254 certissima
1354 1186 1508 1253 fortunae

328 1306 480 1389 publicae
513 1303 723 1370 fundamenta
757 1304 968 1370 existimaret.
1016 1302 1067 1367 Ex
1102 1323 1139 1368 eo
1175 1301 1247 1367 Indi
1282 1321 1334 1366 res
1368 1301 1509 1366 batavus

329 1417 504 1484 concordia
528 1417 671 1484 firmatas
695 1415 885 1499 suspicere,
909 1415 1070 1498 trepidare
1094 1413 1271 1495 Lusitani,
1296 1412 1377 1478 aliae
1396 1427 1507 1478 autern

330 1531 483 1612 Europae
517 1544 629 1614 gentes
661 1529 857 1594 Batavorum
891 1543 923 1593 et
956 1528 1031 1593 fidei
1065 1543 1096 1592 et
1127 1527 1354 1609 providentiae
1378 1542 1505 1591 tantum

330 1643 497 1722 tribuere,
522 1657 559 1707 ut
583 1641 782 1708 constitutae
804 1641 869 1724 jam
895 1655 994 1721 atque
1007 1639 1173 1706 ordinatae
1187 1639 1334 1705 societati
1350 1639 1508 1721 pecunias

331 1755 462 1819 credere
497 1755 654 1833 mallent,
690 1774 787 1834 quam
821 1773 877 1835 per
912 1772 945 1817 se
981 1751 1077 1818 maris
1111 1751 1278 1818 fortunam
1313 1750 1505 1834 periclitari.

332 1867 422 1950 Ergo
447 1887 530 1948 quae
555 1857 642 1931 intra
662 1864 855 1930 decennium
880 1864 1079 1928 florenorum
1104 1864 1250 1929 millibus
1274 1863 1383 1929 minus
1408 1885 1506 1945 quam

331 1978 485 2044 trecentis
510 1977 661 2042 inchoata
685 1976 792 2042 fuerat
812 1976 1019 2061 negotiati0,
1044 1977 1114 2060 ejus
1136 1991 1206 2041 tum
1229 1995 1299 2041 sors
1320 1977 1361 2041 ad
1381 1991 1507 2059 septem

333 2089 435 2155 millia
459 2089 577 2155 millies
600 2088 780 2154 adscendit.
829 2088 974 2153 Tantum
995 2108 1075 2153 vero
1095 2088 1272 2172 gaudium,
1297 2103 1409 2153 tantus
1429 2108 1509 2153 con-

332 2221 451 2268 sensus
486 2200 627 2266 laetitiae
662 2198 749 2280 fuit,
785 2214 822 2266 ut
856 2214 1024 2282 appareret
1059 2215 1145 2264 certa
1178 2219 1235 2282 spe
1268 2215 1367 2281 atque
1398 2201 1509 2266 omine

330 2328 499 2397 praecepta
522 2332 591 2378 esse
614 2312 808 2391 commoda,
832 2333 918 2393 quae
942 2312 975 2375 in
1000 2313 1192 2378 immensum
1213 2313 1389 2394 quotannis
1410 2334 1510 2397 auge-

331 2441 454 2490 rentur.
503 2425 547 2490 Et
580 2440 740 2506 quantum
774 2424 870 2490 etiam
894 2444 982 2490 nunc
1007 2423 1237 2506 experimentis
1261 2424 1393 2506 patuit,
1420 2425 1509 2490 haud

331 2557 413 2604 vana
452 2535 517 2601 fuit
555 2537 615 2602 ista
655 2535 788 2600 fiducia.
837 2536 1045 2622 Quamquam
1081 2551 1202 2602 restant
1234 2537 1353 2620 majora
1387 2540 1506 2602 mult0.

332 2650 430 2714 Pauci
456 2663 535 2715 sunt
556 2647 660 2714 Indici
684 2662 823 2730 portus,
848 2647 907 2728 qui
929 2649 1087 2713 hactenus
1107 2649 1305 2715 invisuntur.
1354 2649 1508 2715 Circum·

332 2762 393 2826 sita
426 2762 572 2843 undique
604 2760 715 2825 littora
748 2759 908 2825 invitant:
942 2761 1106 2826 Arabicus
1139 2761 1215 2826 hinc
1245 2777 1277 2825 et
1301 2762 1509 2846 Gangeticus

333 2873 446 2939 oceani
481 2892 651 2952 recessus,
685 2871 760 2936 inde
784 2892 873 2937 novo
898 2888 1062 2954 proventu
1087 2872 1206 2938 divites
1231 2873 1350 2955 Sinae,
1376 2888 1413 2939 ut
1437 2874 1508 2940 aliis

333 3000 430 3069 atque
450 2985 523 3051 aliis
542 2985 682 3052 subinde
701 2984 807 3050 allatis
828 2984 989 3050 mercibus
1010 2984 1091 3050 etin
1110 2985 1341 3052 remotissimas
1359 2987 1508 3070 regiones

334 3097 519 3164 distributis
551 3097 697 3180 priorum
730 3096 833 3179 pretia
866 3096 1100 3163 sustineantur.
1146 3097 1308 3164 Videmus
1332 3099 1509 3171 Castellani

333 3231 369 3276 ac
393 3209 546 3274 Lusitani
579 3229 644 3290 qua
676 3229 714 3273 ex
748 3223 938 3291 paupertate
970 3230 1037 3290 quo
1061 3230 1163 3292 opum
1185 3211 1414 3292 processerint.
1462 3213 1512 3278 At

334 3323 500 3404 quondam
525 3321 613 3403 apud
635 3321 710 3386 illos
735 3335 809 3386 ante
822 3320 1051 3387 transmarinas
1063 3321 1289 3406 navigationes
1302 3323 1357 3388 vix
1369 3325 1511 3406 pecunia

335 3435 375 3499 ad
397 3434 516 3517 primas
529 3453 628 3502 naves
640 3432 846 3499 instruendas
860 3453 877 3496 a
889 3433 1023 3518 regibus
1035 3435 1161 3500 corradi
1174 3435 1308 3518 potuit,
1333 3453 1511 3520 manetque

335 3566 422 3613 nunc
442 3546 537 3612 etiam
557 3545 678 3612 veteris
697 3545 826 3628 inopiae
846 3545 975 3628 signum
995 3547 1186 3612 numerandi
1206 3549 1288 3614 ratio
1308 3569 1365 3631 per
1386 3550 1512 3616 minuta

336 3680 416 3726 aera.
464 3658 573 3724 Hodie
597 3679 676 3724 vero
700 3657 771 3724 sive
794 3657 882 3722 domi
902 3657 992 3740 ipsos
1012 3659 1226 3741 respicimus,
1251 3661 1321 3726 sive
1342 3661 1375 3725 in
1397 3683 1512 3746 super-

336 3771 478 3838 bissimis
502 3771 665 3850 coloniis,
699 3790 780 3851 quas
809 3784 916 3835 totum
940 3791 998 3852 per
1021 3772 1131 3836 orbem
1156 3771 1373 3854 dimiserunt,
1397 3774 1432 3839 iu
1455 3776 1512 3840 ha·

336 3882 494 3948 bitatione
526 3898 557 3948 et
589 3881 792 3964 supellectile
823 3895 854 3946 et
883 3884 975 3947 cultu
999 3897 1031 3946 et
1054 3883 1190 3949 servitio
1215 3884 1241 3949 is
1266 3905 1332 3951 non
1357 3887 1513 3968 splendor

337 4010 464 4060 tantum
497 4010 529 4060 et
561 3994 740 4078 elegantia,
774 3994 830 4059 sed
863 3994 962 4060 luxus
997 4010 1067 4074 est,
1100 4011 1139 4060 ut
1170 4017 1247 4062 vere
1279 3997 1343 4062 dici
1377 3998 1417 4063 de
1447 3999 1513 4064 illis

341 4109 468 4191 possit,
502 4107 594 4189 quod
627 4108 666 4172 de
699 4105 814 4189 Tyriis
848 4105 949 4187 olim,
983 4123 1179 4172 mercatores
1211 4130 1322 4175 eorum
1346 4111 1516 4194 Principes

342 4220 446 4286 videri
469 4225 489 4285 ¹.
536 4221 649 4300 Atque
668 4218 748 4284 adeo
771 4239 875 4300 nuper
897 4239 970 4284 cum
991 4220 1109 4304 praeda
1130 4223 1222 4288 navis
1246 4223 1342 4289 istius
1364 4224 1513 4305 veniret,

376 4459 382 4490 ¹
402 4457 531 4522 jeremias.
550 4471 572 4506 c.
593 4470 634 4514 23.·
650 4470 688 4504 vs.
706 4460 729 4504 8.
