3362 5504
466 591 512 636 oe
536 587 629 656 Juun
655 587 840 633 russone.
866 585 946 631 cnr.
971 587 1050 633 nur.
1281 571 1342 648 285

173 763 211 806 ex
234 746 333 808 altera
367 742 581 824 Pausaniam,
615 741 804 823 Neronem,
841 742 1003 808 Falerium
1027 739 1210 823 Principes.
1257 741 1343 827 Quis

173 874 238 919 non
261 856 323 921 hos
346 854 458 937 potius
483 875 579 936 quam
604 853 680 918 illos
703 854 840 918 rebelles
864 853 1009 918 dixerit?
1043 853 1164 918 Multis
1189 851 1221 916 in
1242 853 1341 932 locis,

173 965 283 1047 inquit
308 967 487 1050 Cajetanus
510 969 542 1045 ¹,
566 979 689 1029 statuta
711 978 789 1029 sunt
811 964 911 1044 talia,
936 981 973 1030 ut
995 983 1086 1048 reges
1110 967 1182 1030 solo
1213 964 1343 1029 nomine

172 1076 238 1142 sint
261 1097 372 1162 reges3
397 1092 429 1142 et
447 1079 542 1161 Juxta
564 1077 742 1142 Proculum
766 1080 777 1114 ²
801 1095 868 1139 non
891 1095 1132 1157 usquequaque
1165 1075 1247 1140 liber
1273 1094 1343 1140 esse

172 1187 297 1253 desinit
316 1191 480 1271 populus,
505 1187 563 1269 qui
588 1187 787 1269 superiorem
811 1187 920 1252 habet.
968 1188 1125 1268 idemque
1148 1185 1244 1251 multi
1265 1185 1343 1250 alii³

169 1313 343 1366 testantur.
390 1299 491 1386 Quod
522 1299 550 1364 si
580 1298 680 1363 dubia
709 1298 753 1364 sit
784 1298 917 1364 omnino
948 1318 1069 1378 causa,
1097 1317 1163 1364 non
1188 1315 1343 1382 negamus

169 1411 311 1492 priorem
350 1411 438 1476 bono
473 1409 538 1475 civi
575 1428 656 1476 esse·
683 1409 801 1474 debere
839 1409 1003 1493 Principis
1046 1429 1144 1491 quam
1180 1407 1343 1474 inferioris

168 1522 419 1605 cujuscunque·
441 1521 648 1605 magistratus
690 1520 935 1587 auctoritatem:
980 1521 1037 1586 sed
1071 1522 1181 1586 eadem
1218 1520 1343 1586 ratione

171 1632 275 1697 totius
307 1631 507 1715 reipublicae
537 1651 720 1698 consensus
752 1635 827 1715 plus
861 1631 950 1715 apud
982 1631 1099 1711 illum,
1125 1652 1222 1713 quam
1244 1632 1342 1697 unius

173 1739 342 1826 Principis
358 1746 512 1810 voluntas
534 1743 678 1823 valebit,
703 1735 784 1808 cum
801 1744 901 1828 hujus
925 1758 1070 1826 potestas
1098 1765 1114 1809 a
1143 1744 1343 1826 reipublicae

174 1870 337 1940 potestate
358 1855 523 1921 derivetur
538 1856 559 1920 ⁴.
585 1855 743 1922 Similiter
763 1871 886 1938 quanto
907 1856 1034 1941 legum,
1055 1876 1152 1936 quam
1172 1855 1342 1921 bominum

172 1966 335 2032 sanctiora
367 1982 400 2032 et
431 1965 672 2049 incorruptiora
705 1982 782 2032 sunt
814 1967 972 2049 imperia,
1005 1982 1096 2032 tanto
1129 1987 1269 2048 aequum
1295 1982 1345 2033 est

173 2079 314 2161 priorem
338 2078 449 2144 haberi
474 2080 582 2163 legum
606 2079 806 2161 patriarum,
831 2099 928 2160 quarn
953 2077 1114 2161 Principis
1137 2078 1295 2144 rationem
1320 2084 1343 2144 ⁶.

173 2191 275 2277 Quod
308 2191 334 2255 si
364 2192 429 2274 jam
462 2193 610 2255 resoluto
642 2189 829 2272 principatu
861 2190 1042 2255 constituta
1073 2189 1117 2254 sit
1143 2189 1344 2272 reipublicae

173 2300 298 2382 forma,
323 2301 405 2383 quid
428 2302 461 2367 in
485 2301 639 2384 ambiguo
664 2301 757 2382 sequi
779 2301 895 2366 debeat
916 2300 1079 2385 civisJ'ura
1089 2302 1342 2381 monstrabunt,

173 2433 257 2495 quae
278 2412 438 2478 vindicias
463 2413 640 2477 decernunt
663 2433 722 2495 pro
747 2412 895 2478 libertate
916 2411 947 2478 ⁸:
973 2426 1004 2478 et
1026 2413 1142 2478 merito
1167 2432 1241 2478 cum
1265 2413 1343 2476 haec
1425 2425 1436 2450 ‘

171 2539 327 2590 anatura
358 2524 423 2603 sit,
457 2523 627 2606 imperium
651 2544 668 2588 a
692 2522 777 2588 sacto
809 2523 953 2589 hominis
979 2524 1001 2589 ⁷.
1053 2525 1117 2590 Pro
1149 2524 1200 2589 his
1232 2539 1497 2600 autemusnprac.

173 2655 257 2717 quae
279 2650 393 2700 natura
416 2650 493 2700 sunt
515 2634 608 2701 favor
630 2649 692 2700 stat
716 2649 747 2698 et
769 2635 979 2717 praesumtio.
1026 2635 1071 2700 Et
1093 2636 1157 2700 hoc
1182 2650 1230 2702 est
1250 2636 1341 2716 quod
1354 2596 1502 2693 Zilcl‘fmlsl·

172 2747 369 2829 posteriores
401 2745 546 2831 magistri
566 2743 577 2778 ⁸
598 2745 819 2827 tradiderunt,
853 2746 995 2812 subditis
1018 2746 1058 2810 de
1081 2764 1141 2811 suo
1165 2761 1253 2812 statu
1276 2712 1427 2810 liti-‘²'''⁶'
1443 2705 1487 2744 ω’

173 2859 326 2942 gentibus
350 2859 476 2922 nullum
501 2857 630 2922 interim
654 2856 890 2941 praejudicium
904 2855 1108 2921 inferendum
1122 2857 1343 2922 contraliber-

172 2985 285 3036 tatem.
333 2969 434 3056 Quod
466 2968 605 3033 maxime
638 2989 751 3034 verum
788 2982 837 3034 est
871 2967 904 3032 in
936 2967 1086 3034 libertate
1118 2986 1184 3032 non
1220 2969 1343 3033 enormi

171 3101 280 3163 neque
304 3080 457 3161 effraeni,
483 3101 567 3161 quae
588 3079 721 3144 licentia
738 3079 850 3144 verius
872 3078 1014 3159 dicitur,
1038 3080 1096 3146 sed
1117 3080 1149 3144 in
1172 3100 1211 3144 eo
1233 3094 1342 3159 statu,

172 3192 231 3273 qui
265 3191 503 3274 praefectorum
539 3191 632 3272 quasi
667 3190 875 3273 principatu,
920 3211 1092 3273 procerum
1126 3191 1343 3271 auctoritate,

171 3303 296 3369 civium
319 3302 548 3368 benevolentia
573 3300 729 3367 firmatur.
777 3303 822 3367 Et
844 3301 920 3368 haec
944 3303 1075 3384 quidem
1100 3302 1133 3368 in
1155 3303 1342 3369 universum

172 3414 260 3480 dicta
283 3415 323 3479 ad
346 3429 572 3499 argumentum
597 3428 743 3478 nostrum
770 3413 867 3480 facile
891 3414 1002 3496 quivis
1025 3414 1214 3497 applicabit.
1263 3415 1344 3480 Cae·

172 3540 278 3592 terum
311 3526 472 3608 Ordinurn
507 3544 604 3590 causa
635 3540 804 3622 propterea
836 3547 971 3608 quoque
1006 3526 1069 3609 piis
1095 3525 1225 3592 civibus
1249 3526 1345 3592 debet

172 3659 242 3706 esse
266 3638 543 3720 commendatior,
580 3638 670 3719 quod
690 3658 708 3702 a
726 3637 934 3721 Principibus
962 3636 1027 3702 fere
1051 3638 1203 3703 omnibus
1227 3637 1345 3704 vicinis

169 3831 366 3854 ¹----.-.-

210 3968 216 4000 ¹
235 3971 268 4018 ad
287 3973 378 4018 summ.
397 3971 488 4018 Thom.
507 3983 531 4018 2.
551 3984 574 4018 2.
592 3985 633 4032 40.
655 3985 676 4019 1.
710 3969 720 4002 2
739 3974 755 4020 l.
773 3986 824 4020 non
843 3973 941 4022 dubito.
960 3975 986 4021 ff.
1004 3976 1035 4022 de
1055 3985 1123 4035 capt.
1144 3972 1187 4037 [D.
1205 3989 1246 4036 49.
1259 3987 1296 4030 rs.
1306 3975 1341 4038 7.]

172 4061 184 4094 ²
209 4062 285 4120 Vasq.
311 4074 333 4108 c.
358 4074 381 4117 3.
406 4075 431 4109 n.
457 4074 480 4118 3.
506 4075 528 4109 c.
557 4074 597 4118 23.
620 4077 645 4110 n.
673 4075 695 4119 ³·
720 4077 744 4112 c.
768 4077 809 4124 47.
835 4079 860 4112 n.
884 4080 908 4126 9.
927 4076 951 4112 et
971 4078 1023 4126 seq.
1057 4064 1161 4125 ⁴Vasq.
1178 4079 1201 4114 c.
1222 4078 1243 4113 1.
1261 4080 1286 4113 n.
1307 4081 1345 4114 11.

172 4151 183 4182 ⁵
202 4153 271 4199 ldem
289 4165 312 4200 c.
330 4165 370 4211 41.
388 4166 413 4199 n.
433 4153 463 4199 26
479 4164 503 4200 et
520 4166 560 4211 27.
578 4153 645 4202 Vict.
665 4156 695 4202 de
713 4166 767 4215 pot.
786 4169 866 4216 papae
885 4167 909 4204 et
928 4170 1002 4205 conc.
1021 4171 1045 4204 n.
1065 4170 1094 4214 23
1114 4156 1209 4204 infine.
1245 4156 1255 4187 ⁶
1274 4159 1345 4205 l.lite

172 4241 296 4290 ordinata.
313 4244 343 4290 C.
363 4245 394 4290 de
413 4243 457 4291 lib.
477 4258 559 4292 causa.
580 4244 621 4306 [C.
641 4257 664 4302 7.
686 4247 722 4292 16.
746 4246 796 4310 14.]
816 4247 904 4296 Livius
923 4247 968 4295 lib.
988 4261 1011 4304 3.
1030 4262 1053 4296 c.
1072 4262 1105 4309 44
1123 4261 1178 4307 sqq.
1197 4247 1222 4295 in
1241 4249 1346 4296 historia

172 4332 310 4392 Virginiae.
345 4330 433 4381 ⁷lnst.
459 4336 490 4383 de
514 4333 569 4390 iure
594 4336 702 4384 naturali
727 4340 748 4395 §.
773 4351 796 4384 2.
814 4338 868 4398 ibi,
886 4337 941 4395 jure
960 4339 1035 4386 eninr.
1056 4338 1088 4399 [l.
1110 4352 1131 4387 1.
1149 4338 1185 4399 m]
1221 4337 1301 4386 8Ρωὶ.
1320 4340 1346 4387 in

172 4426 190 4470 l.
208 4437 265 4472 cum
284 4423 385 4484 aliquis.
405 4425 437 4472 ad
456 4423 539 4473 linem.
559 4427 587 4473 C.
607 4427 638 4474 de
656 4425 712 4482 jure
731 4429 808 4477 delib.
829 4426 872 4491 [C.
891 4431 914 4476 6.
934 4443 972 4486 30.
993 4428 1045 4491 21.]
