3310 5482
460 516 507 564 or
530 516 623 584 June
649 513 1000 564 cenomanorum.
1277 515 1318 580 25

191 674 298 740 Habet
321 687 428 740 autem
451 671 531 737 haec
554 670 608 736 lex
629 669 663 736 in
687 670 756 754 ipsa
779 668 875 736 etiam
898 669 1065 754 republica
1087 671 1211 753 locum,
1235 690 1319 756 quae

150 785 175 854 si
196 785 277 869 quid
300 804 374 850 cum
398 781 537 868 singulis
559 781 729 849 contendit
750 782 813 848 hoc
835 781 942 864 ipsum
963 779 1080 866 judicii
1103 801 1192 848 more
1214 781 1319 850 facere

149 898 241 964 debet
265 903 288 962 ¹.
337 894 405 961 Sed
436 893 514 977 quia
544 913 641 978 supra
672 893 906 977 rempublicam
929 893 1014 960 nihil
1037 906 1102 972 est,
1126 892 1197 977 ipsa
1216 894 1319 978 judex

148 1007 328 1076 necessario
361 1019 410 1072 est
433 1005 529 1072 etiam
550 1005 584 1070 in
606 1025 667 1073 sua
685 1024 791 1072 causa.
835 1003 921 1070 Vere
940 1004 1052 1087 itaque
1074 1003 1212 1073 Tacitus
1232 1001 1243 1037 ¹
1266 1009 1318 1071 ita

148 1119 227 1186 dixit
249 1118 368 1187 divina
389 1117 563 1188 volontate
578 1120 770 1204 provisum,
794 1138 833 1182 na
847 1115 964 1203 populi
988 1115 1071 1183 alios
1074 1114 1205 1202 judices
1217 1136 1317 1203 quam

148 1253 177 1298 sa
195 1235 279 1318 ipsos
297 1243 512 1317 paterentur.
559 1229 613 1294 Ex
641 1229 693 1296 his
723 1249 806 1311 quae
826 1247 923 1312 supra
944 1226 1085 1294 diximus
1105 1242 1237 1312 apparet
1258 1249 1318 1312 po-

148 1357 293 1411 testatem
324 1342 475 1424 civilem,
509 1361 593 1424 quae
623 1341 657 1408 in
688 1339 818 1427 legibus
835 1339 1038 1425 judiciisque
1061 1340 1073 1376 ⁸
1096 1339 1317 1424 conspicitur,

148 1455 249 1538 primo
282 1474 320 1521 ac
351 1473 465 1538 perse
487 1473 588 1538 penes
610 1452 710 1536 ipsam
731 1471 800 1520 csse
818 1451 1069 1536 rempublicam:
1093 1465 1132 1518 ut
1154 1451 1238 1519 enim
1261 1471 1317 1519 na·

148 1567 294 1634 ruraliter
314 1566 452 1652 singulis
471 1565 506 1631 in
526 1585 561 1634 se
584 1585 620 1631 ac
644 1585 702 1632 sua
721 1577 865 1648 potestas
877 1578 943 1648 est,
968 1564 1013 1630 ita
1031 1562 1065 1630 in
1078 1583 1189 1631 omnes
1200 1583 1318 1647 resque

148 1678 292 1745 omnium
320 1678 384 1746 nisi
413 1677 559 1744 omnium
591 1691 735 1761 potestas
765 1696 836 1744 esse
863 1695 929 1742 non
950 1690 1071 1760 potest.
1119 1675 1184 1742 Sed
1204 1696 1318 1744 rursus

149 1791 232 1858 sicut
255 1790 290 1856 in
314 1809 349 1855 re
372 1789 498 1874 privata
517 1807 585 1857 non
608 1809 648 1856 ex
667 1787 789 1857 nostris
800 1802 925 1854 tantum
938 1787 1123 1856 actionibus
1135 1788 1319 1872 obligamur

150 1917 203 1968 aut
225 1902 435 1968 commodum
456 1901 620 1985 capimus,
644 1901 702 1967 sed
723 1919 781 1985 per
802 1899 932 1967 illorum
952 1899 1047 1966 etiam
1060 1919 1209 1983 operam,
1234 1919 1319 1983 quos

149 2015 244 2081 rebus
277 2013 399 2080 nostris
428 2012 664 2098 praefecimus,
698 2011 775 2096 quia
796 2011 928 2096 perinde
948 2026 996 2078 est
1017 2012 1108 2095 quod
1130 2011 1252 2095 cuique
1272 2010 1319 2076 fa-

151 2146 219 2191 cere
238 2123 321 2192 licet
342 2125 378 2192 id
399 2145 457 2210 per
479 2145 514 2192 se
536 2122 637 2191 faciat
657 2144 697 2190 an
718 2143 776 2209 per
798 2122 896 2190 alium
919 2122 948 2203 l,
971 2122 1017 2189 ita
1040 2123 1118 2205 quia
1130 2141 1197 2190 non
1208 2122 1318 2192 cuivis

151 2238 189 2302 de
217 2239 344 2321 populo
367 2238 503 2303 vacabat
524 2235 795 2303 administrationi
815 2255 922 2302 rerum
945 2234 1092 2302 civilium
1112 2249 1239 2319 tempus
1259 2235 1319 2300 im·

151 2348 306 2432 pendere,
340 2348 498 2431 quaedam
520 2349 615 2415 etiam
639 2348 855 2415 occurrebant
877 2369 960 2431 quae
981 2324 1097 2415 melius
1119 2369 1177 2432 per
1199 2367 1320 2433 paucos

152 2474 339 2546 agerentur,
364 2460 486 2540 evenit,
511 2460 602 2543 quod
627 2475 660 2527 et
682 2460 821 2528 nuncin
843 2460 989 2546 collegiis
1012 2459 1194 2546 majoribus
1216 2462 1319 2538 solet,

152 2587 185 2638 ut
203 2572 346 2640 societas
367 2592 428 2657 pro
447 2575 519 2659 jure
540 2572 726 2656 potestatis,
751 2592 848 2655 quam
872 2572 905 2638 in
927 2571 1075 2658 singulos
1098 2573 1213 2656 habet,
1237 2591 1319 2638 non·

152 2683 248 2749 nullis
271 2703 368 2750 esuo
399 2704 534 2750 numero
569 2683 667 2751 istum
702 2686 845 2752 laborem
878 2699 1043 2769 partemve
1076 2685 1147 2769 ejus
1178 2683 1319 2767 aliquam

151 2795 325 2862 mandaret.
374 2796 444 2883 Qui
476 2799 539 2863 tale
572 2796 759 2862 mandatum
794 2796 961 2881 accipiunt
993 2795 1123 2862 Graeco
1156 2796 1319 2863 vocabulo

152 2907 300 2992 ἄρχοντες,
335 2907 457 2974 Latino
491 2912 713 2995 magistratus
746 2922 918 2974 vocantur.
971 2907 1091 2974 Notati
1123 2908 1177 2974 hic
1211 2922 1320 2992 potest
1333 2941 1464 3002 mmm

152 3033 377 3085 contractuum
409 3019 490 3087 alios
521 3039 628 3103 parem
661 3019 817 3102 utrinque
840 3019 1013 3086 utilitatem
1037 3019 1215 3104 respicere,
1239 3019 1320 3087 alios
1332 3005 1377 3041 ‘¹⁴⁸'

152 3131 250 3212 partis
281 3130 380 3199 unius
412 3131 514 3217 gratia
544 3146 765 3216 comparatos,
799 3147 837 3197 ut
857 3131 983 3198 scilicet
1005 3131 1096 3214 quod
1116 3131 1208 3198 alteri
1230 3132 1321 3198 deest

152 3243 331 3308 voluntatis
352 3245 582 3327 supplemento
606 3243 775 3326 sarciatur,
800 3243 877 3325 quia
899 3243 932 3310 in
956 3245 1065 3310 locum
1089 3243 1253 3328 impensae
1273 3245 1320 3311 rei

154 3368 207 3418 aut
239 3371 357 3437 operae
391 3356 459 3422 sola
491 3355 592 3441 gratia
611 3368 765 3422 contenta
797 3370 855 3422 est.
900 3355 949 3422 Ita
980 3355 1103 3423 distant
1134 3357 1254 3424 locatio
1289 3371 1321 3422 et

153 3465 384 3544 commodatio,
419 3466 613 3550 permutatio
645 3482 677 3532 et
710 3466 863 3550 donatio,
897 3466 1035 3534 societas
1058 3482 1091 3534 et
1111 3468 1320 3534 mandatum:

154 3597 234 3657 quae
268 3591 433 3661 postrema
462 3578 516 3643 hic
544 3578 673 3645 diverso
704 3571 854 3662 respectu
886 3594 1095 3646 concurrunt.
1138 3579 1225 3646 Nam
1254 3601 1316 3646 rna·

155 3689 330 3775 gistratus,
355 3705 516 3773 quatenus
546 3706 578 3758 et
609 3691 673 3776 ipsi
706 3691 796 3759 cives
830 3705 924 3774 sunt,
958 3691 1099 3760 fructum
1121 3712 1198 3761 suae
1219 3693 1321 3759 admi-

153 3800 372 3884 nistrationis,
395 3803 458 3868 hoc
471 3818 521 3869 est
532 3804 654 3870 bonum
667 3803 836 3887 publicum
849 3825 909 3887 pro
921 3822 980 3870 sua
990 3818 1081 3888 parte
1093 3804 1298 3888 percipiunt⁵
1312 3829 1319 3869 :

185 4081 192 4115 ¹
211 4086 243 4132 V.
259 4086 374 4133 Panorm.
400 4084 427 4134 in
444 4099 467 4134 c.
484 4085 506 4136 si
523 4087 580 4148 quis
599 4098 695 4136 contra.
713 4089 745 4137 de
762 4088 820 4137 foro
839 4101 923 4149 comp.
942 4088 1081 4150 [Decreral.
1100 4104 1123 4140 a.
1141 4103 1164 4139 a.
1181 4090 1219 4153 4.]
1238 4103 1263 4140 n.
1282 4103 1321 4141 ar.

154 4175 238 4224 lnnoc.
265 4175 291 4223 in
318 4189 341 4224 c.
359 4189 487 4237 exparte.
505 4179 536 4227 de
554 4179 625 4229 verb.
644 4179 708 4240 sign.
728 4179 985 4243 [Decretinsexto.
1003 4193 1026 4238 s.
1047 4182 1098 4243 rm]
1132 4179 1228 4232 'Anu
1245 4185 1262 4231 l.
1283 4196 1321 4241 13.

155 4264 189 4326 [c.
207 4266 258 4328 56.]
294 4264 305 4298 ³
323 4268 410 4316 Franc.
427 4268 511 4331 vicu,
534 4270 565 4319 de
582 4281 637 4331 pot.
655 4271 706 4320 civ.
724 4285 749 4319 n.
767 4283 790 4330 7.
808 4274 914 4321 covarr.
931 4285 1011 4333 praet.
1028 4284 1125 4333 quaest.
1143 4285 1165 4322 c.
1186 4287 1207 4322 r.
1227 4275 1265 4336 [n.
1283 4274 1319 4336 a]

153 4354 196 4404 ⁴1.
215 4370 273 4406 curn
294 4369 374 4419 pater.
398 4361 420 4417 5.
446 4359 607 4411 dulcissimis.
632 4361 658 4410 ff.
676 4363 708 4411 de
736 4364 784 4423 leg.
810 4377 833 4411 a.
852 4362 922 4426 [Dlg.
946 4377 986 4422 31.
1006 4378 1027 4413 r.
1046 4375 1086 4422 ῃ.
1103 4367 1116 4423 5
1135 4364 1188 4427 am]
1223 4363 1320 4414 ‘Plato

155 4446 186 4495 de
201 4461 255 4510 rep.
271 4450 289 4497 l.
309 4461 333 4506 3.
351 4449 391 4512 [p.
406 4463 465 4512 412.
482 4451 519 4513 d]
539 4452 617 4502 Arist.
635 4454 666 4502 de
683 4466 736 4515 rep.
753 4455 771 4502 l.
788 4467 812 4503 a.
829 4468 853 4502 c·
871 4467 894 4511 s·
912 4454 952 4517 [p.
971 4456 1042 4506 1262.
1061 4454 1097 4518 a]
