3362 5504
356 579 417 658 338
654 596 701 642 nr
724 597 820 662 jura
844 597 1029 646 unauna.
1053 599 1134 646 car.
1157 599 1217 646 xv.

355 767 427 816 rum
450 767 547 832 opere
567 749 681 816 hostes
700 751 839 834 pecunia
859 765 917 817 aut
936 771 1002 834 qua
1022 751 1085 818 alia
1108 773 1141 818 re
1160 754 1330 837 juvantur.
1374 753 1478 839 Quod
1498 754 1527 819 si

355 857 425 942 ipsa
447 859 483 924 id
499 874 654 926 conantes
673 862 776 944 patria
794 864 1041 944 alloqueretur,
1065 883 1173 928 nonne
1193 865 1257 929 hoc
1280 863 1429 929 diceret?
1445 864 1528 929 Om-

353 985 412 1034 nes
438 969 516 1036 boni
539 971 629 1039 cives
650 973 715 1038 hoc
741 988 864 1056 agunt,
887 973 952 1038 hoc
981 974 1153 1054 laborant,
1184 974 1218 1039 in
1247 975 1312 1040 hoc
1335 974 1526 1058 sanguinem

353 1078 571 1166 fortunasque
587 1103 663 1150 suas
682 1082 882 1167 profundere
900 1103 968 1150 non
984 1085 1208 1162 dubitant,ut
1227 1085 1380 1152 hostibus
1400 1085 1527 1151 ademta

354 1191 443 1258 omni
474 1193 515 1259 ad
541 1195 725 1262 nocendum
754 1194 933 1275 facultate,
956 1215 1008 1262 me
1028 1195 1231 1282 constituant
1253 1217 1350 1279 quam
1377 1197 1526 1264 beatissi-

353 1322 448 1372 mam.
494 1305 610 1388 Itaque
633 1306 734 1373 vitam
760 1306 884 1389 eripere
902 1307 1149 1389 pertinacibus,
1173 1326 1254 1389 opes
1276 1306 1371 1372 etiarn
1393 1307 1527 1373 erranti-

356 1414 441 1497 bus,
466 1416 586 1499 quibus
616 1417 650 1483 in
678 1438 785 1484 meum
806 1418 933 1484 scilicet
954 1418 1090 1484 exitium
1113 1419 1316 1499 abutuntur,
1341 1417 1422 1484 utile
1444 1418 1525 1484 mibi

354 1539 452 1608 atque
484 1527 565 1594 adeo
597 1529 660 1596 sibi
693 1529 872 1613 gloriosum
906 1529 1101 1596 existimant.
1157 1530 1206 1594 At
1236 1547 1297 1593 vos
1323 1529 1418 1595 etiam
1441 1549 1525 1611 quac

353 1636 432 1702 belli
463 1636 594 1704 fortuna
622 1639 689 1723 jam
711 1639 852 1708 inimicis
874 1639 1031 1720 abstulit,
1054 1640 1095 1705 ad
1117 1639 1248 1705 eosdem
1271 1639 1375 1705 redire
1397 1640 1524 1720 vultis,

354 1762 393 1813 ut
415 1747 541 1816 scilicet
562 1766 722 1832 quantum
745 1750 826 1816 milri
850 1750 1032 1831 decrescit,
1057 1765 1181 1816 tantum
1200 1749 1266 1815 illis
1287 1751 1442 1832 accedat,
1465 1750 1525 1832 qui

354 1876 422 1924 non
453 1859 635 1944 ignorantia
664 1876 722 1927 aut
753 1881 860 1927 errore
891 1861 1025 1943 aliqu0,
1058 1860 1116 1928 sed
1145 1879 1204 1926 sua
1234 1861 1435 1941 ambitione,
1466 1880 1526 1928 sua

355 1967 488 2052 impulsi
520 1971 655 2038 avaritia
686 1972 718 2038 in
751 1992 853 2038 meam
883 1972 1052 2055 pernitiem
1084 1987 1298 2053 vestrumque
1320 1971 1524 2056 singulorum

353 2099 467 2148 omnes
486 2081 526 2147 ad
546 2101 648 2148 unum
673 2081 929 2166 conspirarunt?
955 2083 1046 2148 Haec
1066 2083 1094 2147 si
1114 2082 1190 2164 quis
1210 2082 1360 2164 audiret,
1383 2083 1467 2148 nihil
1487 2098 1526 2149 ut

352 2191 471 2276 opinor
504 2194 639 2260 haberet
670 2193 782 2274 aliud,
815 2213 913 2276 quam
943 2209 981 2260 ut
1005 2195 1134 2276 culpam
1154 2211 1335 2276 agnoscens
1353 2192 1524 2258 seductum

352 2323 388 2370 se
417 2303 529 2386 potius
561 2303 651 2370 falsis
682 2304 889 2384 rationibus,
914 2325 1011 2387 quarn
1033 2319 1150 2387 sponte
1173 2303 1206 2368 in
1228 2304 1364 2386 patriam
1388 2304 1524 2388 impium

351 2412 516 2480 fateretur.
569 2415 720 2482 Reddere
743 2415 844 2501 igitur
862 2415 951 2480 hosti
981 2435 1055 2480 curn
1079 2435 1144 2480 non
1165 2415 1284 2495 liceat,
1308 2435 1347 2479 an
1372 2417 1523 2482 secessim

352 2525 470 2592 habere
492 2544 510 2590 a
529 2525 665 2590 cacteris
689 2526 759 2592 suis
783 2527 883 2592 rebus
902 2525 1044 2608 aliquam
1069 2526 1102 2591 in
1123 2541 1246 2608 partem
1270 2526 1398 2608 prosit,
1422 2525 1526 2610 inspi-

352 2635 486 2702 ciamus.
532 2636 580 2702 Et
601 2637 665 2702 hoc
690 2637 822 2718 quidem
843 2637 872 2702 si
892 2636 948 2703 fiat
968 2635 1066 2715 iden,
1082 2655 1123 2701 ne
1144 2636 1294 2719 praedam
1314 2637 1525 2704 admiscendo

353 2745 567 2829 inquinentur
596 2762 738 2814 caeterae
770 2747 965 2830 facultates,
997 2747 1132 2812 ridenda
1163 2746 1266 2831 magis
1287 2766 1384 2828 quam
1409 2747 1525 2816 confu-

352 2859 448 2925 tanda
469 2873 519 2926 est
537 2859 747 2943 superstitio:
771 2860 833 2926 nisi
858 2859 942 2925 forte
964 2859 1127 2925 credimus
1148 2857 1235 2924 sicut
1254 2859 1288 2924 in
1309 2859 1435 2926 scabris
1451 2861 1525 2925 ovi-

351 2970 414 3036 bus
426 3017 438 3050 ,
450 2969 494 3037 ita
517 2969 550 3035 in
574 2972 656 3036 male
675 2971 776 3054 partis
798 2972 894 3037 rebus
916 2971 955 3036 de
968 2988 1102 3036 nummo
1119 2969 1153 3034 in
1172 2989 1340 3034 nummum
1353 2969 1524 3037 vicinitate

352 3082 492 3165 quadam
513 3102 643 3165 serpere
662 3080 868 3167 contagium,
890 3102 927 3146 ac
948 3100 1015 3146 non
1033 3081 1145 3164 potius
1166 3079 1398 3163 patrimonium
1416 3082 1524 3164 quod-

351 3193 424 3260 dam
456 3192 681 3260 universitatis
710 3213 779 3258 esse
797 3211 916 3258 nomen
938 3207 970 3257 et
992 3193 1056 3256 hoc
1079 3191 1208 3274 ipsum,
1233 3191 1384 3272 quamvis
1405 3193 1524 3260 loculis

352 3319 387 3372 et
402 3304 490 3372 fiscis
514 3303 728 3385 distinctum,
755 3302 911 3368 rationem
934 3302 1078 3368 eamdem
1097 3303 1245 3368 obtinere
1265 3310 1286 3368 ยน,
1309 3303 1421 3389 Quare
1437 3303 1525 3370 sicut

349 3419 438 3503 juste
469 3415 594 3499 partis,
624 3415 657 3480 in
691 3414 812 3497 quibus
840 3428 872 3478 et
903 3413 1100 3498 praedaest
1129 3433 1168 3478 ex
1189 3414 1277 3478 bello
1297 3415 1411 3498 justo,
1435 3428 1523 3481 recte

352 3541 491 3611 augetur
520 3541 619 3610 atque
649 3540 806 3606 ornatur,
830 3524 873 3590 ita
894 3543 960 3590 non
984 3538 1071 3589 recte
1099 3523 1278 3606 quaesitis,
1303 3524 1429 3590 etiamsi
1452 3527 1525 3591 lon-

353 3638 485 3726 gissime
517 3639 595 3704 haec
627 3635 768 3720 seposita
800 3650 899 3717 atque
931 3635 1098 3700 amandata
1123 3635 1211 3714 sint,
1236 3653 1302 3701 non
1324 3650 1434 3717 potest
1455 3656 1523 3702 non

352 3747 576 3816 contaminari.
630 3747 705 3813 Hoc
741 3747 824 3812 enim
858 3765 957 3812 unum
994 3734 1182 3828 quaeritur,
1217 3746 1358 3812 velimne
1397 3747 1455 3812 illa
1488 3747 1524 3813 in

352 3879 457 3928 rerum
488 3877 630 3926 mearum
658 3876 794 3924 numero
818 3876 912 3937 esse,
937 3876 977 3922 an
1000 3875 1107 3922 secus.
1154 3856 1235 3922 Non
1257 3875 1389 3938 possum
1412 3872 1523 3922 autem

352 3986 441 4038 extra
461 3987 512 4034 res
532 3988 618 4035 meas
641 3968 759 4044 habere
783 3967 910 4048 videri,
923 3967 1013 4048 quod
1034 3981 1067 4032 et
1077 3966 1224 4051 percipio
1236 3983 1399 4050 tamquam
1413 3988 1525 4034 meum

353 4097 385 4150 et
408 4100 516 4152 servo.
562 4078 738 4146 Enimvero
759 4079 787 4146 si
816 4079 891 4162 quis
920 4078 1041 4144 idcirco
1064 4092 1213 4162 separet,
1237 4098 1278 4144 ne
1298 4079 1524 4160 quaerendum

386 4340 394 4374 ยน
412 4341 478 4388 liert.
494 4341 541 4388 rol.
559 4337 666 4386 matrim.
685 4338 728 4400 [D.
745 4351 785 4398 24.
800 4351 824 4396 3.
843 4336 878 4399 a.]
897 4351 923 4386 n.
944 4350 981 4396 17.
1001 4338 1051 4386 Dd.
1065 4336 1091 4385 in
1109 4338 1126 4384 l.
1143 4336 1220 4385 frater
1236 4336 1348 4387 afratre.
1362 4335 1388 4386 ff.
1404 4339 1435 4386 de
1446 4340 1526 4388 cond.

351 4431 402 4480 ind.
421 4429 464 4494 [D.
483 4444 522 4478 12.
540 4431 564 4477 6.
581 4427 633 4492 ab]
