3316 5494
457 639 503 686 DE
528 639 621 706 JURE
650 640 832 688 PRAEDAE.
859 641 937 688 CAP.
963 640 1012 688 lX.
1257 641 1318 705 125

140 797 215 876 tio,
246 794 336 881 quod
366 795 509 860 hamana
534 799 675 882 generi,
706 814 805 881 quam
830 794 997 880 quadani
1022 795 1188 862 hominum
1211 795 1318 864 debeo.

143 903 228 990 Quis
249 918 298 970 cst
319 905 442 984 bonus,
466 904 576 987 inquit
588 905 750 983 Cicero¹‚
772 909 831 992 qui
835 905 929 990 facit
940 905 1030 972 nihil
1038 910 1105 972 nisi
1116 927 1178 972 sua
1188 909 1317 974 causa?
1407 979 1409 986 ,

140 1017 271 1082 Tamen
294 1016 328 1082 in
348 1017 413 1083 hoc
436 1017 524 1082 bono
547 1017 868 1084 alienoetiamsuum
882 1017 1063 1102 appetitur:
1087 1019 1223 1086 interest
1233 1019 1318 1086 enim

140 1127 330 1195 securitatis
360 1127 507 1193 omnium
541 1129 641 1194 arceri
673 1127 832 1214 injurias,
858 1148 900 1196 ne
923 1129 981 1212 qui
1003 1149 1056 1196 eas
1078 1121 1226 1215 faciuni,
1254 1131 1318 1198 hoc

140 1239 215 1323 ipso
238 1238 436 1322 validiores,
460 1238 636 1321 aliquando
659 1240 693 1306 in
714 1260 775 1307 nos
796 1239 892 1306 etiam
914 1255 1111 1326 exsurgant,
1134 1256 1191 1308 aut
1202 1241 1257 1308 alil
1269 1241 1317 1308 in·

139 1351 309 1430 vitentur,
342 1350 370 1417 si
404 1350 608 1433 impunitatis
634 1353 737 1418 multa
760 1365 887 1417 exstent
910 1353 1068 1436 exempla.
1114 1353 1201 1420 Illud
1222 1351 1317 1420 etiam

138 1477 258 1528 notatu
282 1481 348 1528 non
371 1459 541 1547 indignum
566 1477 629 1541 est,
652 1461 740 1529 sicut
763 1461 995 1545 rempublicam
1017 1462 1317 1530 diximus’bellum

139 1593 237 1656 saepe
270 1571 436 1655 suscipere
469 1572 639 1656 publicum
672 1593 733 1657 pro
767 1573 894 1658 privata
928 1573 1069 1640 utilitate
1091 1574 1194 1654 civis,
1218 1573 1263 1642 lta
1286 1589 1319 1641 et

141 1684 248 1751 civem
284 1705 342 1767 pto
366 1682 507 1749 utilitate
536 1684 668 1766 publica
689 1704 775 1750 arma
796 1705 945 1765 sumere,
970 1686 1060 1769 quod
1083 1684 1244 1754 interdum
1266 1705 1318 1752 ac·

141 1796 244 1877 cidit,
269 1815 343 1860 cum
367 1813 520 1877 oppressa
543 1795 726 1880 respublica
747 1816 781 1864 se
806 1809 906 1864 totam
928 1795 1096 1864 vindicare
1119 1815 1185 1862 non
1197 1810 1317 1880 potest.

142 1906 237 1973 Fecit
269 1908 333 1972 hoc
365 1905 485 1970 Nasica
515 1905 671 1974 adversus
692 1906 900 1985 Gracchum,
923 1907 1018 1992 cujus
1042 1906 1174 1990 quidem
1196 1905 1318 1974 factum

141 2017 281 2084 abonis
313 2016 465 2084 ommibus
499 2016 667 2097 laudatur,
696 2015 775 2084 fecit
795 2016 956 2085 Octavius
978 2017 1317 2099 concasnomen,

141 2127 290 2196 fecerant
322 2147 434 2194 omnes
468 2121 697 2213 tyrannicidae.
754 2129 820 2196 Sed
852 2144 885 2194 et
917 2129 999 2198 istos
1027 2129 1237 2198 manifestum
1269 2144 1320 2196 est

142 2241 254 2324 aliqua
277 2260 316 2306 ex
338 2255 427 2324 parte
450 2239 502 2308 sui
524 2260 618 2326 agere
641 2239 753 2326 gratia.
781 2239 868 2306 Nam
891 2240 978 2306 sicut
999 2241 1197 2324 reipublicae
1219 2239 1318 2308 inter·

143 2367 192 2418 est
223 2365 345 2418 statum
375 2351 499 2418 civium
521 2350 673 2435 privatim
697 2353 823 2419 salvum
846 2365 945 2434 atque
967 2351 1136 2418 florentem
1160 2355 1252 2432 esse,
1273 2351 1318 2420 ita

143 2465 249 2530 multo
281 2462 384 2546 magis
413 2462 536 2529 civium
568 2462 799 2547 rempublicam
821 2462 1015 2530 conservari.
1058 2463 1227 2532 Praeterea
1250 2481 1318 2530 om·

143 2594 226 2656 nes,
260 2573 319 2656 qui
353 2573 396 2640 ob
425 2574 481 2658 jus
512 2573 651 2640 alienum
685 2575 772 2641 bello
803 2573 970 2640 decertant
995 2573 1030 2655 ⁸,
1052 2574 1234 2642 necessario
1264 2575 1318 2658 jus

144 2705 240 2752 suum
263 2685 305 2750 ad
327 2684 556 2766 consequenda
577 2684 693 2751 damna
714 2698 747 2752 et
768 2684 928 2768 impensas
949 2703 1023 2752 cum
1048 2704 1087 2750 eo
1107 2685 1318 2770 coniunctum

144 2797 280 2863 habent.
325 2795 526 2863 Damnamus
558 2795 659 2880 igitur
690 2815 802 2863 ornnes
834 2795 932 2879 illos,
958 2795 1016 2878 qui
1041 2800 1075 2864 ia
1096 2799 1264 2879 πλεονεξίαις
1288 2809 1320 2863 et

145 2906 262 2990 iniquo
282 2907 390 2973 animo
411 2907 497 2973 bella
516 2921 632 2991 gerunt
653 2907 747 2975 etiam
768 2906 867 2992 J'ustis
887 2905 1005 2973 causis.
1051 2904 1151 2972 Absit
1178 2906 1279 2990 igitur
1302 2926 1320 2971 a

145 3017 335 3102 republica,
374 3016 587 3102 magistratu,
619 3018 747 3102 privato
781 3018 901 3084 bellum
929 3016 1127 3101 suscipiente
1149 3030 1181 3081 et
1202 3015 1318 3096 socio,

141 3128 316 3215 profunda
348 3127 465 3215 cupido
495 3132 630 3215 imperii
660 3143 692 3194 ct
722 3128 925 3198 divitiarum
943 3127 982 3208 ⁴,
1006 3127 1114 3194 absint
1136 3147 1220 3210 quae
1237 3141 1319 3197 teste

147 3239 302 3306 Seneca⁸

359 3349 494 3436 Rupere
515 3349 658 3436 foedus,
682 3354 803 3438 impius
825 3350 914 3416 lucri
927 3350 1036 3436 furor

366 3460 416 3527 Et
438 3465 497 3526 ira
515 3476 685 3548 praeceps.

148 3570 221 3638 Hoc
243 3585 294 3638 est
311 3571 500 3656 Augustino
513 3576 525 3612 ⁸
540 3573 763 3656 exprimente,
787 3574 922 3641 nocendi
933 3574 1120 3661 cupiditas,
1142 3574 1320 3642 ulciscendi

147 3681 354 3764 crudelitas,
379 3697 411 3748 et
428 3703 512 3766 quae
538 3683 600 3750 alia
624 3705 663 3750 ex
684 3684 742 3751 illo
762 3685 828 3769 jam
859 3699 933 3751 ante
956 3685 1128 3754 citavimus
1139 3692 1161 3753 ².
1181 3685 1264 3751 Nam
1283 3701 1320 3753 ut

148 3793 231 3859 idem
262 3793 397 3861 antistes
417 3792 429 3828 ⁸
453 3794 574 3876 docet,
609 3795 703 3882 apud
733 3817 826 3863 veros
858 3796 926 3862 Dei
955 3795 1099 3863 cultores
1123 3801 1223 3863 ctiam
1246 3801 1320 3883 ipsa

148 3905 233 3971 bella
251 3918 501 3991 pacatarum,
524 3926 609 3991 quac
632 3927 696 3971 non
724 3906 912 3992 cupiditate
935 3920 996 3972 aut
1018 3907 1242 3991 crudelitate,
1266 3908 1323 3975 scd

142 4020 239 4100 pacis
270 4015 379 4081 studio
407 4029 601 4102 geruntur,
635 4031 673 4082 ut
704 4017 789 4083 mali
823 4031 1042 4084 coerceantur
1065 4033 1096 4085 ct
1120 4019 1195 4085 boni
1215 4020 1319 4085 subla·

148 4141 282 4193 rentur.
330 4127 404 4192 Hoc
428 4141 493 4193 est:
517 4129 553 4192 hi
586 4132 645 4213 qui
667 4127 861 4196 noluntaria
884 4143 992 4217 agunt
1004 4131 1100 4215 justo
1123 4135 1233 4196 animo
1254 4130 1318 4195 bel·
1331 4129 1477 4233 §iffa

147 4269 338 4282 ,ιιι-’.αυ-

184 4359 241 4410 ¹ad
258 4360 317 4410 fam.
337 4363 354 4409 l.
371 4372 395 4419 7.
411 4375 452 4422 cp.
475 4375 513 4413 ια.
548 4359 638 4412 ²c.6.
675 4363 768 4426 ica.
802 4362 887 4413 ⁴sall.
909 4365 936 4413 in
953 4365 1039 4426 fragm.
1059 4364 1128 4426 [libr.
1152 4377 1176 4426 4.
1194 4365 1258 4414 Hist.
1279 4379 1320 4427 ep.

153 4450 278 4528 Minna]
313 4450 443 4513 ⁵Hippot.
458 4451 508 4518 [vs
527 4465 583 4515 540.
599 4453 650 4516 sta]
686 4453 697 4486 ⁶
715 4469 738 4504 c.
747 4455 810 4517 quid
819 4459 942 4518 culpatur.
954 4454 1042 4520 [Decr.
1053 4457 1121 4504 Grac.
1130 4470 1156 4516 p.
1166 4471 1189 4504 a.
1200 4469 1239 4513 23·
1251 4457 1318 4518 r.4.]

154 4536 164 4575 ⁷
180 4541 204 4589 in
228 4540 278 4592 line
292 4556 314 4592 c.
332 4555 354 4600 3.
387 4541 399 4574 ⁸
416 4545 448 4594 de
463 4544 515 4593 div.
532 4547 595 4594 eccl.
614 4545 669 4594 obs.
688 4545 780 4596 citatur
793 4547 819 4596 in
836 4561 859 4596 c.
869 4549 942 4608 apud.
954 4546 1042 4609 [Dect.
1053 4548 1121 4596 Grac.
1130 4561 1155 4606 p.
1167 4560 1190 4596 a.
1200 4559 1239 4604 23.
1252 4545 1319 4608 1.6.]
