3316 5494
445 605 492 652 DE
516 605 609 672 Juan
635 606 821 656 PRAEDA-E.
847 563 929 654 car:
954 603 1034 652 VIII.
1280 601 1327 666 -99

327 758 451 826 Vicina
474 761 504 827 Τ
501 745 612 828 lascis
636 765 695 849 qui
717 775 805 828 tenet
829 763 927 847 regni
949 759 1020 825 sola

327 872 481 938 Humarc
496 877 605 959 poscit
627 887 796 940 mortuos:
819 870 908 958 quod
927 876 956 938 si
978 871 1108 953 datur,

326 983 381 1048 Sit
404 987 515 1050 amica
529 983 641 1068 faciet
661 1006 742 1073 gens
766 982 1011 1052 Erechthidum
1033 983 1109 1051 tibi.

330 1091 476 1178 Quacei
493 1095 712 1182 probantur,
735 1109 806 1162 tum
830 1095 922 1180 refer
945 1107 1037 1161 retro
1054 1093 1181 1182 pedem.

326 1207 388 1271 Sia
410 1228 500 1272 nemo
517 1220 641 1292 paret,
664 1207 767 1276 uerba
790 1210 858 1272 sint
882 1207 962 1272 hacc
985 1205 1123 1273 altera:

320 1317 404 1404 Jam
427 1336 504 1382 mox
527 1330 565 1381 ut
589 1336 689 1383 arma
707 1317 807 1402 pubis
831 1329 1018 1404 exspectent
1041 1339 1141 1385 meae.

191 1427 240 1494 Et
260 1426 379 1493 similia
400 1446 419 1492 a
440 1426 585 1494 Creonte
608 1427 740 1496 Theseo
763 1428 980 1511 nuntiantur,
1004 1443 1043 1496 ut
1064 1428 1233 1496 videamus
1255 1449 1325 1496 mo·

105 1581 109 1590 ·
142 1559 215 1604 rem
240 1539 399 1606 Graeciae
424 1538 456 1604 ia
477 1537 642 1622 tragoedia
666 1557 870 1622 expressum:
896 1539 954 1622 qui
984 1554 1017 1606 et
1045 1539 1077 1606 in
1098 1540 1236 1608 historia
1254 1541 1324 1608 Ro-

143 1671 244 1718 mana
267 1651 386 1734 passIm
410 1651 563 1718 occurrit.
609 1650 704 1737 Quae
723 1666 830 1718 autem
851 1652 917 1718 duo
941 1651 1003 1719 ista
1026 1651 1072 1720 sic
1094 1651 1325 1735 complectitur
1336 1659 1471 1761 3:225:

142 1777 289 1830 vocatur
321 1761 527 1828 denuntiatio
557 1762 628 1829 slve
660 1762 809 1830 indictio·
858 1763 890 1828 Is
921 1783 1000 1830 vero
1031 1763 1089 1847 qui
1122 1763 1214 1848 prius
1235 1763 1325 1830 mitit
1335 1768 1415 1816 Μ’·

143 1894 200 1941 res
222 1874 422 1957 repetitum,
446 1893 513 1940 noa
535 1887 666 1940 tenetur
688 1875 805 1940 iterum
828 1874 1038 1942 denuntiare:
1062 1875 1121 1943 sed
1142 1874 1323 1959 sicutquae

142 2001 224 2070 post
254 1985 447 2054 sententiam
480 2000 681 2070 usurpantur
710 1987 838 2070 edicta,
872 2001 939 2053 non
963 2008 981 2054 a
1004 1986 1149 2072 gentium
1170 1989 1244 2073 jnre
1266 1989 1325 2056 sed

143 2099 187 2164 ab
211 2097 367 2164 instituto
390 2112 469 2165 sunt
490 2099 654 2183 cuiusque
677 2097 843 2181 civitatis,
866 2113 933 2166 non
965 2099 1058 2166 aliter
1088 2113 1121 2164 et
1147 2099 1226 2166 belli
1252 2119 1324 2166 sus-

143 2208 292 2292 cipiendi
315 2209 495 2290 solemnit,
518 2209 546 2276 si
569 2229 635 2291 qua
654 2223 732 2276 sunt
748 2225 876 2293 praeter
903 2229 939 2275 ea
960 2227 1044 2293 quae
1065 2209 1208 2277 dlxImus
1228 2211 1263 2291 ¹,
1286 2225 1323 2278 ut

144 2323 186 2387 de
207 2321 363 2388 iterandis
390 2320 716 2402 denuntiationibus,
751 2340 818 2388 non
839 2321 970 2390 aliunde
994 2342 1091 2404 quam
1114 2341 1153 2388 ex
1175 2322 1323 2391 moribus

142 2433 312 2518 cujusque
330 2433 445 2516 populi
466 2431 689 2513 descendunt,
714 2433 805 2514 quod
826 2447 858 2498 et
879 2433 1053 2500 Maecenas
1073 2434 1161 2517 apud
1180 2434 1321 2501 Dionem

142 2546 231 2612 velle
269 2543 413 2611 videtur.
470 2544 582 2610 Multa
615 2546 685 2630 ejus
715 2544 842 2628 generis
874 2545 1016 2612 Romani
1047 2561 1248 2630 usurparunt
1281 2547 1321 2612 ab

144 2655 345 2738 Aequicolis
371 2669 526 2738 accepta,
557 2670 595 2721 ut
628 2656 668 2722 de
690 2657 780 2722 hasta
801 2656 980 2740 sanguinea
1003 2672 1035 2724 et
1055 2656 1116 2723 alia
1138 2655 1322 2743 ejusmodi,

142 2768 230 2833 sicut
250 2783 285 2834 et
303 2767 435 2852 triginta
462 2767 545 2852 J'usti
573 2766 643 2834 dies
670 2782 746 2851 post
780 2768 970 2835 sententiam
992 2783 1029 2835 ut
1051 2768 1084 2836 in
1107 2765 1201 2852 foro,
1221 2769 1267 2835 ita
1289 2769 1322 2837 in

139 2879 230 2945 bello
263 2879 332 2961 pari
356 2880 481 2945 ratione
504 2879 655 2946 mannate
674 2880 922 2947 tribuebantur:
945 2899 1053 2964 neque
1082 2880 1223 2962 mirum,
1247 2902 1320 2948 cum

142 2991 224 3056 aliae
243 3005 359 3076 gentes
382 2990 480 3059 etiam
499 2992 607 3057 locum
628 3006 661 3058 et
678 3005 808 3075 tempus
827 2990 940 3075 praelii
961 3009 1056 3074 saepe
1076 2991 1320 3075 denuntiarInt,

142 3121 230 3184 quae
258 3116 298 3167 ut
329 3101 492 3168 interdum
524 3101 694 3188 magnilica
723 3117 822 3183 sunt,
852 3101 898 3169 ita
920 3117 1102 3185 numquam
1125 3104 1318 3174 necessaria.

143 3211 244 3279 Unde
265 3227 300 3278 et
315 3212 484 3280 Romanos
502 3213 651 3280 videmus
669 3214 883 3283 sanctissimis
902 3214 1105 3298 temporibus
1124 3235 1174 3282 res
1186 3215 1320 3299 quidem

143 3343 324 3407 numquam
347 3323 411 3390 nisi
432 3325 473 3390 ab
502 3324 603 3408 ipsis,
635 3325 693 3407 qui
713 3325 863 3410 injuriam
887 3325 1051 3409 fecerant,
1077 3342 1134 3394 aut
1153 3327 1321 3413 magistra·

142 3435 233 3501 tibus
264 3434 440 3520 repetisse,
471 3437 593 3502 bellum
616 3445 723 3504 autem
744 3452 920 3521 postquam
943 3437 1111 3506 decretum
1132 3453 1223 3522 erat,
1252 3459 1321 3507 non

143 3546 186 3610 ad
214 3545 346 3612 eosdem
377 3545 518 3629 utique,
551 3547 607 3614 sed
635 3550 689 3616 vel
711 3550 761 3615 ad
791 3549 960 3633 proximos
991 3550 1074 3618 fines
1108 3551 1202 3634 quasi
1237 3551 1320 3619 dicis

142 3675 239 3722 causa
259 3656 435 3737 indixIsse,
458 3661 512 3724 vel
531 3660 594 3725 hoc
613 3659 710 3726 etiam
729 3660 902 3742 omisisse,
923 3682 998 3727 cum
1011 3682 1062 3730 res
1072 3661 1216 3747 legitime
1228 3682 1319 3746 repe-

141 3767 220 3834 titae
243 3788 304 3834 nec
321 3768 387 3853 juri
407 3769 548 3853 paritum
568 3785 662 3838 esset.
685 3770 791 3837 Varro
811 3771 908 3838 etiam
926 3787 959 3839 et
976 3772 1146 3840 Araobius
1165 3775 1178 3813 ¹
1196 3793 1319 3846 morem

142 3879 236 3946 illurn
267 3881 456 3948 solemniter
485 3883 606 3950 bellum
641 3884 878 3967 denuntiandi,
914 3883 1001 3953 slent
1031 3881 1093 3950 alia
1125 3905 1209 3968 quae
1243 3900 1320 3954 sunt

139 3991 224 4076 iuris
258 3990 388 4075 civilis,
423 3994 512 4080 apud
544 3995 712 4064 Romanos
746 3996 904 4064 abolitum
938 4009 1111 4064 testantur.
1158 3996 1318 4063 Videmus

140 4239 340 4259 *tu—annun·-

178 4419 186 4452 ¹
202 4424 266 4473 Bod.
281 4425 314 4474 de
328 4437 382 4488 rep.
398 4428 415 4475 l.
436 4439 457 4476 r.
469 4439 492 4477 t.
501 4440 528 4486 7.
542 4439 567 4477 et
586 4427 657 4478 Fabr.
673 4439 735 4478 sem.
753 4430 770 4478 1.
785 4441 810 4480 a.
826 4442 847 4478 e.
864 4441 885 4478 a.
906 4428 950 4479 sub
968 4427 1012 4478 flia.
1045 4425 1104 4478 ’de
1118 4426 1179 4489 ling.
1195 4425 1249 4476 Lat.
1266 4428 1283 4477 1.
1293 4438 1318 4484 s.

146 4509 180 4573 [ἱ.
196 4512 247 4579 ld]
267 4515 362 4566 arnob.
380 4531 403 4566 e
421 4530 487 4580 gent.
500 4521 517 4566 l.
535 4532 557 4568 2.

1102 4584 1141 4664 7*
