3326 5506
437 627 483 674 oo
507 627 601 694 Juaa
627 595 810 676 arenoso.
835 629 916 678 cnr.
942 629 1006 675 xn.
1240 629 1302 692 257

130 782 190 866 qui
219 780 320 861 facit,
344 796 381 848 ut
407 769 492 848 idem
515 781 569 848 ille
592 781 780 849 Alexander
802 782 955 863 dicebat,
980 781 1027 849 od
1048 781 1303 848 internecionem

124 893 370 981 persequendus
394 908 463 973 est,
488 915 550 958 uon
575 907 612 958 ut
626 895 743 980 justus
770 895 893 974 hostis,
918 893 974 959 sed
995 907 1032 958 ut
1051 909 1228 980 percussor
1251 913 1304 960 ue·

130 1003 251 1089 nefitus
274 1007 296 1072 ¹.
341 1005 482 1070 Restant
514 1006 651 1071 crimina
682 1005 766 1087 alia,
799 1005 826 1070 si
860 1003 1032 1085 conferas,
1066 1005 1213 1085 minora,
1247 1003 1304 1070 sed

129 1117 271 1201 insignia
295 1131 425 1197 tamen,
450 1117 477 1182 si
502 1137 559 1200 per
582 1117 856 1182 seaestimentur:
878 1115 1140 1199 utvispublica,
1158 1115 1302 1199 privata,

129 1242 267 1308 armata,
282 1229 443 1294 bonorum
456 1243 622 1311 raptorum
633 1231 668 1310 ¹,
683 1243 715 1294 et
734 1227 795 1294 alia
808 1248 891 1310 quae
912 1247 929 1293 a
950 1228 1037 1293 bello
1056 1227 1179 1313 injusto
1191 1228 1303 1292 abesse

128 1341 187 1407 vix
221 1355 377 1424 possunt:
417 1361 433 1404 a
466 1339 637 1405 Lusitanis
672 1359 737 1405 non
781 1339 926 1406 abfuisse
969 1339 1109 1405 narratio
1145 1339 1301 1405 ostendit.

129 1452 252 1534 Neque
285 1452 367 1518 illud
390 1451 606 1517 omittendum
632 1467 702 1532 est,
727 1451 821 1518 etiam
846 1466 1023 1533 conatum,
1047 1466 1133 1517 certe
1156 1451 1189 1516 in
1217 1465 1303 1517 atro·

129 1563 301 1644 cioribus,
331 1563 439 1646 puniri
460 1569 490 1626 ³:
524 1563 610 1628 urrde
640 1563 815 1644 Lusitani,
850 1564 972 1646 quibus
1007 1563 1183 1645 quominus
1219 1577 1303 1628 totas

130 1677 251 1740 classes
284 1695 358 1740 cunr
386 1673 577 1740 hominibus
610 1673 690 1757 ipsis
724 1691 897 1741 exurerent
929 1690 961 1740 et
992 1674 1110 1740 similia
1132 1676 1225 1758 plura
1248 1695 1304 1757 pn·

129 1801 275 1867 trarent,
309 1785 451 1852 felicitas
486 1800 624 1852 eventus
659 1785 789 1867 deluit,
824 1806 889 1852 non
913 1786 1074 1871 propositi
1095 1786 1302 1870 malignitas,

130 1899 213 1964 hanc
238 1897 340 1982 ipsam
374 1898 505 1980 impune
529 1896 614 1963 ferre
638 1917 704 1963 non
727 1898 859 1964 debent.
906 1899 1008 1985 Quod
1031 1899 1152 1963 Seneca
1175 1899 1303 1983 egregie

131 2010 292 2093 explicat:
318 2011 487 2095 Injuriam
513 2013 572 2094 qui
587 2009 753 2094 facturus
778 2023 848 2091 est,
864 2011 939 2096 jaus
958 2009 1087 2094 foeit⁴.
1131 2009 1242 2074 Latro
1256 2023 1302 2074 est

130 2125 232 2186 etium
268 2135 447 2206 antequam
483 2141 601 2185 moetus
625 2124 802 2204 inquinet,
827 2123 908 2206 quia
933 2120 980 2186 ad
1002 2120 1210 2186 occidendum
1225 2121 1301 2207 joon

130 2247 287 2298 armatus
310 2247 380 2312 est,
411 2247 441 2298 et
465 2231 563 2296 habet
588 2231 753 2318 spoliandi
777 2245 878 2316 etque
900 2230 1125 2316 interficiendi
1148 2234 1303 2301 uolonta-

129 2358 192 2409 tem
214 2348 237 2410 ⁵.
287 2343 408 2408 Omnia
432 2342 557 2409 scelera
581 2347 682 2408 etium
706 2356 785 2408 astte
809 2341 957 2429 effectum
982 2348 1111 2430 operis,
1139 2359 1301 2429 querutum

128 2454 248 2541 culpas
267 2458 353 2520 satis
377 2468 447 2535 est,
466 2453 621 2540 perfeeto
646 2468 723 2519 sum
745 2451 769 2519 ⁸.
795 2454 840 2519 Et
863 2456 999 2521 alterum
1023 2456 1086 2521 hoc
1100 2472 1248 2538 constat,
1273 2456 1301 2523 si

129 2567 229 2631 homo
255 2566 351 2631 etiam
375 2566 458 2632 liber
481 2566 515 2631 in
539 2565 671 2632 alterius
697 2567 926 2632 contumeliam
950 2567 1157 2650 offendatur,
1182 2589 1247 2634 non
1263 2569 1302 2634 ad

130 2698 205 2743 eum
229 2678 386 2743 duntaxat
410 2677 467 2759 qui
492 2677 654 2757 laeditur,
680 2678 738 2743 sed
759 2678 799 2742 ad
821 2698 894 2743 eum
917 2677 1012 2744 etiarn
1041 2680 1099 2761 qui
1122 2699 1180 2762 per
1202 2681 1302 2764 hujus

128 2789 371 2871 quodammodo
406 2790 492 2854 latus
522 2788 645 2871 petitus
678 2803 748 2868 est,
784 2788 920 2872 injuriae
945 2787 1205 2871 persecutionem
1229 2807 1302 2870 per·

128 2899 232 2965 tinere
254 2901 276 2966 ⁷.
322 2901 397 2988 Qua
431 2899 557 2966 ratione
590 2914 703 2965 contra
727 2899 906 2965 Lusitanos
930 2899 972 2964 ob
1003 2919 1061 2981 ea,
1098 2919 1181 2980 quae
1213 2898 1301 2964 Indis

128 3011 253 3076 inflicta
282 3027 360 3078 sunt
391 3013 496 3092 mala,
523 3011 697 3078 Hollandis
721 3012 813 3078 velut
836 3031 875 3075 ex
899 3031 958 3075 sua
980 3029 1119 3093 persona
1140 3010 1194 3093 jus
1216 3030 1302 3075 com-
1316 3037 1356 3082 Ε.
1377 3039 1460 3103 psas,

129 3122 226 3205 petit.
273 3123 360 3189 Cunr
394 3123 535 3205 denique
566 3123 765 3206 reipublicae
796 3137 828 3188 et
848 3120 1094 3208 magistratuum
1119 3122 1162 3187 sit
1185 3091 1462 3205 culpa,i>.¹'·⁰'''¹⁶’

126 3233 296 3300 rnarrifesta
320 3255 454 3300 suorum
479 3234 602 3319 flagitia
622 3254 688 3300 non
706 3254 855 3300 coercere
868 3239 903 3314 ⁸,
930 3233 1130 3299 ultimoloco
1143 3253 1302 3317 ponemus

128 3345 285 3411 delictum
315 3344 420 3412 totius
451 3345 568 3430 populi
601 3345 808 3428 Lusitanici,
833 3348 873 3412 ad
898 3346 957 3413 ista
981 3366 1065 3428 quae
1088 3344 1230 3411 diximus
1252 3344 1302 3410 fa·
1316 3370 1356 3415 ex
1378 3370 1460 3416 assor.

128 3456 239 3522 cinora
279 3457 497 3525 conniventis.
563 3457 691 3523 Horum
732 3457 878 3523 omnium
918 3457 1115 3538 criminum,
1155 3457 1182 3523 si
1214 3435 1355 3524 recteW
1372 3434 1452 3471 mum'

128 3583 270 3652 ponatur
302 3569 407 3651 ratio,
432 3569 491 3635 uti·
506 3569 616 3654 gravia
643 3583 741 3651 sunt,
766 3569 809 3635 ita
833 3587 955 3651 poenas
978 3567 1073 3634 etiam
1096 3587 1208 3652 graves
1233 3587 1303 3634 esse

129 3696 278 3764 oportet:
319 3702 402 3762 quae
440 3682 548 3766 legum
583 3680 730 3748 civilium
762 3679 1002 3746 existimatione
1036 3701 1157 3762 paucae
1191 3681 1303 3746 admo·
1316 3709 1463 3755 parma..

129 3793 207 3859 dum
228 3793 313 3860 intra
340 3795 476 3860 mulctas
501 3793 709 3873 consistunt,
734 3813 807 3876 pars
831 3811 945 3877 magna
970 3793 1131 3858 bonorum
1155 3765 1463 3876 publica-iiiiiifaal‘

161 4019 168 4050 ¹
189 4023 261 4068 Curt.
280 4021 370 4068 eodem
387 4019 462 4069 libro.
482 4019 518 4080 [c.
537 4018 589 4082 45.]
628 4015 638 4050 ¹
655 4020 686 4066 V.
703 4015 761 4078 Dig.
780 4030 805 4066 et
824 4019 889 4066 cod.
912 4031 958 4078 per
976 4028 1045 4066 totos
1064 4018 1162 4066 titulos.
1179 4016 1303 4081 [D.48.6.

128 4122 152 4158 et
179 4123 203 4168 7.
230 4122 255 4159 et
273 4123 313 4171 4³·
340 4111 379 4159 16.
398 4122 423 4159 ct
441 4112 471 4158 C.
489 4124 513 4172 9.
534 4109 584 4171 ru]
616 4107 630 4142 ³
648 4112 665 4158 l.
682 4109 743 4157 item
762 4109 829 4169 apud
847 4109 1000 4157 Labeonem.
1018 4113 1040 4168 §-
1061 4123 1082 4158 1.
1099 4109 1125 4157 ff.
1144 4111 1175 4157 de
1194 4107 1304 4166 injuriis.

128 4213 152 4249 et
177 4201 214 4251 ibi
239 4203 289 4250 Dd.
318 4200 361 4265 [D.
384 4215 425 4263 47.
451 4215 489 4250 10.
511 4199 560 4263 rs.]
582 4202 599 4248 l.
616 4200 637 4249 is
656 4199 701 4260 qui
720 4213 778 4249 cum
796 4203 859 4248 telo.
874 4201 903 4247 C.
922 4202 954 4248 de
975 4200 1082 4248 sicariis.
1103 4200 1145 4260 [C.
1164 4213 1188 4261 9.
1209 4201 1247 4248 16.
1265 4199 1301 4264 7.]

128 4290 138 4322 ⁴
156 4295 187 4341 de
204 4292 242 4340 ira
258 4295 275 4340 l.
293 4306 313 4340 1.
332 4305 354 4340 c.
374 4306 396 4351 ³·
423 4292 474 4342 ‘de
493 4291 577 4341 benef.
594 4293 612 4340 l.
632 4303 655 4347 s.
674 4305 696 4339 c.
718 4305 755 4352 14·
773 4291 783 4323 ⁶
799 4292 824 4339 in
844 4292 983 4351 sapientem
1001 4305 1053 4339 non
1070 4293 1159 4339 cadere
1178 4289 1304 4348 injuriam.

129 4396 151 4431 c.
167 4397 192 4441 7.
226 4381 285 4430 ⁷V.
310 4385 376 4432 Bart.
401 4383 427 4432 in
454 4385 471 4430 l.
498 4385 544 4431 ult.
569 4382 596 4430 ff.
619 4383 650 4429 de
669 4381 737 4442 priv.
755 4381 865 4431 delictis.
885 4383 929 4444 [D.
948 4395 989 4444 47.
1009 4380 1043 4444 r.]
1064 4383 1112 4430 Dd.
1131 4382 1193 4441 in§.
1211 4385 1256 4431 sed
1272 4383 1303 4432 si.

129 4477 188 4523 lnst.
216 4477 247 4524 de
275 4474 383 4532 injuriis.
412 4473 444 4538 [1.
462 4489 487 4536 4.
505 4489 530 4535 4.
550 4477 572 4532 ξ.
591 4471 626 4536 6.]
664 4473 715 4522 ⁸c.
734 4473 861 4523 dominus.
882 4471 971 4536 [Dect.
992 4475 1060 4523 Grat.
1080 4487 1105 4535 p.
1123 4488 1146 4522 2.
1166 4486 1205 4534 23.
1224 4489 1247 4524 a.
1266 4474 1302 4538 a.]

1092 4584 1129 4644 17
