3362 5504
488 611 535 659 ns
558 613 651 680 June
677 611 862 658 russone.
889 611 972 658 can.
996 613 1058 659 xv.
1297 615 1359 677 329

187 770 279 836 oneri
301 769 403 836 factae
426 788 491 834 non
516 769 602 834 bello
627 782 659 833 et
682 767 723 832 ad
744 768 915 851 globorum
937 765 1022 834 ictus
1044 782 1171 850 apertae
1193 770 1357 854 undique,

187 902 246 946 nec
278 896 452 948 ventorum
484 880 564 946 satis
595 894 746 963 potentes
770 879 858 944 etin
892 879 1080 946 universum
1113 873 1229 965 dignae
1256 883 1359 967 magis

186 993 298 1075 vinci,
322 1013 418 1076 quam
441 1013 525 1075 quae
548 991 677 1074 possint
699 991 840 1057 vincere.
887 990 980 1057 Gens
1002 990 1122 1057 Batava
1146 984 1254 1076 gelido
1278 1013 1358 1061 ven·

186 1120 327 1188 tosoque
360 1107 476 1186 coelo,
507 1105 570 1170 sub
604 1103 676 1186 ipso
708 1102 940 1187 septentrionis
976 1101 1104 1184 sidere,
1139 1104 1224 1170 inter
1256 1125 1357 1188 aquas

185 1236 261 1283 suas
285 1217 420 1282 educata
445 1231 477 1282 et
499 1215 701 1282 incredibilis
723 1215 901 1281 multitudo
923 1215 963 1280 ab
984 1214 1063 1297 ipsis
1085 1215 1244 1297 pueritiae
1264 1217 1357 1285 annis

184 1329 338 1413 majorem
359 1328 446 1394 vitae
465 1343 587 1411 partem
608 1327 641 1392 in
661 1347 782 1392 oceano
802 1325 917 1406 solita,
941 1347 1038 1408 quam
1058 1325 1204 1394 interris
1224 1328 1356 1412 degere,

184 1440 273 1505 haud
306 1441 399 1506 aliter
428 1440 507 1505 mari
539 1459 636 1521 quam
668 1440 754 1504 solo'
772 1437 896 1504 utitur:
927 1437 1178 1504 tolerantissime
1200 1438 1355 1524 frigoris,

185 1551 421 1635 patientissima
456 1551 604 1631 inediae,
644 1549 864 1618 assuetissima
898 1548 1136 1630 incommodis,
1172 1568 1355 1646 quaeram

184 1664 281 1748 longa
314 1663 429 1729 itinera
459 1661 643 1729 necessario
677 1680 786 1727 secum
811 1659 939 1726 ferunt:
965 1663 1098 1746 longum
1123 1662 1210 1728 domi
1234 1664 1355 1730 bellum

184 1775 225 1840 ad
245 1775 412 1841 audaciam
436 1789 468 1841 et
490 1793 652 1840 armorum
673 1788 772 1838 artem
791 1771 927 1856 profuit.
972 1772 1208 1840 Lusitanorum
1229 1774 1355 1841 infirma

183 1907 345 1970 corpora,
369 1886 504 1952 fluentia
524 1886 652 1966 calore,
676 1899 768 1951 sueta
788 1883 916 1950 deliciis
939 1904 998 1951 nec
1011 1885 1149 1952 marinas
1159 1886 1354 1970 jactationes

182 2017 243 2064 nec
261 2018 414 2064 nauseam
435 1997 514 2064 satis
533 1996 654 2063 ferunt.
678 1996 844 2062 Praeterea
864 1998 977 2062 molles
998 1996 1079 2080 ipsi,
1103 1997 1237 2063 marcidi
1257 2000 1354 2076 luxu,

182 2130 346 2176 armorum
366 2110 478 2188 rudes,
499 2108 584 2174 inter
602 2105 821 2192 navigandum
842 2107 968 2173 onerati
987 2107 1223 2192 aegrotantium
1242 2110 1353 2189 turba,

183 2242 268 2304 quae
302 2221 438 2287 caeteris
471 2220 568 2286 etiam
602 2217 788 2285 valentibus
811 2217 1044 2300 impedimento
1068 2233 1136 2284 est:
1160 2239 1227 2285 uno
1251 2223 1353 2287 verbo

184 2333 335 2399 imbelles
358 2347 391 2398 et
413 2332 505 2415 quod
528 2330 668 2412 dicitur,
703 2331 877 2414 Mysorum
905 2330 1036 2416 praeda.
1082 2331 1180 2396 Unde
1203 2331 1354 2398 videmus

182 2445 292 2511 nautis
311 2443 441 2510 Batavis
461 2458 587 2509 tantum
607 2441 781 2508 accessisse
800 2440 959 2520 fiduciae,
983 2456 1020 2506 ut
1030 2461 1207 2524 numquam
1218 2457 1354 2526 putent,

182 2557 210 2622 si
234 2557 275 2622 ad
304 2571 464 2622 certamen
497 2553 694 2621 veniendum
725 2553 789 2633 sit,
821 2567 878 2618 aut
900 2572 935 2620 se
958 2552 1094 2618 nimium
1128 2573 1251 2638 paucos
1283 2574 1353 2621 esse

181 2687 301 2752 posse,
324 2682 382 2733 aut
392 2665 571 2732 Lusitanos
593 2664 671 2731 satis
691 2666 823 2731 multos.
868 2664 1118 2730 Prudentissimi
1137 2685 1233 2749 saepe
1253 2667 1353 2732 duces

182 2800 222 2844 ex
239 2781 338 2846 vultu
356 2777 496 2843 militum
515 2791 699 2862 gestuque,
724 2791 898 2858 conspecta
910 2790 983 2843 ante
994 2776 1152 2858 praelium
1166 2777 1352 2858 alacritate,

181 2910 248 2957 non
272 2890 371 2956 dubie
391 2892 457 2975 jam
482 2907 515 2954 se
537 2887 657 2954 vicisse
678 2887 951 2970 pronuntiabant:
990 2887 1024 2952 id
1047 2907 1141 2953 omen
1166 2888 1351 2971 optimum,

182 3003 218 3068 id
240 3001 304 3068 illis
336 3000 519 3084 auspicium
553 3014 620 3066 erat
651 3001 749 3084 longe
772 2998 1002 3066 certissimum.
1048 2999 1159 3084 Quare
1183 3014 1215 3065 et
1237 3000 1351 3066 batavi

182 3113 266 3178 nihil
284 3111 348 3178 sibi
368 3112 524 3197 exiguum
543 3111 732 3195 promittere
753 3111 893 3191 debent,
917 3110 973 3175 ubi
987 3109 1061 3177 illos
1071 3130 1205 3176 suorum
1216 3110 1352 3193 spiritus

181 3225 420 3308 conspicantur.
466 3224 586 3306 Neque
618 3222 703 3288 enim
734 3237 854 3288 temere
878 3221 926 3287 illi
948 3236 1005 3287 aut
1027 3221 1097 3288 sine
1117 3241 1231 3305 magna
1254 3243 1352 3289 causa

182 3335 300 3403 virtuti
323 3334 540 3418 fortunaeque
562 3355 640 3401 suae
663 3335 813 3401 credunt.
861 3334 993 3400 Habent
1014 3334 1084 3418 ejus
1106 3332 1152 3398 rei
1173 3333 1351 3401 certissima

181 3463 368 3533 argumenta
389 3469 425 3514 ac
443 3450 537 3513 velut
554 3447 690 3532 pignora
710 3445 877 3513 victoriae.
901 3444 991 3510 Galli
1003 3445 1194 3530 longissimo
1206 3461 1351 3530 tempore

181 3558 406 3625 Americanam
432 3557 685 3644 negotiationem
715 3556 759 3622 ita
778 3555 925 3624 infestam
943 3556 1174 3638 habuerunt¹,
1198 3573 1234 3624 ut
1254 3559 1351 3642 pauci

181 3684 289 3736 essent
309 3669 449 3753 Hispani
470 3669 610 3754 alicujus
630 3666 799 3753 dignitatis
811 3715 822 3749 ,
836 3669 893 3750 qui
907 3688 973 3734 non
986 3667 1162 3750 aliquando
1173 3669 1206 3735 in
1218 3669 1349 3737 illorum

179 3779 319 3853 fuissent
348 3796 533 3864 potestate,
567 3780 702 3864 praedae
733 3795 840 3846 autem
863 3793 989 3846 tantum
1013 3798 1257 3862 nonnumquam
1280 3783 1350 3848 vic·

177 3892 306 3958 toribus
326 3891 520 3972 obvenerit,
544 3907 581 3957 ut
599 3890 718 3975 singuli
740 3890 835 3956 etiam
855 3905 1025 3957 nautarum
1037 3891 1129 3974 pueri
1142 3893 1350 3977 octingentos

179 4005 316 4070 ducatos
346 4002 518 4069 referrent.
564 4002 665 4068 Iidem
694 4022 805 4069 omnes
829 4003 900 4086 ejus
923 4002 1012 4068 orbis
1035 4002 1156 4068 insulas
1181 4003 1348 4086 ipsamque

178 4116 399 4181 continentem
441 4114 580 4180 feliciter
622 4113 794 4197 diripuere.
850 4114 972 4179 Contra
1004 4128 1110 4178 autem
1143 4134 1216 4179 cum
1247 4120 1348 4182 semel

178 4247 274 4292 unam
308 4227 480 4293 Gallorum
513 4247 627 4292 navem
662 4226 801 4310 Hispani
834 4245 899 4292 non
931 4246 990 4292 sua
1022 4225 1144 4292 virtute
1174 4226 1231 4292 sed
1254 4228 1347 4295 ducis

211 4465 218 4496 ¹
238 4467 296 4525 Joh.
316 4465 379 4512 blet.
398 4465 423 4512 in
442 4465 546 4524 praefat.
567 4467 597 4514 ad
617 4465 743 4514 Osorium.
