3310 5482
435 587 482 638 na
506 587 601 656 June
627 587 809 640 innuosa.
835 591 914 642 chr.
939 595 1001 644 ιιι.
1268 581 1310 664 67

132 759 274 829 genera,
317 745 539 812 voluntarium
569 747 706 813 alterum
749 750 954 834 alterumque
989 754 1080 818 velut
1098 753 1310 822 'instrumen-

133 869 228 939 tum,
252 874 338 940 quos
360 856 512 924 subditos
531 857 692 940 dicimus,
715 878 782 925 non
804 862 918 928 eodem
943 863 1041 930 modo
1055 865 1110 949 jus
1122 864 1155 930 in
1170 881 1312 950 utroque

132 966 345 1035 considerari.
399 967 487 1035 Nam
521 968 646 1035 subditi
682 984 845 1052 quatenus
878 972 1003 1040 subditi
1035 990 1112 1044 sunt
1139 976 1212 1061 Jure
1244 997 1312 1046 non

132 1094 276 1146 utuntur
305 1079 519 1164 simpliciter,
564 1080 622 1147 sed
654 1099 712 1164 per
735 1081 907 1163 quamdam
940 1086 1238 1170 comparationem,
1273 1101 1312 1153 ut

132 1190 322 1260 scholastici
356 1191 582 1276 prodiderunt.
630 1189 765 1274 Proprie
797 1207 906 1260 autem
937 1197 992 1281 jus
1024 1216 1137 1263 eorum
1172 1213 1221 1266 est
1252 1199 1311 1282 qui

131 1301 320 1369 voluntarie
342 1316 443 1388 agunt
464 1307 485 1370 ¹.
513 1301 563 1368 Ut
582 1317 689 1370 autem
705 1303 761 1386 jus
783 1304 848 1385 sit,
873 1323 1006 1374 necesse
1031 1321 1081 1374 est
1102 1309 1307 1376 voluntatem

134 1414 178 1479 ab
207 1412 463 1498 apprehensione
493 1413 616 1497 animi,
652 1414 943 1498 apprehensionem
962 1417 1060 1484 animi
1080 1418 1120 1484 ab
1141 1419 1210 1503 ipsa
1232 1420 1310 1488 oriri

132 1527 284 1593 veritate.
327 1526 448 1608 Neque
471 1523 556 1592 enim
579 1523 699 1592 frustra
719 1526 822 1610 legem
845 1541 964 1593 rectam
986 1548 1055 1596 esse
1075 1528 1231 1596 rationem
1253 1551 1312 1598 ve-

134 1651 221 1703 teres
241 1635 472 1704 definiverunt.
517 1636 642 1703 Merito
662 1651 770 1703 autem
783 1637 1021 1704 admonentur²
1033 1639 1092 1720 hi,
1116 1640 1175 1722 qui
1187 1641 1310 1708 bellum

130 1748 274 1832 jubent,
307 1767 349 1814 ne
379 1747 529 1814 ultimum
564 1748 648 1815 illud
680 1747 883 1815 necessitatis
918 1752 1018 1817 telum
1043 1765 1224 1833 usurpent,
1248 1751 1312 1819 nisi

131 1860 242 1944 justae
260 1859 390 1926 subsint
412 1879 538 1925 causae.
586 1857 704 1925 Cicero
726 1856 756 1923 ³:
779 1858 843 1924 illa
862 1860 950 1926 bella
962 1861 1092 1946 injusta
1104 1873 1203 1942 sunt,
1227 1881 1313 1948 qaae

133 1983 215 2035 sunt
237 1973 307 2035 sine
328 1991 431 2035 causa
453 1983 615 2057 suscepta.
659 1969 721 2056 Jus
741 1985 849 2036 autem
867 1990 984 2054 omne,
1008 1973 1100 2055 quod
1115 1971 1312 2038 nobiscom·

135 2081 235 2165 petit,
256 2079 298 2147 ad
310 2095 453 2163 quatuor
465 2083 552 2166 leges
566 2079 676 2148 referri
687 2095 808 2166 potest,
821 2081 980 2166 primam,
994 2083 1192 2164 secundam,
1215 2082 1312 2166 quin·

133 2207 202 2258 tam
225 2207 258 2260 et
279 2207 415 2260 sextam.
460 2192 547 2259 Nam
571 2192 667 2259 tertia
688 2205 721 2258 et
743 2207 883 2279 quarta,
907 2193 934 2260 si
956 2193 998 2259 ad
1008 2194 1130 2260 bonum
1142 2193 1311 2277 proprium

135 2302 369 2384 invertuntur,
405 2322 423 2369 a
451 2303 555 2388 prima
589 2318 620 2370 et
651 2304 792 2371 secunda
811 2304 895 2372 nihil
927 2303 1131 2388 discrepant,
1166 2304 1313 2374 terminis

134 2413 297 2480 duntaxat
327 2415 547 2482 commutatis.
593 2414 739 2500 Septima
768 2429 875 2481 autem
910 2431 942 2482 et
971 2431 1114 2482 caeterae
1135 2435 1248 2483 omnes
1271 2417 1313 2484 ad

133 2527 238 2610 legem
273 2540 396 2592 sextam
430 2525 636 2609 referuntur,
661 2525 860 2593 adminiculo
882 2527 1011 2594 scilicet
1032 2528 1161 2613 regulae
1182 2528 1309 2595 tertiae.

134 2637 260 2704 Bellum
295 2637 397 2723 igitur
419 2657 513 2704 omne
537 2652 678 2721 quatuor
698 2657 866 2704 causarum
887 2639 1055 2723 exaliqua
1076 2638 1154 2705 oriri
1176 2658 1310 2706 necesse

135 2763 197 2816 est.
240 2747 349 2815 Prima
370 2765 420 2817 est
439 2749 491 2817 sul
513 2748 683 2831 defensio,
707 2769 747 2815 ex
770 2751 841 2834 lege
863 2749 979 2832 prima.
1015 2749 1102 2816 Nam
1115 2765 1153 2816 ut
1166 2749 1325 2816 Cicero⁴·

134 2859 267 2943 inquit,
292 2860 382 2927 illud
391 2873 438 2926 est
450 2881 514 2926 non
524 2860 614 2928 modo
627 2863 776 2946 justum,
799 2858 968 2927 sedetiam
981 2864 1309 2942 necessarium,cum

133 2974 170 3038 νί
186 2976 238 3040 ris
270 2972 374 3038 illata
407 2970 615 3061 defenditur.
663 2973 710 3039 Et
741 2975 843 3039 multa
875 2986 954 3038 sunt
987 2971 1075 3054 apud
1106 2986 1255 3039 auctores
1275 2971 1310 3038 irr

135 3103 203 3148 eam
216 3083 420 3150 sententiam.
465 3085 578 3150 Altera
607 3100 656 3151 est
677 3085 806 3151 obrem
827 3103 997 3165 suam,ex
1019 3085 1092 3168 lege
1112 3082 1257 3149 secunda
1279 3095 1308 3147 ⁵:

135 3195 222 3262 unde
247 3215 314 3261 non
336 3195 484 3263 resistere
505 3195 663 3262 duntaxat
684 3193 783 3277 licet,
807 3215 921 3261 verum
946 3193 1041 3260 etiam
1066 3193 1215 3280 deJicere.
1240 3193 1309 3261 Res

135 3321 242 3372 autem
274 3306 484 3391 intelligenda
519 3321 568 3376 est
600 3326 667 3373 non
690 3320 817 3372 tantum
841 3304 1039 3390 corporalis,
1062 3306 1119 3372 sed
1139 3305 1194 3391 jus
1214 3305 1309 3372 etiam

135 3435 229 3484 omne
271 3432 370 3502 atque
403 3418 484 3485 adeo
506 3418 593 3485 bona
616 3415 722 3499 fama,
757 3437 841 3501 quae
864 3416 960 3483 bonis
980 3419 1055 3503 jure
1077 3417 1210 3500 propria
1234 3431 1308 3497 est,

137 3550 269 3612 quaque
301 3527 433 3613 spoliari
464 3529 596 3596 minime
628 3527 757 3596 debent.
808 3528 946 3612 Tertia,
979 3548 1062 3611 quae
1096 3549 1114 3593 a
1144 3527 1310 3611 plerisque

138 3639 255 3709 omissa
279 3655 352 3722 est,
387 3641 429 3707 ob
458 3641 604 3707 debitum
630 3661 668 3706 ex
691 3654 861 3707 contractu
884 3654 941 3706 aut
961 3639 1059 3706 simili
1081 3638 1217 3708 ratione.
1244 3639 1310 3706 Sed

138 3749 257 3818 idcirco
280 3752 488 3835 praeteritum
511 3753 573 3818 hoc
597 3768 678 3836 puto
702 3773 720 3818 a
743 3751 933 3834 nonnullis,
958 3751 1036 3834 quia
1059 3765 1092 3817 et
1112 3750 1204 3834 quod
1215 3750 1310 3818 nobis

137 3963 330 3978 -——-

170 4129 178 4164 ¹
197 4132 277 4182 Arist.
296 4135 328 4182 de
351 4147 415 4182 mor.
439 4137 470 4184 ad
496 4133 598 4184 Nicom.
616 4135 634 4182 l.
654 4143 676 4190 3.
695 4145 718 4181 c.
743 4145 781 4181 ιο.
802 4129 839 4197 [p.
860 4143 932 4190 ιι35.
953 4145 974 4180 ι.
993 4145 1030 4181 vs.
1052 4129 1102 4195 15·]
1123 4131 1183 4180 lnst.
1202 4131 1233 4178 de
1251 4128 1310 4186 just.

140 4229 163 4268 et
179 4219 242 4278 iure.
265 4222 292 4271 in
314 4238 355 4284 pr.
380 4225 412 4286 [l.
434 4239 452 4274 1.
475 4223 510 4289 1.]
546 4221 557 4256 ²
574 4225 632 4273 Pan.
651 4224 677 4272 in
695 4238 719 4272 c.
737 4223 812 4272 sicut.
829 4226 859 4272 de
877 4220 981 4280 jureiur.
1001 4223 1139 4284 [Decretol.
1158 4235 1181 4269 o.
1198 4233 1237 4281 24.
1256 4219 1307 4283 ap]

140 4323 162 4358 ιι.
181 4325 218 4361 12.
236 4311 305 4361 vict.
327 4316 359 4363 de
381 4312 437 4371 jure
460 4315 531 4364 belli.
555 4329 580 4364 n.
604 4329 644 4363 ar.
678 4313 688 4347 ³
707 4316 738 4365 de
756 4328 810 4375 rep.
828 4317 844 4362 l.
864 4327 886 4372 3.
904 4315 940 4376 [c.
960 4325 1000 4371 23.
1017 4314 1037 4375 5.
1058 4311 1107 4375 18.]
1127 4326 1168 4372 ap.
1186 4311 1310 4360 Isidorum

144 4399 221 4465 [orig.
238 4407 256 4452 l.
277 4407 315 4454 ιθ.
334 4419 357 4454 c.
377 4405 411 4468 1.]
446 4401 457 4438 ⁴
476 4403 537 4468 [pro
556 4405 656 4455 Milone
674 4421 695 4454 o.
709 4419 734 4467 4.
747 4408 769 4464 5.
785 4404 821 4469 9.]
858 4403 869 4436 ⁸
887 4406 904 4453 l.
926 4417 949 4462 3.
963 4408 984 4464 §-
1002 4416 1057 4452 cum
1071 4403 1156 4464 igitur.
1171 4401 1196 4450 ff.
1207 4400 1309 4452 deviet

143 4491 168 4540 vi
184 4492 283 4544 mmdta.
303 4496 347 4558 [D.
359 4509 400 4558 43.
421 4496 459 4544 16.
473 4508 496 4554 3.
512 4497 533 4557 §.
548 4497 584 4558 9.]
604 4510 626 4546 c.
644 4495 747 4554 justum.
768 4495 855 4560 [Decr.
874 4496 941 4545 Grat.
957 4509 983 4555 p.
1000 4509 1023 4543 a.
1040 4507 1080 4552 23.
1098 4507 1121 4542 u.
1141 4491 1174 4556 ι.]

1143 4583 1180 4662 5*
