3362 5504
351 644 413 720 278
644 659 691 705 nu
715 657 808 726 June
833 657 1016 707 nunaunt.
1040 657 1120 705 cnr.
1144 657 1224 706 run.

350 810 405 877 illa
426 827 539 894 pacata
561 833 619 896 per
640 813 764 880 Indiam
786 813 920 880 vivendi
941 814 1049 894 ratio,
1073 832 1171 896 quam
1192 811 1304 880 Batavi
1328 813 1405 879 dum
1427 812 1528 880 licuit

350 925 591 1005 observarunt,
615 925 766 992 Lusitani
791 925 1017 1009 interrupere,
1041 943 1115 990 cum
1139 926 1221 991 satis
1245 939 1396 1004 constet,
1420 922 1527 991 finitis

352 1051 408 1100 aut
430 1035 564 1103 violatis
592 1037 759 1118 induciis,
791 1039 914 1104 bellum
937 1055 1004 1102 non
1025 1055 1149 1103 novum
1170 1037 1229 1102 sed
1251 1037 1342 1119 quod
1361 1049 1435 1100 ante
1458 1033 1528 1104 fuit

352 1147 477 1214 censeri
490 1195 502 1228 ‚
518 1168 625 1230 neque
637 1168 721 1232 opus
732 1151 799 1214 ulla
811 1148 994 1214 indictione
1007 1153 1027 1215 ¹.
1052 1149 1261 1232 Quamquam
1273 1167 1349 1212 sane
1362 1148 1525 1213 ethorum

350 1257 477 1325 ratione
506 1259 628 1327 decreti
657 1263 768 1328 locum
801 1259 928 1326 obtinet
951 1259 1093 1326 edictum
1113 1259 1125 1296 ¹
1144 1259 1185 1324 ab
1209 1257 1391 1326 Ordinibus
1412 1256 1526 1324 foede-

351 1385 492 1436 ratarum
515 1371 620 1456 Belgii
647 1370 817 1438 nationum
846 1371 1073 1455 publicatum,
1108 1390 1176 1454 quo
1200 1370 1286 1437 bona
1314 1369 1423 1436 omnia
1445 1370 1526 1436 sub·

194 1496 250 1595 Vple
267 1498 337 1596 2331:
351 1481 495 1548 dirorum
524 1482 592 1568 regi
623 1483 802 1565 Hispaniae
826 1484 961 1566 praedae
992 1483 1105 1549 cedere
1131 1482 1301 1567 jubentur.
1346 1481 1526 1547 Actionem

193 1604 241 1650 111.
252 1617 275 1665 p.
290 1606 310 1651 1.
351 1606 458 1658 autern
491 1594 574 1659 hanc
603 1594 753 1660 bellicam
785 1614 851 1660 non
881 1613 952 1660 esse
982 1613 1140 1679 egressam
1159 1594 1243 1678 juris
1265 1592 1318 1659 sui
1340 1591 1461 1658 limites
1486 1611 1527 1658 ex

351 1703 404 1768 his
425 1718 581 1788 apparet,
606 1706 744 1787 quaein
769 1707 857 1772 bello
880 1705 1009 1789 privato
1032 1705 1287 1771 examinavimus
1298 1704 1320 1770 ³.
1345 1704 1525 1770 Ostensum

352 1814 438 1879 enim
458 1831 508 1881 est
525 1818 595 1882 sola
615 1816 752 1897 damna,
776 1838 861 1899 quae
884 1817 1060 1883 Hollandis
1080 1816 1231 1883 Lusitani
1253 1816 1458 1895 intulerunt,
1482 1833 1527 1880 ex

352 1924 414 1990 ista
440 1927 559 2009 praeda
577 1947 643 1994 non
662 1947 759 2011 posse
781 1929 940 1994 resarciri.
988 1929 1124 2015 Quanto
1144 1927 1247 2012 igitur
1264 1929 1340 2010 plus
1358 1926 1444 2010 J’uris
1464 1945 1527 2008 pu·

353 2038 443 2104 tandi
476 2055 554 2105 sunt
582 2039 723 2107 Ordines
755 2040 932 2122 habuisse,
967 2039 1024 2122 qui
1046 2054 1078 2106 et
1097 2039 1153 2103 illa
1172 2037 1242 2122 ipsa
1261 2038 1376 2104 damna
1396 2037 1527 2122 exigere

352 2164 555 2231 potuerunt,
590 2165 623 2216 et
651 2151 712 2216 alia
735 2151 868 2234 omnia,
894 2171 978 2234 quae
1001 2150 1089 2216 cives
1113 2149 1165 2214 sui
1195 2164 1301 2214 totum
1323 2168 1380 2232 per
1413 2150 1525 2214 orbem

352 2279 389 2323 ac
411 2260 584 2343 praecipue
606 2262 740 2328 navium
763 2262 796 2328 in
817 2261 988 2328 Lusitania
1000 2259 1315 2345 apprehensionibus
1328 2259 1416 2343 passi
1428 2274 1526 2340 sunt,

353 2385 386 2435 et
407 2386 570 2453 praeterea
589 2375 746 2438 mulctare
766 2373 927 2457 condigne
947 2376 1167 2440 totmalorum
1181 2371 1341 2451 artifices,
1359 2384 1525 2453 tamquam

354 2481 441 2547 bello
473 2482 600 2565 judices
630 2483 822 2563 constituti,
846 2505 882 2549 ac
906 2485 1010 2552 totius
1033 2485 1066 2550 in
1088 2485 1255 2567 Hispanos
1273 2481 1350 2548 belli
1371 2483 1528 2548 immensa

194 2592 408 2720 fazfolrfoltltffilla
430 2593 599 2677 dispendia
621 2615 638 2660 a
662 2595 832 2661 Lusitanis
853 2615 919 2662 non
943 2595 1052 2664 minus
1072 2616 1169 2678 quam
1194 2596 1233 2662 ab
1246 2594 1317 2659 aliis
1328 2594 1525 2678 reposcere?

353 2705 475 2788 Neque
498 2705 539 2772 de
561 2707 709 2790 personis
729 2709 796 2773 ulla
827 2721 927 2774 restat
954 2707 1139 2788 dubitati0‚
1164 2727 1237 2774 cum
1269 2705 1410 2790 Hispani
1432 2707 1528 2772 theo-

354 2816 422 2901 logi
439 2815 451 2852 *
471 2817 641 2884 verissima
659 2818 703 2884 sit
723 2819 802 2884 haec
821 2819 984 2885 sententia
1004 2834 1038 2884 et
1057 2820 1097 2884 ab
1121 2819 1274 2885 omnibus
1297 2818 1527 2901 comprobata,

354 2928 381 2993 si
414 2929 525 2996 hostes
545 2929 654 2995 nolint
676 2930 847 2998 restituere
868 2930 920 3010 id,
945 2930 1037 3013 quod
1059 2930 1180 2997 debent
1202 2944 1235 2996 et
1256 2949 1321 2996 non
1343 2928 1450 3012 possit
1470 2927 1527 3011 qui

353 3041 460 3107 laesus
490 3057 540 3107 est
570 3041 702 3108 aliunde
731 3043 902 3108 commode
932 3061 1143 3126 recuperare,
1179 3041 1399 3124 undecunque
1433 3039 1529 3108 satis·
1595 3100 1597 3102 ,
1670 3123 1671 3140 ¹

353 3151 527 3219 factionem
551 3173 648 3237 posse
670 3153 837 3237 accipere,
862 3153 931 3219 sive
952 3173 970 3219 a
992 3152 1208 3234 nocentibus,
1233 3152 1303 3219 sive
1319 3153 1360 3218 ab
1373 3152 1530 3218 innocen·

352 3265 453 3330 tibus.
507 3265 554 3331 Ut
586 3269 638 3347 si,
669 3265 800 3348 inquit,
834 3265 982 3330 latrones
1016 3263 1114 3330 Galli
1134 3265 1286 3350 fecerint
1311 3263 1462 3350 praedas
1492 3266 1528 3328 in

354 3396 476 3462 agrum
499 3377 747 3463 Hispanorum,
772 3390 803 3441 et
828 3397 890 3440 rea
915 3376 1126 3441 Francorum
1148 3376 1232 3441 nolit
1254 3396 1366 3463 cogere
1385 3375 1462 3440 illos
1482 3374 1532 3441 ad

354 3489 599 3551 restitutionem
629 3509 702 3552 cum
717 3492 845 3575 possit,
863 3501 1003 3575 possunt
1026 3489 1172 3573 Hispani
1194 3490 1403 3552 auctoritate
1423 3487 1530 3551 Prin-

352 3601 435 3684 cipis
458 3599 602 3685 spoliare
625 3613 825 3664 mercatores
856 3597 974 3664 Gallos
1005 3613 1068 3662 aut
1089 3598 1257 3684 agricolas
1281 3611 1528 3682 quantamcun-

353 3729 415 3793 que
446 3713 650 3776 innocentes:
684 3714 766 3796 quia
798 3711 876 3775 licet
896 3709 993 3794 forte
1010 3731 1032 3774 a
1056 3712 1227 3794 principio
1255 3707 1443 3795 respublica
1466 3723 1528 3774 aut

352 3820 515 3907 Princeps
539 3819 719 3888 Gallorum
740 3820 935 3905 confuerit
962 3823 999 3884 in
1030 3819 1149 3906 culpa,
1173 3821 1251 3905 jam
1278 3833 1325 3884 est
1347 3820 1527 3906 inculpa,

355 3936 437 4018 quia
471 3933 612 4020 negligit
644 3931 843 4014 uindicare,
878 3945 916 3996 ut
946 3935 999 3997 ait
1020 3931 1252 4018 Augustinus,
1276 3930 1365 4016 quod
1382 3932 1528 4017 improbe

354 4065 376 4108 a
399 4047 467 4109 suis
481 4043 617 4127 factum
640 4057 711 4108 est:
731 4056 763 4107 ct
786 4043 947 4128 Princeps
969 4042 1076 4107 laesus
1092 4055 1255 4128 peterten
1277 4045 1365 4106 omni
1385 4041 1527 4107 membro

387 4328 395 4360 ¹
415 4329 492 4376 Mart.
516 4329 594 4376 Laud.
617 4329 649 4376 de
665 4327 744 4383 bello.
767 4341 791 4376 n.
817 4341 857 4390 29.
875 4327 906 4374 V.
925 4303 1064 4375 Gentelib.
1084 4339 1108 4373 α.
1127 4339 1150 4373 c.
1169 4339 1193 4373 a.
1227 4321 1238 4357 ¹
1255 4326 1294 4373 De
1312 4339 1364 4386 quo
1383 4325 1445 4375 vide
1463 4325 1527 4374 infra

354 4418 380 4467 in
404 4429 475 4480 parte
500 4431 556 4478 cap.
580 4420 698 4468 secunda.
732 4415 743 4450 ⁸
768 4419 799 4466 V.
824 4432 847 4466 c.
874 4431 912 4465 12.
937 4429 1042 4465 examen
1067 4429 1099 4465 ex
1117 4418 1208 4466 eodem
1227 4416 1344 4466 articulo.
1378 4414 1477 4466 *vicu
1496 4417 1526 4464 de

353 4508 408 4566 iure
427 4509 497 4558 belli.
515 4522 540 4556 n.
557 4522 600 4570 41.
