3310 5482
576 1717 927 1804 PRAEFATIO.

666 2078 850 2090 --—---..

205 2339 343 2412 Hugonis
363 2341 463 2399 Grotii
485 2340 631 2412 codicem,
652 2343 705 2416 qui
731 2359 810 2402 nunc
831 2343 954 2416 primum
976 2341 1091 2412 editur,
1111 2354 1238 2417 quatuor
1259 2345 1340 2403 annis

162 2444 274 2502 abhinc
304 2444 418 2504 viderat
451 2461 552 2517 nemo,
585 2464 640 2505 nec
672 2447 824 2521 quisquam
853 2465 993 2506 summum
1015 2448 1111 2507 virum
1132 2449 1239 2522 viginti
1259 2450 1341 2507 annis

161 2549 356 2623 priusquam
378 2566 451 2624 opus
471 2549 507 2608 de
528 2551 592 2624 iure
613 2550 682 2609 belli
704 2567 737 2608 ac
758 2551 836 2625 pacis
857 2550 974 2621 ederet,
989 2550 1026 2610 de
1044 2551 1107 2626 jure
1117 2551 1239 2626 praedae
1250 2554 1339 2627 scrip·

162 2653 234 2709 sisse
256 2653 374 2712 sciebat.
415 2654 479 2728 lpse
500 2655 530 2712 in
553 2654 635 2712 libris
654 2655 711 2713 suis
732 2665 762 2714 et
784 2656 913 2729 epistolis
934 2654 970 2714 de
990 2657 1045 2715 hoc
1062 2672 1151 2731 opere
1168 2668 1254 2715 tacet.
1278 2657 1339 2716 Res

163 2756 292 2828 primum
323 2758 469 2829 innotuit,
499 2775 564 2817 cum
597 2775 674 2817 anno
708 2759 785 2834 1864
814 2762 961 2833 catalogus
986 2759 1097 2834 prodiit
1118 2759 1260 2819 librorum
1282 2777 1340 2819 ma-

162 2861 404 2934 nuscriptorum,
435 2863 485 2935 qui
513 2861 657 2936 quondam
696 2863 795 2922 Grotii
833 2863 965 2932 fuerant,
997 2881 1070 2937 quos
1101 2864 1262 2938 bibliopola
1293 2865 1340 2924 Μ.

163 2963 287 3036 Nijhoff
304 2965 421 3039 publice
444 2966 542 3040 Hagae
565 2965 715 3025 Comitum
737 2965 910 3025 venditurus
931 2979 1008 3025 erat:
1030 2969 1059 3025 in
1082 2968 1125 3025 his
1146 2979 1261 3042 praeter
1271 2969 1339 3026 alias

161 3068 280 3126 chartas
301 3070 420 3127 minoris
440 3071 529 3144 pretii
551 3071 762 3145 autographum
776 3071 984 3129 Commentarii
1006 3068 1042 3128 de
1062 3070 1126 3144 jure
1146 3069 1267 3145 praedae
1285 3088 1338 3130 nu·

163 3172 341 3231 metabatur.
381 3174 447 3231 Viri
469 3172 549 3233 docti
571 3175 602 3232 in
625 3173 780 3234 Academia
801 3174 1072 3249 Lugduno·Batava
1092 3191 1151 3233 non
1162 3175 1246 3233 facile
1255 3173 1339 3248 quid-

162 3293 252 3350 quam
271 3277 439 3351 negligunt,
461 3277 539 3350 quod
560 3276 595 3335 ad
617 3279 691 3337 tanti
712 3280 770 3362 viri
792 3280 892 3338 famam
914 3280 1075 3353 pertineat:
1094 3280 1191 3353 itaque
1208 3291 1238 3338 et
1256 3297 1337 3338 nunc

163 3397 284 3455 operam
303 3379 461 3464 dederunt,
482 3392 515 3440 ut
545 3381 641 3441 codex
670 3384 719 3441 ille
748 3383 948 3442 Bibliothecae
977 3382 1166 3442 Academicae
1186 3395 1339 3442 emeretur.

164 3485 258 3542 Liber
282 3487 376 3559 magni
406 3487 544 3545 momenti
571 3499 650 3557 erat,
677 3499 707 3545 et
735 3486 831 3561 quod,
860 3498 894 3545 ut
916 3488 1040 3561 catalogi
1071 3498 1174 3546 auctor
1202 3487 1258 3560 jam
1279 3487 1340 3544 ani·

163 3589 378 3661 madverterat,
399 3602 501 3648 notum
529 3591 591 3664 ejus
616 3591 701 3649 Mare
719 3591 841 3650 liberum
863 3592 947 3665 huius
971 3592 1180 3650 Commentarii
1201 3589 1339 3650 duodeci-

166 3710 246 3751 mum
266 3706 353 3767 caput
372 3710 431 3752 esse
453 3694 626 3769 apparebat,
648 3707 678 3753 et
704 3696 821 3769 insuper
841 3697 908 3770 quia
929 3695 967 3753 ob
989 3697 1083 3770 ipsum
1104 3696 1199 3769 operis
1220 3696 1339 3753 titulum

165 3798 197 3854 in
229 3809 348 3870 promtu
381 3810 443 3856 erat
473 3799 628 3873 suspicari,
659 3802 763 3858 multas
794 3799 975 3872 quaestiones
996 3799 1037 3858 ibi
1060 3800 1194 3874 tractari,
1215 3815 1289 3873 quae
1310 3810 1339 3858 et

166 3903 196 3958 in
219 3902 297 3959 libro
316 3903 376 3976 eius
399 3901 435 3960 de
455 3902 519 3976 jure
540 3903 609 3962 belli
630 3920 663 3962 ac
684 3904 764 3977 pacis
786 3905 1015 3978 explicarentur.

208 4007 247 4063 V.
270 4007 317 4064 Cl.
340 4007 369 4064 S.
390 4007 586 4081 Visseringius
617 4009 728 4081 primus
760 4006 790 4064 id
811 4009 851 4065 ita
879 4024 908 4065 se
935 4008 1039 4066 habere
1066 4006 1218 4066 affirmavit
1246 4008 1276 4066 in
1305 4007 1339 4065 iis
1442 3989 1443 3994 ἵ

168 4126 244 4183 quae
266 4109 301 4168 de
323 4111 422 4168 Grotii
443 4127 532 4185 opere
553 4112 689 4185 exposuit
711 4111 882 4170 Academiae
904 4111 1013 4185 Regiae
1036 4111 1225 4170 Scientiarum
1247 4111 1340 4170 Neer·

165 4212 306 4272 landicae.
349 4211 614 4292 (VideVerslagen
637 4233 672 4274 en
689 4214 941 4289 Mededeelingen.
963 4213 1340 4289 AfdeelingLetterkunde.

168 4317 242 4376 Deci
276 4319 329 4375 lx.
355 4336 384 4392 p.
417 4333 482 4393 145.
511 4317 617 4397 vlgg.).
664 4321 690 4376 ls
717 4332 810 4378 tamen
832 4337 890 4378 non
913 4331 1045 4379 constare
1067 4321 1120 4377 sibi
1141 4319 1283 4390 declarat,
1302 4338 1338 4383 an

170 4421 245 4480 liber
271 4423 355 4480 etiarn
385 4441 463 4482 nunc
491 4435 634 4483 mereatur
655 4422 719 4482 cdi:
739 4441 813 4497 opus
834 4425 911 4483 enim
933 4425 1003 4499 sibi,
1024 4436 1058 4484 ut
1079 4435 1157 4484 recte
1178 4425 1231 4483 hac
1251 4423 1286 4484 de
1308 4442 1340 4485 re
