3316 5494
322 605 382 684 156
634 623 682 670 nr
704 621 799 691 June
826 583 1013 669 insensu.
1039 619 1122 670 cnr.
1145 625 1184 673 x.
1212 695 1214 700 Ι

319 775 414 842 etiam
437 776 507 842 sine
528 778 626 860 culpa
648 775 753 842 amitti
773 778 920 858 soleant,
944 791 982 843 ut
992 775 1033 841 de
1044 777 1139 860 equis
1150 777 1265 844 scribit
1276 777 1459 846 Marcellus
1471 787 1492 845 ¹.

319 888 392 953 Nee
409 888 519 955 minus
538 888 671 955 evidens
692 902 763 969 est,
783 908 844 953 cur
863 907 903 954 ex
923 888 986 954 hoc
1009 907 1121 955 rursus
1134 889 1249 957 ordine
1261 889 1359 955 eximi
1370 889 1494 956 debue-

320 999 386 1066 rint
406 1019 464 1083 ea,
487 1019 571 1084 quae
592 999 663 1068 siue
683 999 809 1084 flagitio
830 1017 896 1065 non
917 1000 1138 1081 amittuntur,
1162 1015 1200 1068 ut
1223 1019 1308 1067 mma
1331 1001 1449 1068 militis
1468 1006 1493 1066 ².

321 1112 407 1177 Cum
427 1130 584 1192 vemet,
606 1131 691 1193 quae
714 1110 750 1177 in'
759 1110 965 1193 postliminio
977 1126 1075 1192 sunt,
1099 1131 1196 1196 saepe
1208 1113 1391 1179 mutatione
1404 1131 1495 1178 com-

320 1222 514 1288 merciorum
545 1223 586 1289 ad
608 1223 690 1288 alios
714 1222 901 1289 earumdem
923 1222 1088 1307 partium,
1110 1241 1178 1289 non
1203 1238 1329 1290 veteres
1342 1223 1496 1290 dominos

320 1333 512 1417 perveniant
529 1340 564 1415 ⁸,
596 1351 692 1399 causa
724 1347 762 1399 ut
789 1332 929 1401 dicimus
953 1353 1116 1427 onerosa,
1140 1335 1289 1418 aequitas
1314 1334 1400 1401 inter
1420 1353 1496 1402 eum

321 1445 378 1529 qui
407 1445 559 1512 dominus
590 1444 654 1511 fuit
682 1458 715 1511 et
746 1465 819 1511 enm
843 1445 901 1528 qui
924 1446 1066 1530 pretium
1090 1446 1181 1513 dedit
1204 1446 1249 1512 ita
1271 1443 1339 1513 fuit
1363 1445 1497 1529 dispen-

321 1556 441 1638 sanda,
474 1571 513 1623 ut
542 1556 597 1623 ille
629 1576 695 1623 rem
726 1577 818 1624 suam
852 1557 997 1641 recipere
1017 1573 1130 1641 posset
1148 1557 1228 1625 huic
1248 1557 1390 1640 pretium
1414 1557 1498 1623 offe·

321 1668 436 1734 rendo.
459 1668 540 1735 Non
562 1683 669 1735 tamen
690 1668 770 1734 haec
791 1667 918 1749 omnia,
943 1684 981 1735 ut
1000 1669 1034 1734 in
1055 1670 1207 1737 Romano
1223 1671 1297 1755 jure
1316 1669 1499 1738 constituta

321 1795 418 1863 sunt,
442 1779 487 1845 ita
500 1779 622 1863 ubique
635 1780 732 1847 hodie
742 1781 969 1847 observantur.
992 1781 1099 1863 Nam,
1112 1795 1150 1848 ut
1161 1783 1345 1864 exemplum
1357 1781 1497 1861 demus,

322 1911 422 1959 naves
455 1892 620 1976 plerisque
653 1890 687 1958 in
720 1890 804 1960 locis
837 1891 1076 1976 postliminium
1105 1909 1172 1959 non
1195 1894 1339 1974 habent,
1363 1891 1423 1960 sed
1445 1892 1495 1958 in-

323 2003 505 2070 continenti
539 2003 668 2070 demum
703 2018 851 2087 receptae
888 2017 970 2084 aut,
1004 2004 1195 2088 priusquam
1231 2004 1316 2070 intra
1349 2003 1497 2070 hostium

323 2114 483 2199 praesidia
502 2114 661 2184 abductae
681 2129 775 2193 sunt,
798 2114 838 2179 ad
858 2130 988 2182 veteres
1005 2115 1159 2183 dominos
1180 2116 1319 2182 redeunt
1339 2114 1500 2200 praestito

324 2226 547 2311 receptoribus
578 2225 776 2308 honorario,
807 2225 853 2291 ita
882 2239 921 2291 ut
951 2227 1006 2313 jus
1027 2226 1161 2294 navium
1184 2242 1217 2293 et
1236 2227 1394 2293 mercium
1413 2225 1498 2293 nihil

325 2337 471 2404 differat:
504 2337 596 2421 quod
626 2337 659 2403 in
689 2337 984 2406 constitutionibus
1015 2337 1155 2406 Gallicis
1184 2353 1284 2421 atque
1313 2337 1438 2404 Italicis
1457 2338 1499 2403 de

324 2470 358 2515 re
389 2449 576 2515 maritima⁴
596 2448 708 2516 videre
740 2464 802 2518 est.
848 2450 895 2516 Et
925 2450 1004 2516 haec
1027 2450 1160 2534 quidem
1184 2448 1326 2516 remedia
1349 2449 1383 2516 in
1405 2468 1498 2528 rem,

324 2577 363 2629 ut
384 2561 571 2643 indicam,
593 2562 722 2646 prodita
736 2578 827 2628 sunt.
851 2562 938 2628 Nam
951 2561 1093 2628 rebusin
1105 2559 1300 2646 potestatem
1312 2575 1496 2627 nostrarum

324 2657 465 2758 partium
500 2694 566 2740 non
599 2673 761 2756 redactis,
797 2689 834 2741 ut
866 2673 997 2740 aliunde
1017 2674 1177 2758 jacturam
1199 2672 1400 2752 sarciamus,
1425 2674 1498 2756 lege

326 2787 475 2853 Romana
485 2785 702 2852 constitutum
715 2804 781 2851 non
795 2800 860 2851 est:
874 2785 966 2868 quod
977 2785 1083 2870 ipsum
1096 2785 1263 2867 hodieque
1275 2784 1497 2862 observamus,

326 2897 390 2965 nisi
423 2911 585 2981 quatenus
616 2912 707 2964 extra
727 2897 873 2964 ordinem
896 2896 1059 2963 interdum
1083 2895 1211 2962 affectis
1233 2895 1351 2963 damno
1373 2909 1497 2961 certum

327 3009 410 3093 quid
430 3029 469 3075 ex
491 3009 609 3094 praeda
632 3009 788 3093 capienda
810 3007 1017 3094 assignatur,
1043 3027 1126 3090 quae
1146 3022 1225 3074 sunt
1242 3008 1337 3090 quasi
1357 3008 1391 3073 in
1410 3008 1499 3073 bello

327 3122 545 3205 repressaliae.
592 3120 720 3205 Operae
750 3135 857 3186 autem
888 3119 1026 3187 bellicae
1057 3120 1236 3204 praemium
1266 3121 1356 3186 nulla
1390 3139 1430 3184 ex
1466 3139 1500 3184 re

327 3233 468 3313 utilius,
497 3251 594 3313 quam
626 3252 665 3297 ex
697 3232 815 3315 praeda
835 3231 1041 3298 dissolvitur.
1084 3232 1172 3297 Nam
1192 3231 1238 3298 ita
1261 3245 1294 3296 et
1312 3230 1499 3313 respublica

328 3358 472 3410 sumtum
505 3363 573 3410 non
605 3341 686 3409 facit
718 3358 750 3410 ct
779 3344 886 3410 hostis
918 3343 1181 3428 depauperatur‚
1216 3341 1426 3427 flagrantiore
1459 3340 1499 3406 ad

329 3469 446 3523 cuncta
473 3455 599 3535 milite,
632 3453 690 3538 qui
721 3455 802 3521 sciat
834 3455 929 3520 etiam
961 3454 1025 3522 sibi
1046 3475 1082 3522 se
1101 3454 1242 3521 vincere.
1287 3451 1365 3519 Non
1389 3468 1497 3518 autem

329 3566 434 3634 omnis
458 3568 576 3650 praeda
599 3566 802 3652 assignatur,
826 3565 881 3651 (id
904 3565 989 3633 enim
1011 3565 1148 3631 nimium
1171 3563 1274 3650 foret)
1296 3564 1354 3630 sed
1373 3578 1498 3630 certum

329 3679 466 3763 aliquod
497 3699 599 3764 genus
630 3680 743 3764 ejusve
764 3698 859 3762 pars,
884 3677 982 3761 idque
1007 3698 1041 3745 ea
1075 3679 1147 3762 lege
1178 3691 1216 3743 ut
1238 3675 1331 3759 quod
1354 3675 1499 3758 quisque

329 3790 451 3875 ceperit
481 3812 521 3858 ex
553 3794 650 3859 hoste
682 3791 716 3856 id
744 3811 841 3857 suum
864 3790 972 3856 faciat.
1019 3789 1094 3855 Hoc
1115 3787 1214 3854 modo
1238 3786 1398 3853 incertum
1422 3786 1500 3853 belli

329 3903 512 3986 periculum
542 3903 666 3970 incerto
687 3901 832 3968 visissim
854 3901 1029 3968 commodo
1048 3899 1237 3983 rependitur
1256 3898 1278 3963 ⁵.
1323 3897 1502 3985 Quidquid

171 4028 369 4096 merope-ex
400 4015 458 4080 tali
488 4013 823 4100 legisassignatione
856 4013 896 4078 ad
927 4012 1076 4097 singulos
1108 4010 1280 4095 pervenit,
1313 4009 1446 4094 proprie
1470 4026 1502 4074 et

167 4082 308 4146 '’mm''
329 4126 487 4210 peculiari
509 4127 651 4209 quodam
675 4125 863 4212 significatu
881 4125 975 4190 vocis
994 4123 1142 4206 alioquin
1165 4121 1346 4208 generalis,
1367 4120 1500 4207 pracda

328 4282 528 4294 η...-

365 4351 417 4402 ¹d.
435 4355 451 4402 l.
471 4367 495 4405 a.
528 4351 658 4403 ²ibidem.
693 4350 738 4401 ¹1.
763 4351 788 4401 in
813 4352 892 4400 bello.
917 4354 938 4410 ς.
962 4350 984 4401 sl
1011 4349 1068 4411 quis
1087 4361 1198 4398 servum.
1216 4346 1241 4394 ff.
1261 4348 1292 4396 de
1310 4356 1378 4406 rapt.
1398 4343 1443 4410 [D.
1460 4357 1500 4407 49.

335 4455 372 4499 15·
393 4457 432 4493 η.
458 4449 478 4505 5.
504 4447 542 4508 7.]
577 4444 588 4477 ⁴
613 4448 701 4494 const.
720 4446 785 4493 Gall.
809 4441 852 4492 lib.
872 4457 912 4492 20.
930 4441 969 4490 tlt.
991 4453 1031 4500 13·
1049 4452 1095 4489 art.
1114 4453 1153 4502 24.
1172 4440 1276 4488 Consul.
1294 4436 1379 4487 maris.
1396 4451 1420 4487 c.
1445 4439 1500 4494 287.

331 4534 374 4583 ⁸1.
391 4549 498 4598 semper.
516 4541 537 4597 5.
555 4536 735 4610 negotiatores.
751 4536 778 4585 tf.
796 4537 828 4584 de
846 4532 902 4594 jure
920 4533 988 4583 imm.
1008 4531 1054 4596 [D.
1074 4543 1113 4589 50.
1133 4532 1157 4582 ⁶.
1177 4542 1200 4588 s.
1218 4533 1241 4589 l.
1260 4527 1298 4593 3.]
