3310 5482
320 630 359 698 14
628 631 676 682 nr
698 623 1002 700 June-ensesue.
1026 626 1107 680 car.
1132 622 1172 680 n.

185 809 236 855 rex
260 809 301 854 ιν.
316 792 427 856 altera:
451 789 506 855 Ne
529 792 602 876 quis
625 801 757 876 occupet
779 787 885 854 elteri
907 799 1078 874 oeeteepeata.¹
1123 785 1214 853 Haec
1242 788 1294 851 lex
1324 785 1488 852 abstineu-

315 902 398 982 tiae,
422 903 477 970 illa
499 902 705 970 innocentiae
723 915 790 968 est:
809 899 884 968 inde
905 900 994 968 vitae
1012 897 1169 966 securitas
1183 892 1312 979 oritur,
1329 899 1408 964 lriirc
1429 899 1489 965 do-

314 1014 489 1082 miniorum
511 1014 696 1094 distinctio,
715 1013 1030 1094 celeberrimumque
1054 1009 1138 1076 illud
1160 1011 1275 1076 Meum
1294 1024 1327 1074 et
1346 1010 1451 1076 Tuum
1466 1009 1487 1078 ¹.

314 1128 361 1193 Et
387 1129 450 1193 hoc
482 1141 531 1194 est
561 1126 666 1209 illud,
698 1145 766 1208 quo
788 1139 915 1192 veteres
934 1120 945 1156 ¹
964 1139 1198 1208 respexerunt,
1230 1143 1303 1188 cum
1334 1121 1485 1190 Cererem

314 1238 480 1324 legiferam
499 1240 637 1324 ejusque
657 1257 746 1304 sacra
766 1231 1032 1320 Thesmophoria
1043 1236 1177 1318 dixere,
1199 1231 1274 1320 jura
1285 1253 1325 1302 er
1336 1254 1487 1321 agrorum

315 1349 477 1418 divisione
508 1351 640 1418 inventa
662 1348 893 1436 significantes.
938 1349 1035 1415 Ratio
1069 1348 1260 1433 posterioris
1291 1347 1372 1433 legis
1402 1349 1489 1432 apud

314 1462 557 1549 Quintilianum
576 1460 588 1496 ⁸
612 1475 678 1528 cst:
698 1461 737 1526 Si
754 1463 837 1527 hoec
857 1457 1002 1527 conditio
1023 1475 1096 1541 est,
1121 1472 1159 1524 ut
1170 1455 1337 1546 quidquid
1346 1464 1382 1525 in
1395 1482 1487 1526 usum

313 1575 453 1639 hominis
475 1577 570 1638 cessit
587 1577 765 1661 proprium
788 1577 833 1638 sit
864 1573 1038 1655 habentis,
1056 1571 1207 1659 profecto
1230 1571 1395 1657 quidquid
1404 1574 1488 1659 jure

307 1684 498 1773 possidetur
516 1687 649 1771 iep'orin
667 1685 839 1770 aufertur.
875 1683 947 1750 Hac
969 1685 1063 1750 velut
1084 1683 1207 1750 fiducia
1228 1683 1309 1749 inita
1322 1698 1370 1751 est
1380 1685 1489 1750 homi·

305 1817 391 1880 num
414 1796 576 1879 societas,
599 1798 640 1863 ad
651 1815 748 1879 quam
766 1798 867 1862 homo
881 1813 921 1862 ex
932 1796 1086 1863 instituto
1098 1790 1264 1863 Creatoris
1275 1795 1378 1881 magis
1390 1816 1487 1878 quam

313 1922 438 1976 caetera
452 1909 626 1976 animantia
638 1907 802 1976 ferebatur
811 1911 833 1975 ⁴.
858 1908 946 1975 Hinc
958 1914 1000 1980 rie
1010 1910 1182 1993 ξυμβδλαια
1193 1955 1205 1989 ,
1216 1908 1280 1974 hoc
1293 1921 1342 1976 est
1353 1923 1489 1974 mutuae

314 2025 457 2088 actiones
469 2025 698 2109 passionesque
716 2033 810 2087 name
831 2035 933 2103 sunt,
958 2035 991 2086 et
1002 2015 1081 2087 boni
1092 2020 1260 2105 malique,
1283 2021 1334 2088 sui
1348 2033 1380 2086 et
1392 2021 1489 2088 alieni

313 2133 469 2200 mistura:
504 2132 581 2200 hinc
616 2133 699 2198 illud
730 2145 768 2199 ut
799 2135 900 2199 homo
931 2132 1056 2200 homini
1085 2129 1203 2216 Deus,
1240 2135 1338 2200 homo
1362 2134 1489 2200 homini

314 2247 414 2328 lupus
435 2240 608 2312 diceretur.
654 2245 766 2334 Quare
795 2246 924 2330 justitia
953 2244 1008 2310 illa
1031 2237 1233 2313 desideratur
1255 2261 1339 2328 quae
1359 2246 1490 2330 proprie

312 2361 399 2442 iperi
417 2361 556 2436 mensurni
569 2357 604 2440 ⁸,
627 2361 738 2426 uirtus
761 2356 916 2440 socialis,
941 2357 1070 2424 dicitur.
1095 2357 1222 2424 Bonum
1246 2372 1373 2439 autem,
1398 2357 1490 2441 quod

310 2468 440 2552 justitia
462 2470 540 2535 haec
562 2470 694 2536 socialis
717 2470 869 2555 respicit,
890 2470 1142 2553 aequalitatem,
1174 2476 1339 2554 nanno,
1367 2473 1488 2536 malum

314 2580 603 2664 inaequalitatem,
633 2584 823 2664 πλεονεξίαν,
852 2583 1060 2665 appellamus.
1107 2582 1193 2648 Nam
1216 2582 1303 2648 sicut
1325 2581 1359 2648 in
1382 2601 1488 2649 rerum

314 2706 428 2759 natura
461 2693 496 2758 id
521 2693 644 2759 bonum
668 2707 741 2776 est',
766 2693 978 2776 quodquam
999 2694 1138 2758 maxime
1160 2705 1269 2776 potest
1289 2713 1389 2760 sennen
1414 2707 1487 2777 est,

314 2806 359 2870 ita
379 2804 411 2869 in
433 2806 523 2870 omni
535 2805 703 2872 sotietate.
750 2804 863 2873 Unum
887 2819 995 2872 aretem
1020 2805 1217 2889 estprimum
1233 2803 1365 2887 quidem
1378 2801 1487 2886 idem,

315 2918 462 2997 secundo
485 2931 593 2984 autem
617 2918 690 2983 loco
703 2916 921 2984 tantumdem.
968 2918 1079 3005 Quare
1102 2917 1160 2984 ubi
1183 2917 1266 2983 illud
1287 2913 1398 2984 haberi
1422 2933 1489 2983 non

314 3044 423 3114 potest
445 3031 509 3096 hoc
533 3029 689 3096 succedit.
722 3029 943 3096 Tantumdem
965 3044 1072 3096 autem
1093 3030 1214 3114 duplex
1233 3028 1437 3112 est,numeri
1457 3042 1490 3093 et

314 3143 553 3226 proportionis;
587 3143 674 3209 sicut
705 3141 826 3226 viginti
852 3142 1040 3224 quindecim
1062 3155 1093 3209 et
1113 3142 1222 3208 decem
1247 3141 1395 3224 quinque
1418 3139 1488 3223 pari

314 3272 450 3320 numero
462 3269 638 3338 superant,
664 3254 815 3337 quinario
834 3254 983 3338 scilicet,
1005 3270 1038 3322 at
1056 3255 1176 3341 viginti
1193 3255 1304 3320 elecem
1329 3266 1361 3319 et
1378 3251 1487 3318 decem
1510 3275 1515 3284 ·

314 3366 462 3448 quinque
496 3366 565 3450 pari
594 3366 826 3450 proportione,
862 3367 999 3434 dimidio
1030 3367 1183 3434 nimirum
1213 3367 1275 3434 sui.
1321 3365 1488 3432 Numerus

313 3491 439 3544 tantum
473 3492 579 3561 partes
609 3479 694 3544 inter
724 3497 760 3545 se
789 3479 978 3562 componit,
1002 3479 1172 3564 proportio
1192 3495 1298 3562 partes
1321 3479 1362 3543 ad
1381 3491 1487 3544 totum

314 3586 423 3654 refert.
469 3589 584 3672 Itaque
607 3590 642 3655 hi
666 3591 788 3673 quibus
810 3591 949 3676 alicujus
972 3591 1076 3658 totius
1098 3589 1286 3675 procuratio
1309 3589 1499 3671 convenit,-

311 3699 440 3786 justitia
454 3715 601 3772 ,utuntur
620 3704 879 3789 proportionali,
904 3723 988 3788 quae
1012 3721 1043 3771 et
1062 3703 1255 3790 assignatrix
1278 3702 1342 3768 dici
1364 3713 1487 3785 potest.

314 3813 386 3879 Hac
418 3813 651 3898 paterfamilias
675 3816 866 3883 domesticis
899 3817 994 3900 suis,
1026 3835 1087 3901 Pro
1122 3816 1248 3883 diversa
1282 3827 1422 3882 aetatum
1452 3831 1488 3878 ac

314 3926 541 3993 conditionum
568 3927 717 4010 ratione,
748 3927 929 3996 dimensum
968 3947 1175 4014 pensumque
1207 3928 1359 4012 assignat.
1416 3926 1488 3992 Hac

314 4038 407 4106 Deus
438 4039 512 4124 ipse
541 4040 731 4107 universum
767 4042 922 4125 ordinat,
957 4061 1054 4126 quem
1087 4060 1154 4108 non
1178 4041 1242 4107 alio
1274 4059 1371 4106 sensu
1394 4027 1487 4106 Plato

348 4374 391 4426 ¹1.
417 4387 449 4426 ex
469 4379 520 4425 boc
541 4375 605 4433 iure.
629 4375 654 4424 ff.
679 4373 1109 4439 deiun.etjure.[l>.1.1.5.]
1146 4371 1433 4433 ’Macrousatno
1451 4387 1488 4424 ra.

313 4464 1001 4533 ³Declam.1ss[inedL.B.a.1665.p.188.]
1037 4466 1143 4518 ⁴Arist.
1160 4468 1192 4516 de
1205 4479 1259 4528 rep.
1277 4469 1294 4517 l.
1314 4479 1336 4516 r.
1351 4479 1375 4516 c.
1393 4479 1416 4516 a.
1450 4464 1488 4530 [p.

316 4572 386 4618 12⁵3·
406 4574 427 4609 1.
442 4574 479 4611 vs.
499 4557 534 4622 7.]
600 4558 610 4591 ⁵
633 4558 725 4609 Arist.
745 4561 776 4609 de
794 4573 848 4619 rep.
865 4562 881 4607 l.
901 4571 924 4617 s.
940 4573 963 4608 c.
979 4571 1020 4616 131
1040 4558 1078 4622 [p.
1097 4562 1169 4617 aare
1187 4573 1207 4608 a.
1221 4572 1259 4608 vs.
1276 4557 1331 4622 nu]
