3326 5506
455 625 502 670 oa
525 623 619 690 Junr
644 622 830 669 rannone.
856 598 935 669 cnr.
961 623 1026 669 x11.
1253 625 1312 688 231

142 791 261 859 potum
283 797 323 843 ex
343 775 489 843 flumine.
534 776 634 842 Ratio
653 791 785 859 apparet
807 777 908 859 quia,
932 797 1006 843 curn
1034 776 1133 843 unius
1155 776 1201 843 rei
1222 792 1317 844 natu-
1359 788 1362 793 ’

142 887 254 955 raliter
276 906 358 954 usus
375 902 482 954 essent
500 887 640 968 diversi,
661 908 734 953 curn
754 888 911 955 duntaxat
932 903 1044 974 gentes
1063 887 1214 955 divisisse
1235 890 1318 954 inter

142 1019 183 1064 se
202 999 370 1080 videntur,
395 999 453 1081 qui
473 998 543 1065 sine
562 999 760 1082 proprietate
780 1000 948 1065 commode
972 999 1082 1065 haberi
1104 1020 1170 1066 non
1189 1015 1317 1084 posset,

144 1127 261 1177 contra
292 1125 399 1178 autem
432 1130 505 1177 eum
533 1110 718 1193 recepisse,
743 1130 801 1193 per
825 1130 921 1191 quem
946 1109 1070 1176 domini
1093 1111 1240 1177 conditio
1263 1111 1318 1175 de·

142 1222 330 1289 terior'non
351 1237 436 1290 esset
453 1220 572 1287 sutura.
598 1221 721 1286 Omnes
740 1221 842 1304 igitur
861 1219 975 1286 vident
995 1239 1086 1300 eum,
1106 1221 1164 1304 qui
1184 1223 1318 1286 alterum

144 1331 301 1418 navigare
332 1333 527 1416 prohibeat,
559 1334 652 1399 nullo
680 1333 753 1415 jure
778 1331 929 1414 defendi,
953 1353 1027 1398 cum
1052 1333 1199 1399 eumdem
1223 1333 1318 1398 etiam

144 1444 338 1529 injuriarum
370 1444 471 1510 teneri
505 1444 670 1527 Ulpianus
692 1445 699 1482 ¹
721 1443 862 1524 dixerit,
888 1443 943 1509 alii
967 1459 1073 1510 autem
1100 1444 1194 1510 etiam
1219 1444 1319 1510 inter-

148 1556 272 1622 dictum
296 1555 377 1621 utile
399 1554 568 1638 prohibito
594 1570 779 1638 competere
803 1553 1073 1636 existimaverint.
1121 1555 1166 1620 Et
1188 1554 1235 1620 sic
1260 1555 1319 1618 Ba·

149 1679 299 1733 tavorum
323 1666 461 1731 intentio
486 1666 651 1732 communi
672 1666 746 1750 jure
759 1665 899 1746 nititur,
923 1687 998 1732 cum
1011 1665 1173 1732 fateantur
1185 1662 1319 1732 omncs²

148 1779 340 1859 permissum
371 1777 509 1846 cuilibet
540 1777 574 1842 in
605 1777 685 1842 mari
708 1775 861 1861 navigare
885 1776 981 1842 etiam
1006 1797 1024 1841 a
1046 1778 1139 1843 nullo
1168 1767 1320 1858 Principe

151 1887 318 1970 impetrata
350 1887 501 1954 licentia:
535 1887 627 1969 quod
658 1901 690 1952 ct
721 1887 850 1973 legibus
882 1887 1072 1971 Hispanicis
1091 1889 1102 1926 ⁸
1123 1888 1243 1955 diserte
1266 1907 1321 1956 ex·

151 2017 300 2082 pressum
326 2014 386 2066 est.

195 2109 339 2177 Donatio
370 2109 541 2178 Pontificis
573 2107 776 2190 Alexandri,
810 2128 893 2192 quae
921 2129 939 2175 a
962 2108 1133 2176 Lusitanis
1155 2129 1242 2176 mare
1265 2125 1322 2176 aut

148 2222 207 2306 jus
231 2223 405 2308 navigandi
433 2222 514 2290 solis
540 2220 604 2288 sibi
626 2219 897 2300 vindicantibus,
921 2240 995 2287 cum
1018 2220 1218 2287 inventionis
1240 2219 1323 2286 defi-

151 2332 218 2397 ciat
248 2333 390 2414 titulus,
424 2331 569 2400 secundo
601 2333 676 2397 loco
710 2330 828 2397 adduci
860 2345 987 2414 potest,
1010 2330 1091 2398 satis
1113 2349 1152 2398 ex
1176 2330 1215 2398 iis
1239 2351 1323 2413 quae

151 2457 226 2508 ante
257 2444 343 2511 dicta
374 2457 452 2510 sunt
482 2442 634 2510 vanitatis
658 2441 878 2509 convincitur.
921 2441 1066 2508 Donatio
1090 2440 1174 2507 enim
1196 2443 1322 2509 nullum

151 2555 251 2620 habet
272 2569 470 2621 momentum
495 2554 650 2620 inrebus
674 2569 765 2618 extra
787 2551 1016 2619 commercium
1039 2551 1168 2635 positis.
1214 2551 1324 2638 Quare

151 2683 227 2730 cum
260 2685 346 2731 mare
377 2680 434 2730 aut
461 2666 515 2749 jus
539 2663 572 2729 in
597 2683 635 2728 eo
660 2663 835 2748 navigandi
857 2663 1025 2746 proprium
1047 2663 1130 2730 nulli
1153 2662 1323 2730 hominum

152 2794 224 2843 esse
245 2776 374 2858 possit,
398 2775 549 2858 sequitur
572 2794 679 2857 neque
706 2774 775 2841 dari
799 2795 817 2838 a
840 2773 1000 2841 Pontifice
1023 2793 1129 2856 neque
1152 2793 1169 2840 a
1192 2773 1324 2841 Lusita-

96 2883 98 2887 ’
151 2887 202 2953 nis
225 2886 329 2969 accipi
352 2886 508 2969 potuisse.
552 2886 721 2952 Praeterea
743 2905 817 2951 cum
840 2904 937 2967 supra
960 2887 1095 2950 relatum
1120 2883 1163 2950 sit
1186 2904 1226 2949 ex
1246 2903 1324 2966 pru·

151 2996 338 3063 dentiorum
372 2995 552 3076 sententia,
586 2997 704 3080 Papam
733 3016 799 3062 non
829 3015 898 3064 esse
922 2993 1091 3061 dominum
1113 2995 1323 3077 temporalem

151 3109 256 3175 totius
290 3108 400 3189 orbis,
434 3127 488 3174 ne-
504 3107 600 3173 maris
624 3107 757 3189 quidem
782 3127 851 3172 esse
874 3105 952 3172 satis
976 3105 1187 3190 intelligitur:
1212 3125 1324 3187 quam·

154 3238 249 3300 quam
285 3218 345 3284 etsi
375 3219 409 3283 id
440 3219 698 3298 concederetur,
723 3233 829 3284 tamen
850 3217 904 3301 jus
928 3236 1090 3285 annexum
1113 3214 1324 3284 Pontificatui

154 3330 185 3395 in
209 3349 318 3414 regern
343 3330 485 3412 aliquem
508 3343 565 3394 aut
587 3330 747 3411 populum
770 3349 830 3412 pro
854 3343 944 3411 parte
966 3329 1057 3394 nulla
1079 3326 1247 3394 transferri
1270 3329 1325 3393 de·
1417 3345 1420 3352 ’

155 3441 304 3520 buisset,
328 3440 417 3506 sicut
443 3460 502 3506 nec
526 3439 699 3523 imperator
721 3453 834 3521 posset
856 3437 984 3521 imperii
1007 3438 1059 3504 sui
1081 3438 1268 3521 provincias
1292 3439 1325 3505 in

154 3571 232 3617 suos
264 3571 344 3616 usus
373 3565 563 3618 convertere
595 3566 651 3616 aut
682 3570 743 3633 pro
766 3569 827 3615 suo
850 3548 985 3616 arbitrio
1008 3549 1148 3617 alienare
1171 3555 1194 3615 ⁴.
1239 3550 1327 3616 Illud

154 3665 266 3728 saltem
298 3681 393 3746 nemo
423 3675 600 3745 negaturus
621 3675 694 3740 est,
718 3660 772 3726 cui
795 3659 923 3742 aliquid
950 3660 993 3726 sit
1015 3658 1158 3740 frontis,
1181 3680 1254 3726 cum
1271 3661 1326 3745 jus

155 3773 351 3857 disponendi
373 3773 405 3838 in
426 3772 660 3855 temporalibus
673 3771 825 3838 Pontifici
845 3785 941 3838 nemo
962 3772 1140 3851 concedat,
1158 3770 1222 3838 nisi
1242 3769 1326 3838 forte

155 3974 339 3983 -.-....-

188 4093 234 4140 ¹1.
253 4107 275 4140 2.
293 4096 315 4150 5.
334 4093 354 4140 si
378 4092 435 4151 quis
459 4092 484 4140 in
508 4092 578 4140 mari.
596 4093 622 4140 n.
639 4106 671 4141 ne
689 4092 751 4152 quid
769 4093 794 4140 in
813 4096 872 4140 loco
891 4090 960 4152 publ.
979 4093 1023 4152 [D.
1040 4105 1082 4153 4³·
1102 4095 1125 4139 8.
1148 4105 1171 4140 a.
1189 4092 1210 4152 §.
1228 4089 1264 4152 9.]
1287 4093 1327 4139 Gl.

156 4185 187 4231 ad
211 4185 228 4230 l.
257 4196 277 4230 1.
302 4183 327 4230 ff.
351 4194 377 4231 ut
402 4183 427 4231 in
455 4183 556 4230 flumine
575 4183 690 4242 publico.
710 4183 753 4244 [D.
770 4196 812 4243 43.
833 4183 883 4244 14]
919 4179 1018 4231 ’sala
1036 4182 1061 4230 in
1080 4185 1096 4230 1.
1115 4181 1175 4229 item
1193 4181 1283 4240 lapilli.
1302 4194 1325 4238 3.

157 4276 207 4320 col.
231 4272 258 4321 ff.
284 4275 315 4321 de
339 4287 389 4322 rer.
413 4273 465 4322 dlv.
493 4273 537 4335 [D.
565 4287 585 4322 r.
612 4277 635 4322 8.
663 4273 707 4341 3.]
727 4273 870 4322 Rodericus
896 4273 999 4322 zuarius
1024 4272 1150 4332 Hispanus
1168 4271 1194 4320 ln
1213 4284 1284 4319 cons.
1305 4286 1326 4319 1.

158 4366 188 4412 de
212 4377 258 4412 usu
284 4363 366 4412 maris.
401 4362 412 4397 Ι
435 4379 460 4424 p.
484 4377 506 4421 ³·
532 4364 571 4414 tit.
597 4367 636 4414 28.
655 4368 672 4414 l.
694 4377 774 4412 10.et
795 4378 832 4412 12.
875 4364 971 4412 ⁴Vict.
999 4363 1042 4412 ubi
1070 4375 1137 4421 supr.
1164 4374 1188 4409 n.
1214 4363 1253 4408 26.
1283 4363 1327 4422 [de

159 4455 223 4502 lndis
246 4467 265 4502 r.
283 4467 345 4502 sect.
364 4469 387 4502 2.
405 4469 428 4502 n.
450 4454 482 4516 1.]
