3238 5508
381 617 427 664 DE
451 618 544 684 Juttlt
570 617 757 665 PRAEDAE.
783 617 864 664 CAP.
889 620 949 666 XV.
984 671 992 682 ι
1189 619 1248 678 321

77 769 152 852 quis
185 789 252 836 nnn
287 771 462 837 admiratus
497 787 547 837 est
580 770 803 855 opulentiam,
840 773 915 856 quis
950 793 1016 839 non
1052 773 1251 855 obstupuit,

77 901 184 964 neque
217 882 361 965 privatae
392 882 565 963 fortunae,
592 883 649 949 sed
683 883 777 965 quasi
811 883 931 968 regiam
966 885 1078 950 haberi
1113 884 1253 950 credidit

77 994 292 1060 auctionem?
316 994 430 1061 Batavi
448 993 554 1078 justas
570 993 750 1061 ditescendi
762 995 905 1062 rationes
918 994 1014 1062 etiam
1028 996 1068 1060 ab
1080 995 1251 1075 hostibus,

77 1127 174 1172 usum
207 1106 395 1173 divitiarum
427 1127 445 1171 a
474 1106 654 1191 majoribus
686 1107 756 1173 suis
789 1107 973 1190 accipiant,
1006 1107 1087 1174 viris
1118 1105 1252 1172 honeste

77 1216 271 1302 frugalibus.
318 1218 474 1302 Optimus
496 1232 605 1284 autem
623 1216 752 1284 fructus
773 1238 873 1301 opum
893 1218 1023 1302 positus
1042 1233 1092 1284 est
1110 1220 1145 1284 in
1164 1239 1253 1286 com-

79 1330 171 1395 muni
194 1330 360 1411 utilitate,
386 1350 469 1412 quae
492 1329 633 1413 primum
658 1329 691 1394 iu
714 1329 849 1396 tributis
868 1345 901 1396 et
919 1330 1136 1415 vectigalibus
1159 1333 1252 1396 locu·

80 1442 243 1524 pletandis
266 1442 426 1508 consistit.
452 1441 538 1506 Nam
563 1441 590 1506 si
613 1460 669 1506 rex
682 1440 860 1524 Hispaniae
872 1456 1036 1524 proventu
1048 1455 1252 1507 externarum

79 1553 325 1637 navigationum
347 1568 453 1619 totum
477 1554 587 1618 orbem
606 1573 705 1619 ausus
729 1568 778 1618 est
800 1569 1001 1636 perterrere,
1016 1554 1108 1635 quod
1126 1553 1173 1618 illi
1193 1574 1253 1637 pro

78 1664 302 1731 dominatione
321 1665 419 1731 animi
438 1664 518 1744 fuit,
539 1664 624 1730 idem
641 1663 764 1749 justius
786 1664 914 1730 Batavis
935 1665 996 1730 erit
1014 1685 1074 1748 pro
1093 1665 1254 1732 libertatis

78 1791 112 1841 et
143 1777 231 1843 vitae
266 1779 377 1842 tutela.
417 1777 540 1841 ‚Altera
573 1794 647 1858 pars
681 1775 833 1858 publicae
868 1775 1021 1842 utilitatis
1055 1790 1126 1859 est,
1162 1776 1254 1858 quod

77 1907 191 1972 magna
214 1889 311 1954 turba
333 1908 523 1954 numerosae
542 1886 716 1952 admodum
744 1886 872 1970 plebis,
896 1901 1095 1954 mercaturae
1117 1902 1174 1954 aut
1197 1908 1254 1954 na-

77 2000 256 2085 vigationis
279 2000 445 2081 ministra,
468 2019 535 2066 non
568 1998 699 2063 aliunde
733 1999 841 2063 alitur.
889 1998 962 2063 Fiet
984 1999 1029 2064 ita
1052 1999 1143 2081 quod
1166 1999 1254 2082 apud

76 2113 270 2195 prophetam
291 2122 300 2155 ¹
322 2125 393 2191 est,
427 2124 465 2176 ut
495 2109 679 2195 negotiatio
704 2123 736 2174 et
758 2123 916 2191 quaestus
948 2111 1054 2176 omnis
1077 2109 1151 2176 Deo
1175 2129 1254 2176 con-

76 2239 244 2304 serretur,
276 2242 342 2289 non
367 2222 557 2287 adservatus
581 2241 640 2286 nec
663 2220 874 2301 reconditus,
909 2221 967 2287 sed
989 2221 1036 2286 ita
1057 2221 1192 2287 habitus
1215 2236 1254 2288 ut
1358 2265 1364 2278 ·

77 2334 152 2416 his,
179 2335 238 2417 qui
261 2335 331 2399 Deo
354 2333 498 2414 vivunt,
522 2332 711 2415 suppeditet
734 2331 859 2398 victum
882 2331 922 2396 ad
945 2333 1125 2399 satietatem
1147 2353 1253 2415 usque

78 2463 113 2513 et
130 2448 255 2512 cultum
274 2445 499 2512 sufficientem.
546 2444 640 2509 Hanc
659 2444 761 2529 igitur
779 2444 1033 2529 negotiationem
1054 2460 1119 2510 tam
1139 2445 1253 2511 utilem

75 2574 210 2640 tamque
233 2556 442 2622 necessariam
467 2557 614 2638 placetne
637 2555 813 2621 omittere?
859 2556 991 2638 Nemo,
1027 2572 1066 2622 ut
1088 2557 1249 2638 arbitror,

77 2670 125 2734 ita
156 2684 276 2734 censet.
321 2667 429 2750 Atqui
463 2667 595 2733 retineri
629 2667 721 2736 aliter
754 2685 821 2732 non
855 2682 985 2750 potest,
1019 2666 1083 2732 nisi
1117 2668 1250 2733 remotis

76 2781 169 2861 illis,
204 2780 261 2862 qui
297 2779 488 2860 ubicunque
523 2778 587 2844 tuti
622 2793 723 2859 sunt,
758 2778 805 2842 ibi
840 2778 922 2844 alios
956 2793 1046 2843 tutos
1082 2797 1151 2844 esse
1184 2799 1251 2844 non

76 2893 209 2960 sinunt:
242 2892 300 2974 qui
333 2891 429 2957 dictis
461 2889 624 2971 factisque
647 2889 842 2972 profitentur
864 2908 931 2956 non
954 2908 1108 2972 passuros
1131 2911 1188 2972 se,
1213 2905 1252 2956 ut

76 3005 163 3070 alius
183 3004 356 3086 quisquam
378 3003 572 3084 Europaeus
589 3001 663 3066 illas
683 3015 783 3067 terras
801 3016 961 3067 mercatus
982 3001 1084 3086 gratia
1103 3002 1248 3082 accedat,

75 3117 179 3199 idque
212 3116 305 3180 nullo
336 3116 432 3199 jure,
466 3112 523 3177 sed
554 3112 632 3194 quia
664 3111 887 3178 introductum
919 3128 1091 3195 utcunque
1122 3114 1250 3179 lucrum

75 3230 197 3295 nolunt
229 3226 414 3304 dimittere,
452 3225 571 3289 uolunt
604 3223 821 3306 participare3
859 3223 950 3305 quod
983 3239 1022 3289 ut
1056 3225 1251 3306 obtineant,

76 3342 160 3404 clam
193 3339 301 3418 dolis,
334 3338 438 3419 palam
471 3336 558 3400 bello
585 3335 668 3400 nihil
688 3335 883 3417 relinquunt
906 3335 1113 3402 intentatum.
1159 3337 1252 3424 Quid

76 3467 187 3517 autem
222 3450 288 3516 non
322 3448 433 3514 credas
467 3447 541 3513 illos
576 3461 733 3530 quaestus
766 3446 819 3512 sui
855 3447 958 3532 gratia
989 3445 1157 3531 facturos,
1192 3450 1251 3531 qui

75 3561 296 3641 Castellanis,
320 3559 469 3626 finitimis
492 3559 561 3624 suis
592 3557 696 3624 eidem
728 3559 886 3643 subiectis
909 3559 978 3642 regi
1002 3575 1034 3624 et
1056 3574 1250 3625 tantumnon

76 3672 318 3758 popularibus,
346 3670 379 3736 in
403 3670 498 3736 Sinas
520 3670 609 3735 haud
640 3670 686 3736 ita
718 3669 841 3735 dudum
875 3671 1037 3753 pervectis
1063 3671 1163 3737 veriti
1187 3692 1252 3739 non

75 3799 157 3853 sunt
179 3783 351 3849 calumniis
374 3782 462 3865 apud
485 3781 628 3864 regionis
647 3779 851 3863 praefectos,
875 3781 941 3847 imo
962 3797 994 3847 et
1012 3783 1142 3865 preti0,
1167 3804 1252 3850 mor-

75 3913 145 3962 tem
168 3893 360 3962 intendere?
408 3893 454 3958 Et
475 3890 687 3976 perfecissent
705 3891 770 3958 nisi
792 3893 881 3975 apud
902 3893 1080 3975 Sinenses,
1104 3897 1252 3962 homines

77 4008 206 4089 alioqui
238 4027 305 4071 non
337 4004 510 4089 religiosos
545 4019 577 4069 et
610 4019 689 4069 tunc
724 4003 921 4069 Castellanis
952 4007 1069 4071 merito
1104 4007 1253 4074 infensos

77 4120 173 4203 (nam
206 4118 316 4184 decem
350 4135 461 4182 eorum
494 4116 595 4182 millia
627 4115 660 4181 in
692 4115 889 4198 Philippinis
925 4116 1065 4200 Hispani
1089 4119 1253 4187 occidisse

78 4230 315 4314 dicebantur),
343 4229 417 4310 plus
441 4227 622 4293 valuissent
655 4226 840 4310 supplicum
872 4242 904 4292 et
947 4228 1114 4312 hospitum
1156 4232 1252 4315 jura,

80 4383 273 4394 ..————-

116 4465 123 4496 ¹
143 4464 237 4514 Esaias.
255 4477 278 4511 c.
299 4475 338 4518 23·
358 4462 384 4509 in
404 4461 464 4510 fine.
