3362 5504
333 610 396 672 292
638 609 684 654 DE
707 607 799 674 JURE
826 607 1008 654 PRAEDAE.
1035 609 1104 654 CAP
1128 608 1209 655 xm.

334 763 540 846 trucidatus,
576 784 649 829 cum
683 778 789 828 tamen
824 782 890 828 non
925 763 1066 830 nesciam
1102 783 1198 844 eum,
1234 762 1292 845 qui
1327 761 1505 828 amicorum

335 875 471 961 injurias
502 875 732 959 persequitur,
757 875 885 959 injure
908 873 974 939 dici
998 895 1063 940 non
1087 895 1220 941 suorum
1244 874 1426 955 duntaxat,
1450 873 1509 938 sed

336 1006 411 1053 suas
442 986 686 1069 quodammodo
719 985 854 1070 injurias
885 985 1039 1068 persequi
1061 993 1095 1065 ¹,
1125 1006 1200 1051 cum
1223 986 1361 1050 maxime
1385 985 1418 1050 in
1441 1001 1507 1050 tam

336 1097 529 1182 longinquis
551 1097 741 1183 regionibus
764 1098 879 1180 procul
903 1097 1050 1182 agnatis,
1072 1100 1188 1180 procul
1211 1098 1309 1164 domo
1332 1099 1509 1180 populares

337 1229 450 1277 omnes
482 1208 577 1292 quasi
609 1208 741 1275 intimos
773 1210 1048 1291 complectamur,
1073 1229 1179 1290 eoque
1202 1209 1328 1276 firmius
1351 1209 1510 1293 astringat

191 1345 219 1411 p
239 1344 322 1410 arms.
337 1322 464 1405 patria,
498 1341 566 1403 quo
597 1320 731 1406 longius
763 1319 909 1388 dissidet.
956 1320 1008 1385 Ne
1037 1320 1120 1386 illud
1142 1321 1275 1402 quidem
1298 1320 1510 1400 memorab0‚

176 1399 322 1445 ‘'mmm‘'
338 1433 471 1516 quoties
501 1435 566 1518 jam
603 1447 676 1497 ante
709 1432 750 1497 ab
785 1431 895 1497 eadem
929 1431 1084 1498 societate
1122 1432 1213 1500 missi
1247 1433 1346 1498 duces
1381 1433 1509 1500 collatis

337 1545 488 1611 manibus
512 1539 617 1610 boacti
640 1542 763 1610 fuerint
784 1563 856 1608 cum
878 1543 1046 1609 Lusitanis
1066 1545 1253 1630 confligere.
1299 1546 1372 1628 lpse
1392 1545 1510 1610 Hems·

337 1657 490 1723 kerckius
524 1657 660 1740 ejusque
692 1670 809 1722 nautae
842 1670 875 1720 et
906 1656 1060 1721 navarchi
1093 1677 1177 1738 quae
1210 1676 1245 1722 ac
1279 1656 1388 1739 qualia
1421 1655 1510 1739 passi

340 1768 442 1835 sunt?
489 1768 684 1834 Fortunatas
716 1766 838 1832 insulas
869 1768 1083 1849 praetervecti
1114 1768 1172 1834 vix
1203 1784 1314 1852 erant,
1347 1768 1512 1834 cumillis

339 1879 492 1945 tredecim
525 1894 716 1945 armatarum
751 1878 883 1946 navium
918 1880 1032 1947 classis
1059 1878 1236 1962 Hispanica
1259 1880 1389 1946 obviarn
1424 1878 1511 1946 facta

339 2007 399 2058 est.
456 1989 596 2074 Hispani
638 1991 729 2072 quod
770 2010 820 2056 res
854 2006 922 2057 erat
950 1990 1157 2075 judicantes,
1191 2007 1224 2058 et
1253 1993 1394 2058 Batavos
1425 2011 1512 2074 quos

338 2103 494 2169 videbant
515 2123 584 2169 esse
606 2118 638 2169 et
657 2102 780 2168 Indiam
800 2102 890 2186 peti,
915 2122 980 2170 non
1000 2124 1034 2171 se
1052 2104 1307 2187 continuerunt,
1332 2103 1512 2186 quominus

339 2215 448 2281 statim
482 2215 596 2280 hostili
628 2235 718 2281 more
740 2215 959 2282 incurrerent:
983 2235 1083 2282 naves
1107 2216 1321 2282 Hollandicae
1344 2214 1512 2298 perfossae

340 2327 461 2394 ictibus
496 2327 715 2392 machinarum
751 2328 1004 2410 scloporumque
1038 2343 1137 2411 atque
1162 2328 1256 2394 etiam
1280 2328 1430 2395 cominus
1452 2349 1512 2412 op-

339 2453 521 2524 pugnatae,
547 2437 708 2504 interfecti
726 2459 799 2522 pars
819 2453 1014 2520 nautarum,
1037 2439 1199 2506 vulnerati
1216 2442 1413 2525 complures.
1440 2441 1512 2506 Nec

338 2551 477 2616 multum
502 2551 611 2616 aberat
633 2550 714 2632 quin
739 2552 849 2618 hostes
869 2551 985 2633 navis,
1016 2552 1069 2618 cui
1094 2552 1211 2618 Rubro
1235 2552 1342 2618 Leoni
1366 2571 1511 2634 nomen,

337 2663 544 2746 potirentur,
577 2662 611 2729 ni
635 2662 837 2747 intempore
870 2664 1035 2747 suppetias
1059 2663 1205 2730 venisset
1227 2664 1510 2745 Hemskerckius‚

338 2775 395 2859 qui
419 2790 451 2840 et
473 2774 543 2858 ipse
565 2793 697 2854 eorum,
720 2794 804 2855 quos
837 2794 936 2856 penes
960 2795 993 2842 se
1016 2776 1178 2858 habebat,
1212 2777 1294 2842 alios
1324 2777 1410 2843 vidit
1432 2797 1512 2843 con-

337 2887 504 2969 cidentes,
538 2885 620 2952 alios
643 2886 794 2951 membris
818 2887 963 2953 mutilos.
1008 2887 1086 2975 Quo
1110 2888 1285 2954 certamine
1307 2889 1415 2959 coacti
1435 2904 1513 2955 sunt

338 2998 610 3066 Hemskerckiani
634 3013 665 3064 et
688 2999 842 3065 mercium
867 3016 898 3064 et
922 2999 1054 3065 navium
1079 3016 1111 3067 et
1122 3000 1209 3067 vitae
1221 3000 1309 3067 adire
1321 3001 1510 3068 discrimen.

338 3112 471 3199 Quibus
502 3110 592 3178 malis
620 3111 777 3192 accessit,
812 3111 902 3193 quod
932 3112 1027 3178 navis
1057 3113 1173 3179 Ruber
1202 3113 1272 3179 Leo
1302 3129 1391 3180 tanta
1420 3114 1512 3180 clade

339 3224 486 3290 deserere
515 3225 648 3290 classem
680 3237 712 3287 et
739 3223 772 3287 in
800 3223 935 3306 patriam
966 3221 1070 3290 redire
1099 3240 1212 3292 coacta
1239 3240 1303 3292 est:
1338 3241 1409 3292 tum
1431 3248 1512 3294 vero

338 3336 431 3403 navis
455 3356 513 3417 ea,
538 3355 620 3418 quae
642 3356 659 3400 a
680 3335 839 3418 praetoria
863 3337 1004 3402 secunda
1023 3351 1112 3420 erat,
1137 3341 1237 3404 altero
1257 3353 1333 3421 post
1351 3339 1511 3421 praelium

340 3448 392 3513 die
414 3448 555 3513 immista
577 3447 694 3513 iterum
718 3447 875 3530 Hispanis
899 3449 956 3514 vix
978 3467 1105 3516 summo
1116 3449 1263 3532 periculo
1275 3470 1309 3515 se
1320 3450 1512 3533 expedivit,

339 3580 446 3642 neque
464 3579 544 3626 vero
562 3580 597 3625 se
618 3574 732 3642 postea
755 3559 828 3625 c'um
849 3562 949 3626 classe
962 3561 1159 3627 Hollandica
1170 3563 1368 3647 conjungere
1381 3563 1512 3646 potuit,

340 3693 456 3758 magno
485 3673 526 3737 ad
553 3687 741 3755 susceptum
772 3673 831 3738 iter
853 3672 1071 3738 incommodo
1118 3674 1216 3739 Facta
1238 3674 1370 3756 quidem
1394 3677 1475 3742 haec
1496 3696 1514 3740 a

341 3784 548 3851 Castellanis.
572 3784 636 3849 Sed
657 3785 689 3848 hi
710 3785 862 3851 nimirum
884 3785 932 3850 illi
955 3801 1053 3865 sunt,
1078 3785 1220 3868 quinon
1251 3807 1358 3872 regem
1385 3801 1513 3854 tantum

341 3897 511 3976 eumdem,
535 3896 593 3963 sed
613 3895 692 3961 belli
713 3915 826 3961 causas
848 3913 881 3963 et
892 3897 966 3964 odia
979 3897 1011 3962 in
1025 3897 1165 3964 Batavos
1176 3899 1360 3966 communia
1370 3901 1513 3966 habent:

341 4028 482 4090 quorum
504 4007 623 4074 auxilia
642 4027 659 4072 a
679 4008 849 4075 Lusitanis
869 4010 1025 4077 adversus
1044 4011 1185 4077 Batavos
1205 4010 1377 4098 etiamper
1386 4013 1513 4080 Indiam

374 4291 382 4325 ¹
403 4293 470 4342 Guil.
488 4293 514 4342 in
533 4296 549 4342 l.
568 4297 612 4343 sed
632 4307 656 4343 et
673 4298 728 4344 hac.
745 4295 770 4344 ff.
789 4299 819 4345 de
838 4311 941 4357 procur.
954 4297 997 4361 [D.
1016 4312 1039 4356 3.
1058 4312 1081 4356 3.
1099 4298 1151 4362 35.]
1172 4301 1224 4347 Bal.
1244 4299 1269 4347 in
1285 4301 1302 4348 l.
1322 4313 1343 4348 1.
1362 4301 1391 4348 C·
1407 4253 1440 4349 de
1458 4313 1512 4351 acc.

341 4385 384 4446 [C.
399 4399 422 4446 9.
438 4385 473 4446 2.]
501 4386 540 4433 Gl.
565 4385 625 4434 inl.
643 4387 739 4435 coloni.
759 4390 787 4436 C.
806 4389 898 4449 quibus
917 4403 948 4438 ex
968 4403 1035 4438 caus.
1054 4393 1105 4438 col.
1124 4389 1167 4453 [C.
1187 4404 1225 4439 rr.
1243 4404 1284 4452 49.
1302 4391 1337 4452 2.]
1358 4393 1434 4440 Alex.
1451 4393 1476 4440 in
1494 4395 1512 4440 l.

339 4477 385 4524 ult.
402 4475 428 4523 fs.
447 4477 478 4524 de
496 4477 566 4536 publ.
583 4475 638 4534 jud.
660 4477 703 4541 [D.
720 4481 762 4540 48.
783 4480 816 4542 1.]
837 4492 861 4528 et
877 4481 904 4528 in
922 4482 939 4527 l.
958 4495 981 4529 a.
999 4481 1024 4528 ff.
1041 4483 1072 4530 de
1089 4494 1142 4530 acc.
1161 4479 1205 4544 [D.
1224 4484 1265 4544 48.
1282 4482 1318 4543 2.]
