3316 5494
330 607 369 668 88
615 618 661 664 uu
684 618 778 683 June
804 616 988 664 1111111111.
1012 616 1094 664 cnr.
1118 618 1207 664 vnr.

330 773 415 842 enim
445 787 495 840 est
523 773 616 855 quod
643 787 756 842 vetant
784 771 882 856 jura,
904 769 1051 854 privatos
1079 772 1198 850 babere
1222 791 1364 842 carceres
1383 785 1405 845 ¹.
1452 773 1501 842 Ut

328 905 407 952 vero
437 884 591 954 continua
614 885 658 952 sit
677 883 794 971 judicii
815 881 952 967 penuria
973 883 1147 968 dupliciter
1173 886 1361 971 contingere
1380 887 1502 956 volunt

329 997 480 1064 doctores
498 995 534 1079 ²,
551 997 624 1082 jure
646 1011 678 1062 et
698 995 796 1064 facto.
836 995 940 1080 Jure,
963 995 992 1062 si
1014 1016 1111 1064 nemo
1132 996 1166 1064 in
1186 997 1244 1064 illo
1264 999 1337 1064 loco
1347 997 1502 1083 iurisdic-

328 1109 450 1182 tionem
481 1108 622 1189 habeat,
646 1109 737 1191 quod
764 1107 799 1177 in
826 1106 921 1174 terris
950 1107 1085 1176 desertis
1115 1123 1148 1174 et
1178 1109 1295 1178 insulis
1318 1124 1350 1176 et
1378 1128 1500 1178 oceano

330 1235 363 1286 et
383 1218 489 1289 sicubi
509 1234 665 1289 terrarum
695 1218 764 1286 sine
786 1219 954 1302 republica
981 1219 1130 1303 vivitur,
1152 1220 1275 1304 poterit
1301 1221 1499 1304 contingere.

329 1331 456 1412 Facto,
478 1330 537 1404 ubi
557 1331 586 1396 is
607 1331 648 1398 ad
671 1349 768 1413 quem
787 1329 973 1415 jurisdictio
995 1331 1137 1415 pertinet
1156 1347 1213 1404 aut
1232 1353 1250 1398 a
1272 1331 1412 1402 subditis
1430 1351 1501 1402 uon

330 1441 484 1524 auditur,
506 1457 563 1511 aut
585 1441 765 1527 cognitioni
787 1460 854 1508 non
876 1458 970 1510 vacat
988 1439 1011 1508 ³.
1056 1442 1119 1509 His
1142 1443 1272 1512 casibus
1294 1464 1334 1511 eo
1353 1441 1419 1512 fere
1441 1443 1501 1512 de-

329 1553 484 1635 venitur,
507 1574 575 1636 quo
595 1553 630 1620 in
648 1555 723 1620 loco
743 1572 795 1620 res
814 1567 929 1635 erant,
952 1569 1125 1636 antequam
1147 1555 1328 1638 respublica
1351 1569 1383 1622 et
1408 1554 1512 1640 iudi·-

330 1665 379 1732 cia
401 1665 649 1732 instituerentur
666 1662 703 1745 ⁴,
726 1680 765 1732 ut
783 1679 870 1732 recte
893 1665 974 1733 dicit
998 1666 1183 1734 Castrensis
1202 1671 1225 1734 ⁸.
1271 1667 1368 1732 Tunc
1391 1681 1501 1736 autem

332 1777 511 1846 secundum
547 1797 603 1845 sex
636 1777 794 1847 duntaxat
824 1778 936 1862 leges,
968 1797 1050 1861 quas
1080 1778 1176 1847 initio
1206 1778 1397 1861 posuimus,
1417 1778 1504 1846 inter

331 1889 480 1959 homines
503 1890 676 1975 agebatur:
700 1888 777 1955 hinc
799 1907 894 1956 omne
915 1888 971 1973 jus
993 1904 1026 1956 et
1044 1889 1127 1974 juris
1150 1889 1501 1974 quisqucsuiexsecu·

330 2015 400 2066 tor:
425 1999 516 2082 quod
538 2000 728 2074 naturaliter
749 1998 938 2084 contingere
960 2000 1102 2070 diximus
1127 2015 1161 2068 et
1183 2001 1355 2072 animantia
1377 2015 1501 2068 caetera

330 2130 392 2178 nos
414 2111 533 2178 docent
552 2113 574 2177 ⁸.
619 2111 685 2178 lsta
704 2110 805 2197 igitur
827 2110 935 2194 specie
957 2131 1024 2178 non
1046 2133 1080 2180 se
1108 2112 1264 2190 duntaxat
1283 2131 1402 2195 resque
1425 2132 1502 2180 suas

171 2222 439 2303 inmutandi,
461 2221 519 2287 sed
541 2237 574 2288 et
595 2241 646 2288 res
675 2242 862 2306 recuperare
886 2223 1036 2306 quamvis
1059 2223 1250 2310 longissimo
1274 2223 1444 2292 intervallo
1468 2239 1503 2290 et

332 2355 426 2401 exre
447 2333 604 2400 debitoris
628 2333 691 2402 sibi
709 2336 835 2402 solvere
857 2333 981 2402 licebit.

373 2445 500 2512 Tribus
525 2445 626 2530 igitur
653 2465 694 2511 ex
718 2445 825 2522 causis
849 2465 980 2528 earum,
1008 2467 1090 2530 quas
1114 2467 1210 2532 supra
1226 2461 1369 2530 quatuor
1386 2466 1503 2514 nume,

330 2556 495 2638 ravimus,
538 2556 703 2640 privatum
732 2557 855 2623 bellum
882 2558 1008 2643 justum
1036 2558 1115 2628 oriri
1142 2577 1238 2642 posse
1273 2558 1357 2624 inter
1388 2579 1502 2626 onmes

330 2659 476 2734 constare
504 2667 615 2737 video.
661 2668 781 2734 Restat
800 2684 936 2752 quarta,
970 2689 1010 2736 ex
1037 2669 1207 2740 maleficio.
1253 2670 1299 2738 Et
1321 2670 1401 2738 haec
1420 2691 1501 2752 qua·

329 2794 425 2846 tenus
454 2780 494 2845 ad
519 2779 758 2852 restitutionem
780 2780 865 2864 parti
887 2781 990 2849 laesae
1011 2779 1189 2852 faciendam
1207 2796 1334 2850 tantum
1355 2781 1502 2867 obligat,

331 2891 412 2973 quin
441 2911 537 2958 causa
565 2912 635 2960 esse
662 2891 768 2975 possit
796 2893 884 2977 justa
914 2891 992 2961 belli
1013 2893 1132 2976 privati
1153 2892 1313 2962 neminem
1336 2907 1418 2976 puto
1442 2893 1502 2958 du·

328 3003 518 3069 bitaturum.
541 3003 616 3069 Nec
635 3003 720 3069 enim
738 3003 847 3068 minus
864 3002 948 3088 iuris
968 3003 1049 3069 milri
1070 3019 1119 3071 est
1137 3005 1180 3069 ob
1199 3003 1350 3070 damnum
1370 3005 1502 3085 datum,

330 3128 488 3196 quantum
509 3113 644 3180 interest
665 3113 813 3199 exigere,
838 3135 935 3196 quam
956 3130 1013 3181 aut
1032 3136 1099 3181 renr
1121 3135 1223 3181 meam
1243 3130 1299 3181 aut
1318 3115 1381 3181 alio
1402 3115 1501 3182 modo

329 3225 469 3291 debitam
493 3245 675 3310 reposcere.
697 3225 750 3290 De
773 3244 811 3290 co
834 3224 996 3292 difficilius
1018 3242 1067 3293 est
1087 3241 1253 3308 statuere,
1275 3247 1315 3294 an
1336 3227 1405 3297 ullo
1423 3245 1502 3293 casu

331 3413 519 3424 ————1

363 3530 372 3564 ¹
391 3533 421 3580 C.
439 3533 470 3582 de
491 3531 558 3592 priv.
580 3545 647 3581 carc.
664 3530 745 3580 inhib.
764 3529 809 3595 [C.
828 3545 852 3603 9.
875 3528 910 3594 s.]
929 3540 977 3579 tot.
996 3529 1036 3579 tit.
1053 3531 1120 3578 Bart.
1139 3531 1164 3580 d.
1186 3533 1255 3579 loco..
1291 3528 1385 3580 'Bart.
1408 3532 1441 3581 de
1462 3545 1501 3580 re·

328 3637 408 3686 press.
427 3625 458 3674 ad
476 3623 557 3684 quint.
578 3624 604 3673 in
621 3638 644 3672 a.
661 3623 743 3685 princ.
768 3624 829 3672 Silv.
853 3622 880 3672 in
903 3637 929 3672 v.
953 3623 1074 3682 Repress.
1094 3623 1115 3683 1.
1133 3635 1157 3679 3.
1190 3622 1289 3672 ³Bald.
1310 3622 1337 3670 in
1354 3623 1413 3671 dl.
1434 3635 1456 3671 r.
1471 3624 1501 3671 C.

328 3717 395 3764 unde
410 3715 446 3766 vi.
465 3716 507 3777 [C.
524 3717 583 3775 8.4.
601 3715 635 3776 r.]
654 3728 680 3763 n.
695 3727 736 3776 4⁵·
770 3712 848 3774 ⁴arg.
862 3716 880 3762 l.
896 3727 920 3761 a.
939 3713 960 3773 1.
972 3725 1032 3774 post
1050 3713 1113 3774 orig.
1131 3714 1157 3761 ff.
1172 3715 1203 3762 de
1219 3713 1283 3774 orig.
1300 3711 1349 3770 jur.
1367 3713 1412 3774 [D.
1438 3727 1459 3761 1.
1478 3727 1503 3760 a.

329 3805 469 3869 a.§.13.]
504 3804 564 3855 ‘ad
581 3807 598 3854 l.
614 3818 647 3854 cx
663 3809 714 3855 boc
733 3803 788 3863 iure
805 3805 831 3854 ff.
854 3807 885 3854 de
899 3801 960 3861 just.
982 3815 1008 3852 et
1025 3802 1089 3861 jure.
1109 3803 1153 3868 [D.
1173 3818 1195 3852 1.
1215 3817 1236 3852 1.
1258 3803 1292 3865 3.]
1313 3815 1338 3852 et
1354 3816 1426 3852 cons.
1445 3815 1503 3866 399.

327 3895 475 3958 priusquam
493 3894 548 3954 jura
569 3895 668 3946 fierent.
702 3895 713 3928 ⁰
730 3899 748 3945 1.
769 3910 791 3946 1.
809 3897 830 3958 ς.
849 3908 907 3945 cum
924 3893 1025 3944 arietes.
1041 3894 1066 3943 ff.
1083 3895 1105 3944 si
1123 3897 1265 3955 quadrupes
1289 3895 1332 3957 [D.
1350 3908 1375 3957 9.
1394 3908 1416 3943 r.
1440 3908 1462 3943 r.
1480 3895 1500 3956 ς

330 3985 381 4051 rr.]
401 3989 477 4036 Mart.
490 3988 568 4036 Laud.
585 3988 615 4037 de
630 3988 708 4036 bello.
726 4001 751 4048 q.
767 3999 789 4044 s.
807 3987 834 4035 in
850 3984 909 4035 fine.
927 3985 994 4034 Bart.
1012 3986 1043 4034 ad
1062 3987 1116 4035 dl.
1134 3998 1166 4034 ex
1181 3988 1232 4034 ltoc
1248 3984 1303 4043 jure
1323 3986 1367 4048 [D.
1385 3999 1406 4033 1.
1427 3999 1448 4034 1.
1464 3986 1500 4048 3.]

328 4089 353 4128 et
372 4077 409 4127 ibi
426 4080 476 4142 Jas.
496 4092 521 4127 n.
544 4081 584 4136 38.
606 4080 646 4127 Gl.
663 4079 689 4128 in
706 4081 724 4128 l.
746 4079 767 4128 si
782 4078 853 4128 alins.
871 4078 892 4139 §.
909 4077 1057 4127 bellissime.
1075 4076 1100 4124 ll.
1113 4078 1184 4136 quod
1200 4076 1228 4125 vi
1243 4088 1286 4125 aut
1308 4078 1381 4124 clam.
1400 4075 1443 4137 [D.
1461 4088 1503 4138 43.
1546 4139 1548 4146 y

330 4183 370 4231 24.
385 4182 409 4228 7.
423 4173 445 4228 ξ.
458 4170 494 4231 3.]
513 4171 579 4218 Bart.
597 4170 622 4218 in
639 4173 657 4218 1.
670 4171 765 4219 hostes.
783 4169 809 4217 ff.
827 4171 858 4218 de
874 4180 940 4230 capt.
960 4169 1004 4230 [D.
1021 4181 1064 4230 49.
1084 4178 1123 4223 15·
1140 4167 1193 4228 14]
1213 4166 1310 4215 lumin
1327 4179 1350 4215 c.
1366 4165 1504 4227 postulasti

328 4263 360 4310 de
375 4260 433 4310 foro
448 4273 532 4322 comp.
552 4261 692 4323 [Decretal.
707 4274 730 4309 a.
747 4274 771 4310 2.
788 4259 839 4324 14]
859 4273 885 4309 et
902 4260 929 4309 in
945 4262 969 4310 (1.
988 4273 1011 4308 c.
1026 4258 1096 4309 olim.
1114 4272 1139 4306 n.
1155 4273 1179 4320 9.
1193 4256 1275 4314 Caiet.
1290 4259 1321 4307 ad
1332 4258 1422 4306 Thom.
1440 4271 1463 4306 2.
1478 4270 1504 4306 a.

329 4365 354 4411 q.
374 4351 414 4402 66.
433 4362 478 4400 art.
497 4365 520 4408 ⁵·
539 4353 570 4402 ad
585 4364 642 4400 tert.
660 4353 719 4400 Pan.
735 4351 761 4400 in
778 4365 801 4400 c.
820 4352 890 4400 olim.
909 4365 935 4400 n.
955 4363 995 4410 2³·
1013 4350 1074 4399 Silv.
1093 4349 1120 4398 in
1134 4364 1160 4398 v.
1178 4351 1279 4398 Furtum
1295 4362 1321 4409 q.
1338 4360 1376 4406 17.
1391 4359 1417 4397 et
1433 4347 1461 4396 in
1475 4363 1502 4396 v.

327 4443 425 4492 Bellum
444 4456 467 4492 a.
490 4446 512 4501 3.
532 4455 571 4502 13.
589 4445 620 4491 V.
637 4444 760 4492 Menoch.
778 4417 872 4492 drbitr.
886 4441 940 4500 jud.
954 4453 1049 4503 quaest.
1064 4455 1124 4492 casu
1140 4441 1196 4496 516.
1213 4439 1257 4489 ubi
1272 4439 1395 4502 plurimos
1412 4441 1502 4500 allegat

331 4535 465 4595 theologos
484 4545 509 4582 ct
524 4532 587 4590 iuris
603 4535 743 4583 consultos.
