<?xml version="1.0" encoding="UTF-8"?>
<!DOCTYPE html PUBLIC "-//W3C//DTD XHTML 1.0 Transitional//EN"
    "http://www.w3.org/TR/xhtml1/DTD/xhtml1-transitional.dtd">
<html xmlns="http://www.w3.org/1999/xhtml" xml:lang="en" lang="en">
 <head>
  <title>
</title>
<meta http-equiv="Content-Type" content="text/html;charset=utf-8" />
  <meta name='ocr-system' content='tesseract 3.04.00' />
  <meta name='ocr-capabilities' content='ocr_page ocr_carea ocr_par ocr_line ocrx_word'/>
</head>
<body>
  <div class='ocr_page' id='page_1' title='image "./ledroitdeprised01hamagoog_0278.png"; bbox 0 0 3326 5506; ppageno 0'>
   <div class='ocr_carea' id='block_1_1' title="bbox 164 2564 316 2731">
    <p class='ocr_par' dir='ltr' id='par_1_1' title="bbox 164 2564 316 2731">
     <span class='ocr_line' id='line_1_1' title="bbox 169 2564 315 2630; baseline 0.021 -23"><span class='ocrx_word' id='word_1_1' title='bbox 169 2564 209 2608; x_wconf 85' lang='lat' dir='ltr'>Ex</span> <span class='ocrx_word' id='word_1_2' title='bbox 232 2565 315 2630; x_wconf 60' lang='lat' dir='ltr'>histor.</span> 
     </span>
     <span class='ocr_line' id='line_1_2' title="bbox 164 2630 316 2680; baseline -0.013 -14"><span class='ocrx_word' id='word_1_3' title='bbox 164 2630 190 2680; x_wconf 75' lang='lat' dir='ltr'>p·</span> <span class='ocrx_word' id='word_1_4' title='bbox 207 2635 227 2666; x_wconf 78' lang='lat'>2·</span> <span class='ocrx_word' id='word_1_5' title='bbox 244 2634 316 2666; x_wconf 65' lang='lat' dir='ltr'>maxi·</span> 
     </span>
     <span class='ocr_line' id='line_1_3' title="bbox 169 2686 300 2731; baseline 0.015 -13"><span class='ocrx_word' id='word_1_6' title='bbox 169 2688 202 2718; x_wconf 84' lang='lat' dir='ltr'>me</span> <span class='ocrx_word' id='word_1_7' title='bbox 215 2686 263 2723; x_wconf 78' lang='lat' dir='ltr'>art.</span> <span class='ocrx_word' id='word_1_8' title='bbox 279 2690 300 2731; x_wconf 86' lang='grc'>3.</span> 
     </span>
    </p>
   </div>
   <div class='ocr_carea' id='block_1_2' title="bbox 169 3362 317 3465">
    <p class='ocr_par' dir='ltr' id='par_1_2' title="bbox 169 3362 317 3465">
     <span class='ocr_line' id='line_1_4' title="bbox 169 3362 317 3465; baseline 0.027 -4"><span class='ocrx_word' id='word_1_9' title='bbox 169 3362 317 3465; x_wconf 56' lang='lat' dir='ltr'>ibiibi</span> 
     </span>
    </p>
   </div>
   <div class='ocr_carea' id='block_1_3' title="bbox 168 3482 314 3571">
    <p class='ocr_par' dir='ltr' id='par_1_3' title="bbox 168 3482 314 3571">
     <span class='ocr_line' id='line_1_5' title="bbox 168 3482 314 3571; baseline 0.007 -54"><span class='ocrx_word' id='word_1_10' title='bbox 168 3486 190 3528; x_wconf 83' lang='lat'>7.</span> <span class='ocrx_word' id='word_1_11' title='bbox 204 3482 267 3571; x_wconf 72' lang='lat' dir='ltr'>²art.</span> <span class='ocrx_word' id='word_1_12' title='bbox 293 3488 314 3529; x_wconf 85' lang='lat'>3.</span> 
     </span>
    </p>
   </div>
   <div class='ocr_carea' id='block_1_4' title="bbox 330 587 1197 676">
    <p class='ocr_par' dir='ltr' id='par_1_4' title="bbox 330 587 1197 676">
     <span class='ocr_line' id='line_1_6' title="bbox 330 587 1197 676; baseline 0.007 -26"><span class='ocrx_word' id='word_1_13' title='bbox 330 587 394 667; x_wconf 81' lang='lat'>256</span> <span class='ocrx_word' id='word_1_14' title='bbox 629 610 676 656; x_wconf 76' lang='lat' dir='ltr'>nr.</span> <span class='ocrx_word' id='word_1_15' title='bbox 699 611 794 676; x_wconf 84' lang='lat' dir='ltr'>June</span> <span class='ocrx_word' id='word_1_16' title='bbox 821 611 1004 658; x_wconf 80' lang='lat' dir='ltr'>rnaanxn.</span> <span class='ocrx_word' id='word_1_17' title='bbox 1029 612 1109 657; x_wconf 80' lang='lat' dir='ltr'>can.</span> <span class='ocrx_word' id='word_1_18' title='bbox 1133 612 1197 658; x_wconf 91' lang='lat' dir='ltr'>x11.</span> 
     </span>
    </p>
   </div>
   <div class='ocr_carea' id='block_1_5' title="bbox 327 763 1507 1299">
    <p class='ocr_par' dir='ltr' id='par_1_5' title="bbox 327 763 1507 1299">
     <span class='ocr_line' id='line_1_7' title="bbox 328 763 1507 850; baseline 0.006 -24"><span class='ocrx_word' id='word_1_19' title='bbox 328 775 397 827; x_wconf 93' lang='lat' dir='ltr'>tum</span> <span class='ocrx_word' id='word_1_20' title='bbox 425 763 468 828; x_wconf 93' lang='lat' dir='ltr'>sit</span> <span class='ocrx_word' id='word_1_21' title='bbox 491 763 617 831; x_wconf 88' lang='lat' dir='ltr'>facinus</span> <span class='ocrx_word' id='word_1_22' title='bbox 634 765 799 832; x_wconf 90' lang='lat' dir='ltr'>hominem</span> <span class='ocrx_word' id='word_1_23' title='bbox 822 767 1000 850; x_wconf 88' lang='lat' dir='ltr'>ingenuum</span> <span class='ocrx_word' id='word_1_24' title='bbox 1023 767 1244 833; x_wconf 83' lang='lat' dir='ltr'>immerentem</span> <span class='ocrx_word' id='word_1_25' title='bbox 1268 768 1300 831; x_wconf 92' lang='lat' dir='ltr'>in</span> <span class='ocrx_word' id='word_1_26' title='bbox 1326 765 1507 850; x_wconf 88' lang='lat' dir='ltr'>captivita-</span> 
     </span>
     <span class='ocr_line' id='line_1_8' title="bbox 327 878 1506 962; baseline 0.003 -22"><span class='ocrx_word' id='word_1_27' title='bbox 327 889 392 941; x_wconf 90' lang='lat' dir='ltr'>tem</span> <span class='ocrx_word' id='word_1_28' title='bbox 422 878 570 958; x_wconf 83' lang='lat' dir='ltr'>trahere,</span> <span class='ocrx_word' id='word_1_29' title='bbox 594 879 712 946; x_wconf 89' lang='lat' dir='ltr'>habere</span> <span class='ocrx_word' id='word_1_30' title='bbox 735 879 768 945; x_wconf 92' lang='lat' dir='ltr'>in</span> <span class='ocrx_word' id='word_1_31' title='bbox 796 880 940 946; x_wconf 91' lang='lat' dir='ltr'>vinculis</span> <span class='ocrx_word' id='word_1_32' title='bbox 968 895 1000 946; x_wconf 91' lang='lat' dir='ltr'>et</span> <span class='ocrx_word' id='word_1_33' title='bbox 1029 881 1193 946; x_wconf 89' lang='lat' dir='ltr'>cruciatu:</span> <span class='ocrx_word' id='word_1_34' title='bbox 1226 881 1318 962; x_wconf 91' lang='lat' dir='ltr'>quod</span> <span class='ocrx_word' id='word_1_35' title='bbox 1346 880 1506 946; x_wconf 83' lang='lat' dir='ltr'>Lusitani</span> 
     </span>
     <span class='ocr_line' id='line_1_9' title="bbox 328 988 1507 1076; baseline 0.004 -23"><span class='ocrx_word' id='word_1_36' title='bbox 328 988 361 1054; x_wconf 90' lang='lat' dir='ltr'>in</span> <span class='ocrx_word' id='word_1_37' title='bbox 382 991 504 1056; x_wconf 93' lang='lat' dir='ltr'>multos</span> <span class='ocrx_word' id='word_1_38' title='bbox 527 992 675 1061; x_wconf 88' lang='lat' dir='ltr'>homines</span> <span class='ocrx_word' id='word_1_39' title='bbox 699 993 883 1060; x_wconf 86' lang='lat' dir='ltr'>Hollandos</span> <span class='ocrx_word' id='word_1_40' title='bbox 906 991 1054 1059; x_wconf 87' lang='lat' dir='ltr'>fecerunt</span> <span class='ocrx_word' id='word_1_41' title='bbox 1075 992 1291 1075; x_wconf 86' lang='lat' dir='ltr'>faciuntque,</span> <span class='ocrx_word' id='word_1_42' title='bbox 1315 1007 1403 1058; x_wconf 86' lang='lat' dir='ltr'>tanta</span> <span class='ocrx_word' id='word_1_43' title='bbox 1429 993 1507 1076; x_wconf 92' lang='lat' dir='ltr'>qui-</span> 
     </span>
     <span class='ocr_line' id='line_1_10' title="bbox 328 1102 1507 1188; baseline 0.004 -22"><span class='ocrx_word' id='word_1_44' title='bbox 328 1102 400 1167; x_wconf 92' lang='lat' dir='ltr'>dem</span> <span class='ocrx_word' id='word_1_45' title='bbox 431 1103 630 1187; x_wconf 84' lang='lat' dir='ltr'>pertinacia,</span> <span class='ocrx_word' id='word_1_46' title='bbox 655 1120 693 1170; x_wconf 95' lang='lat' dir='ltr'>ut</span> <span class='ocrx_word' id='word_1_47' title='bbox 715 1105 835 1170; x_wconf 89' lang='lat' dir='ltr'>oblatis</span> <span class='ocrx_word' id='word_1_48' title='bbox 867 1125 906 1169; x_wconf 94' lang='lat' dir='ltr'>ex</span> <span class='ocrx_word' id='word_1_49' title='bbox 939 1105 1085 1188; x_wconf 93' lang='lat' dir='ltr'>ipsorum</span> <span class='ocrx_word' id='word_1_50' title='bbox 1109 1126 1245 1171; x_wconf 93' lang='lat' dir='ltr'>numero</span> <span class='ocrx_word' id='word_1_51' title='bbox 1270 1108 1374 1171; x_wconf 92' lang='lat' dir='ltr'>multo</span> <span class='ocrx_word' id='word_1_52' title='bbox 1398 1105 1507 1188; x_wconf 92' lang='lat' dir='ltr'>pluri-</span> 
     </span>
     <span class='ocr_line' id='line_1_11' title="bbox 328 1215 1505 1299; baseline 0.003 -19"><span class='ocrx_word' id='word_1_53' title='bbox 328 1216 390 1280; x_wconf 90' lang='lat' dir='ltr'>bus</span> <span class='ocrx_word' id='word_1_54' title='bbox 408 1231 463 1281; x_wconf 89' lang='lat' dir='ltr'>aut</span> <span class='ocrx_word' id='word_1_55' title='bbox 483 1215 656 1282; x_wconf 90' lang='lat' dir='ltr'>sufficienti</span> <span class='ocrx_word' id='word_1_56' title='bbox 678 1219 783 1299; x_wconf 92' lang='lat' dir='ltr'>pretio</span> <span class='ocrx_word' id='word_1_57' title='bbox 805 1237 983 1299; x_wconf 88' lang='lat' dir='ltr'>numquam</span> <span class='ocrx_word' id='word_1_58' title='bbox 1004 1217 1238 1283; x_wconf 88' lang='lat' dir='ltr'>redemtionem</span> <span class='ocrx_word' id='word_1_59' title='bbox 1260 1220 1505 1299; x_wconf 86' lang='lat' dir='ltr'>concesserint,</span> 
     </span>
    </p>
   </div>
   <div class='ocr_carea' id='block_1_6' title="bbox 330 1328 1518 1415">
    <p class='ocr_par' dir='ltr' id='par_1_6' title="bbox 330 1328 1518 1415">
     <span class='ocr_line' id='line_1_12' title="bbox 330 1328 1518 1415; baseline 0.003 -23"><span class='ocrx_word' id='word_1_60' title='bbox 330 1328 387 1393; x_wconf 91' lang='lat' dir='ltr'>sed</span> <span class='ocrx_word' id='word_1_61' title='bbox 411 1347 496 1410; x_wconf 92' lang='lat' dir='ltr'>quos</span> <span class='ocrx_word' id='word_1_62' title='bbox 519 1344 670 1412; x_wconf 89' lang='lat' dir='ltr'>ceperant</span> <span class='ocrx_word' id='word_1_63' title='bbox 689 1345 863 1412; x_wconf 89' lang='lat' dir='ltr'>perpetuae</span> <span class='ocrx_word' id='word_1_64' title='bbox 885 1330 1069 1395; x_wconf 88' lang='lat' dir='ltr'>addixerint</span> <span class='ocrx_word' id='word_1_65' title='bbox 1091 1329 1260 1395; x_wconf 90' lang='lat' dir='ltr'>servituti:</span> <span class='ocrx_word' id='word_1_66' title='bbox 1286 1330 1377 1413; x_wconf 92' lang='lat' dir='ltr'>quod</span> <span class='ocrx_word' id='word_1_67' title='bbox 1400 1332 1518 1415; x_wconf 69' lang='lat' dir='ltr'>juris-v</span> 
     </span>
    </p>
   </div>
   <div class='ocr_carea' id='block_1_7' title="bbox 327 1440 1508 3890">
    <p class='ocr_par' dir='ltr' id='par_1_7' title="bbox 327 1440 1508 3890">
     <span class='ocr_line' id='line_1_13' title="bbox 330 1440 1507 1526; baseline 0.003 -22"><span class='ocrx_word' id='word_1_68' title='bbox 330 1440 473 1506; x_wconf 89' lang='lat' dir='ltr'>consulti</span> <span class='ocrx_word' id='word_1_69' title='bbox 497 1461 609 1507; x_wconf 90' lang='lat' dir='ltr'>omnes</span> <span class='ocrx_word' id='word_1_70' title='bbox 629 1444 768 1507; x_wconf 88' lang='lat' dir='ltr'>clamant</span> <span class='ocrx_word' id='word_1_71' title='bbox 797 1442 893 1508; x_wconf 93' lang='lat' dir='ltr'>etiam</span> <span class='ocrx_word' id='word_1_72' title='bbox 917 1442 950 1508; x_wconf 93' lang='lat' dir='ltr'>in</span> <span class='ocrx_word' id='word_1_73' title='bbox 972 1445 1059 1508; x_wconf 90' lang='lat' dir='ltr'>bello</span> <span class='ocrx_word' id='word_1_74' title='bbox 1082 1441 1230 1526; x_wconf 85' lang='lat' dir='ltr'>legitimo</span> <span class='ocrx_word' id='word_1_75' title='bbox 1253 1442 1336 1508; x_wconf 88' lang='lat' dir='ltr'>inter</span> <span class='ocrx_word' id='word_1_76' title='bbox 1360 1443 1507 1508; x_wconf 90' lang='lat' dir='ltr'>Christi-</span> 
     </span>
     <span class='ocr_line' id='line_1_14' title="bbox 331 1554 1508 1641; baseline 0.004 -25"><span class='ocrx_word' id='word_1_77' title='bbox 331 1572 411 1617; x_wconf 85' lang='lat' dir='ltr'>anos</span> <span class='ocrx_word' id='word_1_78' title='bbox 442 1574 507 1618; x_wconf 94' lang='lat' dir='ltr'>non</span> <span class='ocrx_word' id='word_1_79' title='bbox 543 1554 658 1633; x_wconf 89' lang='lat' dir='ltr'>licere,</span> <span class='ocrx_word' id='word_1_80' title='bbox 691 1575 766 1620; x_wconf 89' lang='lat' dir='ltr'>cum</span> <span class='ocrx_word' id='word_1_81' title='bbox 800 1555 844 1622; x_wconf 88' lang='lat' dir='ltr'>sit</span> <span class='ocrx_word' id='word_1_82' title='bbox 873 1554 939 1640; x_wconf 88' lang='lat' dir='ltr'>juri</span> <span class='ocrx_word' id='word_1_83' title='bbox 963 1569 1094 1637; x_wconf 90' lang='lat' dir='ltr'>recepto</span> <span class='ocrx_word' id='word_1_84' title='bbox 1119 1557 1316 1620; x_wconf 88' lang='lat' dir='ltr'>contrarium</span> <span class='ocrx_word' id='word_1_85' title='bbox 1339 1564 1361 1618; x_wconf 92' lang='lat'>¹.</span> <span class='ocrx_word' id='word_1_86' title='bbox 1409 1555 1508 1641; x_wconf 90' lang='lat' dir='ltr'>Quid</span> 
     </span>
     <span class='ocr_line' id='line_1_15' title="bbox 330 1666 1503 1751; baseline 0.001 -20"><span class='ocrx_word' id='word_1_87' title='bbox 330 1681 436 1731; x_wconf 91' lang='lat' dir='ltr'>autem</span> <span class='ocrx_word' id='word_1_88' title='bbox 460 1667 687 1732; x_wconf 87' lang='lat' dir='ltr'>detestabilius</span> <span class='ocrx_word' id='word_1_89' title='bbox 706 1682 755 1732; x_wconf 90' lang='lat' dir='ltr'>est</span> <span class='ocrx_word' id='word_1_90' title='bbox 774 1683 830 1732; x_wconf 88' lang='lat' dir='ltr'>aut</span> <span class='ocrx_word' id='word_1_91' title='bbox 851 1666 996 1751; x_wconf 88' lang='lat' dir='ltr'>perjurio</span> <span class='ocrx_word' id='word_1_92' title='bbox 1011 1682 1068 1732; x_wconf 90' lang='lat' dir='ltr'>aut</span> <span class='ocrx_word' id='word_1_93' title='bbox 1080 1668 1305 1749; x_wconf 89' lang='lat' dir='ltr'>qualicunque</span> <span class='ocrx_word' id='word_1_94' title='bbox 1317 1667 1503 1750; x_wconf 69' lang='lat' dir='ltr'>perfidia²2</span> 
     </span>
     <span class='ocr_line' id='line_1_16' title="bbox 331 1777 1505 1864; baseline 0 -20"><span class='ocrx_word' id='word_1_95' title='bbox 331 1779 416 1844; x_wconf 89' lang='lat' dir='ltr'>Nam</span> <span class='ocrx_word' id='word_1_96' title='bbox 442 1794 567 1846; x_wconf 90' lang='lat' dir='ltr'>caetera</span> <span class='ocrx_word' id='word_1_97' title='bbox 589 1779 748 1845; x_wconf 89' lang='lat' dir='ltr'>maleficia</span> <span class='ocrx_word' id='word_1_98' title='bbox 770 1799 941 1863; x_wconf 87' lang='lat' dir='ltr'>personam</span> <span class='ocrx_word' id='word_1_99' title='bbox 964 1777 1031 1844; x_wconf 87' lang='lat' dir='ltr'>fere</span> <span class='ocrx_word' id='word_1_100' title='bbox 1051 1778 1230 1862; x_wconf 90' lang='lat' dir='ltr'>respiciunt</span> <span class='ocrx_word' id='word_1_101' title='bbox 1254 1780 1325 1864; x_wconf 87' lang='lat' dir='ltr'>ejus</span> <span class='ocrx_word' id='word_1_102' title='bbox 1346 1779 1379 1845; x_wconf 91' lang='lat' dir='ltr'>in</span> <span class='ocrx_word' id='word_1_103' title='bbox 1403 1800 1505 1861; x_wconf 88' lang='lat' dir='ltr'>quem</span> 
     </span>
     <span class='ocr_line' id='line_1_17' title="bbox 330 1891 1505 1976; baseline 0.001 -21"><span class='ocrx_word' id='word_1_104' title='bbox 330 1891 538 1976; x_wconf 85' lang='lat' dir='ltr'>diriguntur,</span> <span class='ocrx_word' id='word_1_105' title='bbox 562 1891 679 1975; x_wconf 88' lang='lat' dir='ltr'>perfidi</span> <span class='ocrx_word' id='word_1_106' title='bbox 712 1907 819 1958; x_wconf 88' lang='lat' dir='ltr'>autem</span> <span class='ocrx_word' id='word_1_107' title='bbox 844 1906 877 1958; x_wconf 88' lang='lat' dir='ltr'>et</span> <span class='ocrx_word' id='word_1_108' title='bbox 899 1891 1008 1957; x_wconf 89' lang='lat' dir='ltr'>Deum</span> <span class='ocrx_word' id='word_1_109' title='bbox 1030 1891 1241 1976; x_wconf 85' lang='lat' dir='ltr'>impugnant,</span> <span class='ocrx_word' id='word_1_110' title='bbox 1266 1911 1364 1973; x_wconf 90' lang='lat' dir='ltr'>quem</span> <span class='ocrx_word' id='word_1_111' title='bbox 1387 1906 1505 1957; x_wconf 83' lang='lat' dir='ltr'>testem</span> 
     </span>
     <span class='ocr_line' id='line_1_18' title="bbox 331 2004 1506 2087; baseline -0.002 -17"><span class='ocrx_word' id='word_1_112' title='bbox 331 2020 387 2071; x_wconf 87' lang='lat' dir='ltr'>aut</span> <span class='ocrx_word' id='word_1_113' title='bbox 409 2004 575 2087; x_wconf 90' lang='lat' dir='ltr'>conceptis</span> <span class='ocrx_word' id='word_1_114' title='bbox 597 2006 729 2087; x_wconf 89' lang='lat' dir='ltr'>verbis,</span> <span class='ocrx_word' id='word_1_115' title='bbox 754 2020 810 2070; x_wconf 91' lang='lat' dir='ltr'>aut</span> <span class='ocrx_word' id='word_1_116' title='bbox 831 2004 902 2070; x_wconf 94' lang='lat' dir='ltr'>aliis</span> <span class='ocrx_word' id='word_1_117' title='bbox 925 2020 1011 2070; x_wconf 89' lang='lat' dir='ltr'>certe</span> <span class='ocrx_word' id='word_1_118' title='bbox 1033 2004 1163 2070; x_wconf 91' lang='lat' dir='ltr'>indiciis</span> <span class='ocrx_word' id='word_1_119' title='bbox 1184 2005 1359 2085; x_wconf 89' lang='lat' dir='ltr'>adhibent,</span> <span class='ocrx_word' id='word_1_120' title='bbox 1380 2020 1411 2070; x_wconf 94' lang='lat' dir='ltr'>et</span> <span class='ocrx_word' id='word_1_121' title='bbox 1432 2025 1506 2068; x_wconf 92' lang='lat' dir='ltr'>om-</span> 
     </span>
     <span class='ocr_line' id='line_1_19' title="bbox 329 2117 1506 2205; baseline 0 -23"><span class='ocrx_word' id='word_1_122' title='bbox 329 2138 402 2183; x_wconf 91' lang='lat' dir='ltr'>nem</span> <span class='ocrx_word' id='word_1_123' title='bbox 434 2117 603 2184; x_wconf 92' lang='lat' dir='ltr'>hominum</span> <span class='ocrx_word' id='word_1_124' title='bbox 634 2117 844 2198; x_wconf 89' lang='lat' dir='ltr'>societatem,</span> <span class='ocrx_word' id='word_1_125' title='bbox 877 2117 1018 2200; x_wconf 92' lang='lat' dir='ltr'>abrupto</span> <span class='ocrx_word' id='word_1_126' title='bbox 1040 2117 1197 2196; x_wconf 90' lang='lat' dir='ltr'>vinculo,</span> <span class='ocrx_word' id='word_1_127' title='bbox 1222 2137 1289 2205; x_wconf 88' lang='lat' dir='ltr'>quo</span> <span class='ocrx_word' id='word_1_128' title='bbox 1322 2118 1393 2184; x_wconf 92' lang='lat' dir='ltr'>solo</span> <span class='ocrx_word' id='word_1_129' title='bbox 1416 2117 1506 2182; x_wconf 89' lang='lat' dir='ltr'>inter</span> 
     </span>
     <span class='ocr_line' id='line_1_20' title="bbox 331 2227 1505 2314; baseline -0.001 -20"><span class='ocrx_word' id='word_1_130' title='bbox 331 2230 478 2296; x_wconf 89' lang='lat' dir='ltr'>homines</span> <span class='ocrx_word' id='word_1_131' title='bbox 510 2229 735 2314; x_wconf 87' lang='lat' dir='ltr'>ignotissimos</span> <span class='ocrx_word' id='word_1_132' title='bbox 767 2229 873 2295; x_wconf 94' lang='lat' dir='ltr'>securi</span> <span class='ocrx_word' id='word_1_133' title='bbox 897 2250 1022 2296; x_wconf 92' lang='lat' dir='ltr'>sumus.</span> <span class='ocrx_word' id='word_1_134' title='bbox 1070 2229 1212 2295; x_wconf 91' lang='lat' dir='ltr'>Romani</span> <span class='ocrx_word' id='word_1_135' title='bbox 1236 2229 1314 2294; x_wconf 93' lang='lat' dir='ltr'>olim</span> <span class='ocrx_word' id='word_1_136' title='bbox 1347 2227 1443 2294; x_wconf 90' lang='lat' dir='ltr'>etiam</span> <span class='ocrx_word' id='word_1_137' title='bbox 1468 2229 1505 2294; x_wconf 93' lang='lat' dir='ltr'>in</span> 
     </span>
     <span class='ocr_line' id='line_1_21' title="bbox 330 2341 1504 2428; baseline -0.003 -20"><span class='ocrx_word' id='word_1_138' title='bbox 330 2363 415 2425; x_wconf 91' lang='lat' dir='ltr'>quos</span> <span class='ocrx_word' id='word_1_139' title='bbox 435 2346 541 2428; x_wconf 91' lang='lat' dir='ltr'>justas</span> <span class='ocrx_word' id='word_1_140' title='bbox 563 2343 727 2409; x_wconf 87' lang='lat' dir='ltr'>habebant</span> <span class='ocrx_word' id='word_1_141' title='bbox 750 2362 912 2406; x_wconf 90' lang='lat' dir='ltr'>armorum</span> <span class='ocrx_word' id='word_1_142' title='bbox 931 2360 1071 2422; x_wconf 87' lang='lat' dir='ltr'>causas,</span> <span class='ocrx_word' id='word_1_143' title='bbox 1095 2342 1147 2407; x_wconf 91' lang='lat' dir='ltr'>his</span> <span class='ocrx_word' id='word_1_144' title='bbox 1168 2341 1359 2424; x_wconf 85' lang='lat' dir='ltr'>priusquam</span> <span class='ocrx_word' id='word_1_145' title='bbox 1377 2342 1504 2406; x_wconf 89' lang='lat' dir='ltr'>bellum</span> 
     </span>
     <span class='ocr_line' id='line_1_22' title="bbox 329 2453 1501 2520; baseline -0.002 0"><span class='ocrx_word' id='word_1_146' title='bbox 329 2454 511 2520; x_wconf 89' lang='lat' dir='ltr'>indicerent</span> <span class='ocrx_word' id='word_1_147' title='bbox 543 2453 716 2519; x_wconf 86' lang='lat' dir='ltr'>amicitiam</span> <span class='ocrx_word' id='word_1_148' title='bbox 751 2453 981 2520; x_wconf 88' lang='lat' dir='ltr'>renuntiabant</span> <span class='ocrx_word' id='word_1_149' title='bbox 1007 2460 1028 2518; x_wconf 83' lang='lat'>⁸.</span> <span class='ocrx_word' id='word_1_150' title='bbox 1093 2453 1246 2519; x_wconf 89' lang='lat' dir='ltr'>Lusitani</span> <span class='ocrx_word' id='word_1_151' title='bbox 1278 2468 1389 2519; x_wconf 90' lang='lat' dir='ltr'>contra</span> <span class='ocrx_word' id='word_1_152' title='bbox 1423 2474 1501 2518; x_wconf 90' lang='lat' dir='ltr'>cum</span> 
     </span>
     <span class='ocr_line' id='line_1_23' title="bbox 328 2564 1505 2650; baseline 0.003 -20"><span class='ocrx_word' id='word_1_153' title='bbox 328 2566 552 2632; x_wconf 85' lang='lat' dir='ltr'>crudelissima</span> <span class='ocrx_word' id='word_1_154' title='bbox 575 2587 726 2648; x_wconf 92' lang='lat' dir='ltr'>quaeque</span> <span class='ocrx_word' id='word_1_155' title='bbox 750 2566 783 2630; x_wconf 93' lang='lat' dir='ltr'>in</span> <span class='ocrx_word' id='word_1_156' title='bbox 807 2565 948 2632; x_wconf 91' lang='lat' dir='ltr'>Batavos</span> <span class='ocrx_word' id='word_1_157' title='bbox 978 2566 1224 2650; x_wconf 85' lang='lat' dir='ltr'>excogitarent,</span> <span class='ocrx_word' id='word_1_158' title='bbox 1250 2586 1318 2647; x_wconf 93' lang='lat' dir='ltr'>quo</span> <span class='ocrx_word' id='word_1_159' title='bbox 1350 2566 1430 2630; x_wconf 90' lang='lat' dir='ltr'>haec</span> <span class='ocrx_word' id='word_1_160' title='bbox 1454 2564 1505 2636; x_wconf 55' lang='lat' dir='ltr'>fa.</span> 
     </span>
     <span class='ocr_line' id='line_1_24' title="bbox 328 2678 1504 2761; baseline 0.001 -18"><span class='ocrx_word' id='word_1_161' title='bbox 328 2679 426 2745; x_wconf 92' lang='lat' dir='ltr'>cilius</span> <span class='ocrx_word' id='word_1_162' title='bbox 449 2679 684 2760; x_wconf 89' lang='lat' dir='ltr'>succederent,</span> <span class='ocrx_word' id='word_1_163' title='bbox 710 2678 870 2744; x_wconf 89' lang='lat' dir='ltr'>amicitiae</span> <span class='ocrx_word' id='word_1_164' title='bbox 900 2681 976 2744; x_wconf 91' lang='lat' dir='ltr'>velo</span> <span class='ocrx_word' id='word_1_165' title='bbox 1000 2679 1229 2744; x_wconf 86' lang='lat' dir='ltr'>abutebantur.</span> <span class='ocrx_word' id='word_1_166' title='bbox 1277 2678 1341 2743; x_wconf 90' lang='lat' dir='ltr'>Sed</span> <span class='ocrx_word' id='word_1_167' title='bbox 1361 2679 1504 2761; x_wconf 79' lang='lat' dir='ltr'>hoc·pa·</span> 
     </span>
     <span class='ocr_line' id='line_1_25' title="bbox 327 2790 1503 2876; baseline -0.002 -18"><span class='ocrx_word' id='word_1_168' title='bbox 327 2813 418 2858; x_wconf 88' lang='lat' dir='ltr'>rum:</span> <span class='ocrx_word' id='word_1_169' title='bbox 451 2807 563 2858; x_wconf 86' lang='lat' dir='ltr'>contra</span> <span class='ocrx_word' id='word_1_170' title='bbox 596 2812 683 2858; x_wconf 89' lang='lat' dir='ltr'>sacra</span> <span class='ocrx_word' id='word_1_171' title='bbox 714 2791 803 2874; x_wconf 90' lang='lat' dir='ltr'>pacis</span> <span class='ocrx_word' id='word_1_172' title='bbox 835 2791 996 2876; x_wconf 89' lang='lat' dir='ltr'>insignia,</span> <span class='ocrx_word' id='word_1_173' title='bbox 1030 2806 1141 2858; x_wconf 87' lang='lat' dir='ltr'>contra</span> <span class='ocrx_word' id='word_1_174' title='bbox 1172 2791 1342 2874; x_wconf 89' lang='lat' dir='ltr'>pactiones</span> <span class='ocrx_word' id='word_1_175' title='bbox 1367 2790 1503 2856; x_wconf 90' lang='lat' dir='ltr'>minime</span> 
     </span>
     <span class='ocr_line' id='line_1_26' title="bbox 327 2901 1504 2988; baseline -0.002 -18"><span class='ocrx_word' id='word_1_176' title='bbox 327 2903 467 2985; x_wconf 89' lang='lat' dir='ltr'>dubias,</span> <span class='ocrx_word' id='word_1_177' title='bbox 491 2919 603 2970; x_wconf 89' lang='lat' dir='ltr'>contra</span> <span class='ocrx_word' id='word_1_178' title='bbox 626 2903 849 2987; x_wconf 90' lang='lat' dir='ltr'>interpositam</span> <span class='ocrx_word' id='word_1_179' title='bbox 871 2902 1084 2988; x_wconf 85' lang='lat' dir='ltr'>jurisjurandi</span> <span class='ocrx_word' id='word_1_180' title='bbox 1105 2901 1296 2987; x_wconf 85' lang='lat' dir='ltr'>religionem</span> <span class='ocrx_word' id='word_1_181' title='bbox 1321 2903 1355 2968; x_wconf 91' lang='lat' dir='ltr'>in</span> <span class='ocrx_word' id='word_1_182' title='bbox 1374 2903 1504 2969; x_wconf 90' lang='lat' dir='ltr'>violan-</span> 
     </span>
     <span class='ocr_line' id='line_1_27' title="bbox 327 3016 1503 3101; baseline 0 -18"><span class='ocrx_word' id='word_1_183' title='bbox 327 3018 378 3084; x_wconf 91' lang='lat' dir='ltr'>dis</span> <span class='ocrx_word' id='word_1_184' title='bbox 407 3017 539 3084; x_wconf 88' lang='lat' dir='ltr'>Batavis</span> <span class='ocrx_word' id='word_1_185' title='bbox 571 3032 680 3101; x_wconf 86' lang='lat' dir='ltr'>aperte</span> <span class='ocrx_word' id='word_1_186' title='bbox 709 3031 845 3083; x_wconf 90' lang='lat' dir='ltr'>ventum</span> <span class='ocrx_word' id='word_1_187' title='bbox 877 3031 948 3097; x_wconf 91' lang='lat' dir='ltr'>est,</span> <span class='ocrx_word' id='word_1_188' title='bbox 972 3036 1032 3082; x_wconf 88' lang='lat' dir='ltr'>nec</span> <span class='ocrx_word' id='word_1_189' title='bbox 1053 3016 1235 3098; x_wconf 86' lang='lat' dir='ltr'>quidquam</span> <span class='ocrx_word' id='word_1_190' title='bbox 1264 3030 1329 3081; x_wconf 92' lang='lat' dir='ltr'>tam</span> <span class='ocrx_word' id='word_1_191' title='bbox 1353 3032 1503 3083; x_wconf 89' lang='lat' dir='ltr'>sanctum</span> 
     </span>
     <span class='ocr_line' id='line_1_28' title="bbox 327 3128 1503 3212; baseline -0.001 -16"><span class='ocrx_word' id='word_1_192' title='bbox 327 3129 414 3211; x_wconf 89' lang='lat' dir='ltr'>fuit,</span> <span class='ocrx_word' id='word_1_193' title='bbox 438 3130 530 3212; x_wconf 93' lang='lat' dir='ltr'>quod</span> <span class='ocrx_word' id='word_1_194' title='bbox 560 3131 637 3196; x_wconf 92' lang='lat' dir='ltr'>illos</span> <span class='ocrx_word' id='word_1_195' title='bbox 666 3131 705 3196; x_wconf 92' lang='lat' dir='ltr'>ab</span> <span class='ocrx_word' id='word_1_196' title='bbox 738 3129 979 3194; x_wconf 87' lang='lat' dir='ltr'>Hollandorum</span> <span class='ocrx_word' id='word_1_197' title='bbox 1013 3128 1171 3212; x_wconf 87' lang='lat' dir='ltr'>sanguine</span> <span class='ocrx_word' id='word_1_198' title='bbox 1203 3143 1378 3194; x_wconf 89' lang='lat' dir='ltr'>coerceret.</span> <span class='ocrx_word' id='word_1_199' title='bbox 1438 3130 1503 3195; x_wconf 92' lang='lat' dir='ltr'>His</span> 
     </span>
     <span class='ocr_line' id='line_1_29' title="bbox 327 3240 1502 3324; baseline 0 -16"><span class='ocrx_word' id='word_1_200' title='bbox 327 3245 433 3310; x_wconf 88' lang='lat' dir='ltr'>affinia</span> <span class='ocrx_word' id='word_1_201' title='bbox 462 3258 540 3309; x_wconf 92' lang='lat' dir='ltr'>sunt</span> <span class='ocrx_word' id='word_1_202' title='bbox 562 3262 687 3310; x_wconf 87' lang='lat' dir='ltr'>venena</span> <span class='ocrx_word' id='word_1_203' title='bbox 717 3256 749 3307; x_wconf 89' lang='lat' dir='ltr'>et</span> <span class='ocrx_word' id='word_1_204' title='bbox 781 3241 916 3307; x_wconf 91' lang='lat' dir='ltr'>immissi</span> <span class='ocrx_word' id='word_1_205' title='bbox 940 3240 1119 3306; x_wconf 88' lang='lat' dir='ltr'>amicorum</span> <span class='ocrx_word' id='word_1_206' title='bbox 1145 3241 1253 3323; x_wconf 91' lang='lat' dir='ltr'>specie</span> <span class='ocrx_word' id='word_1_207' title='bbox 1277 3262 1502 3324; x_wconf 90' lang='lat' dir='ltr'>percussores.</span> 
     </span>
     <span class='ocr_line' id='line_1_30' title="bbox 328 3352 1504 3444; baseline -0.002 -22"><span class='ocrx_word' id='word_1_208' title='bbox 328 3356 430 3444; x_wconf 90' lang='lat' dir='ltr'>Quod</span> <span class='ocrx_word' id='word_1_209' title='bbox 463 3357 503 3421; x_wconf 91' lang='lat' dir='ltr'>de</span> <span class='ocrx_word' id='word_1_210' title='bbox 535 3356 653 3422; x_wconf 90' lang='lat' dir='ltr'>Perseo</span> <span class='ocrx_word' id='word_1_211' title='bbox 685 3355 778 3440; x_wconf 88' lang='lat' dir='ltr'>Rege</span> <span class='ocrx_word' id='word_1_212' title='bbox 812 3355 890 3420; x_wconf 92' lang='lat' dir='ltr'>olim</span> <span class='ocrx_word' id='word_1_213' title='bbox 923 3354 1047 3420; x_wconf 90' lang='lat' dir='ltr'>dictum</span> <span class='ocrx_word' id='word_1_214' title='bbox 1078 3368 1127 3420; x_wconf 91' lang='lat' dir='ltr'>est</span> <span class='ocrx_word' id='word_1_215' title='bbox 1150 3354 1215 3419; x_wconf 93' lang='lat' dir='ltr'>huc</span> <span class='ocrx_word' id='word_1_216' title='bbox 1239 3352 1352 3419; x_wconf 89' lang='lat' dir='ltr'>referri</span> <span class='ocrx_word' id='word_1_217' title='bbox 1376 3370 1504 3438; x_wconf 88' lang='lat' dir='ltr'>potest:</span> 
     </span>
     <span class='ocr_line' id='line_1_31' title="bbox 327 3464 1503 3554; baseline -0.001 -20"><span class='ocrx_word' id='word_1_218' title='bbox 327 3488 393 3535; x_wconf 90' lang='lat' dir='ltr'>non</span> <span class='ocrx_word' id='word_1_219' title='bbox 413 3469 538 3553; x_wconf 85' lang='lat' dir='ltr'>justum</span> <span class='ocrx_word' id='word_1_220' title='bbox 563 3469 684 3535; x_wconf 90' lang='lat' dir='ltr'>bellum</span> <span class='ocrx_word' id='word_1_221' title='bbox 708 3487 859 3554; x_wconf 77' lang='lat' dir='ltr'>apparare</span> <span class='ocrx_word' id='word_1_222' title='bbox 884 3466 1087 3548; x_wconf 92' lang='lat' dir='ltr'>Lusitanos,</span> <span class='ocrx_word' id='word_1_223' title='bbox 1113 3464 1171 3531; x_wconf 84' lang='lat' dir='ltr'>sed</span> <span class='ocrx_word' id='word_1_224' title='bbox 1186 3480 1251 3550; x_wconf 84' lang='lat' dir='ltr'>per</span> <span class='ocrx_word' id='word_1_225' title='bbox 1275 3470 1385 3531; x_wconf 81' lang='lat' dir='ltr'>omnia</span> <span class='ocrx_word' id='word_1_226' title='bbox 1409 3468 1503 3533; x_wconf 81' lang='lat' dir='ltr'>clan-</span> 
     </span>
     <span class='ocr_line' id='line_1_32' title="bbox 328 3576 1502 3665; baseline -0.002 -17"><span class='ocrx_word' id='word_1_227' title='bbox 328 3581 459 3648; x_wconf 77' lang='lat' dir='ltr'>destina</span> <span class='ocrx_word' id='word_1_228' title='bbox 482 3581 740 3646; x_wconf 80' lang='lat' dir='ltr'>latrociniorum</span> <span class='ocrx_word' id='word_1_229' title='bbox 762 3594 793 3644; x_wconf 82' lang='lat' dir='ltr'>et</span> <span class='ocrx_word' id='word_1_230' title='bbox 814 3576 1044 3662; x_wconf 67' lang='lat' dir='ltr'>veneficiorum</span> <span class='ocrx_word' id='word_1_231' title='bbox 1068 3579 1192 3644; x_wconf 81' lang='lat' dir='ltr'>scelera</span> <span class='ocrx_word' id='word_1_232' title='bbox 1208 3583 1369 3665; x_wconf 83' lang='lat' dir='ltr'>grassari</span> <span class='ocrx_word' id='word_1_233' title='bbox 1381 3581 1404 3645; x_wconf 74' lang='lat'>⁴.</span> <span class='ocrx_word' id='word_1_234' title='bbox 1430 3581 1502 3646; x_wconf 87' lang='lat' dir='ltr'>Aut</span> 
     </span>
     <span class='ocr_line' id='line_1_33' title="bbox 329 3691 1498 3778; baseline -0.002 -18"><span class='ocrx_word' id='word_1_235' title='bbox 329 3695 420 3777; x_wconf 93' lang='lat' dir='ltr'>quod</span> <span class='ocrx_word' id='word_1_236' title='bbox 448 3695 481 3760; x_wconf 91' lang='lat' dir='ltr'>in</span> <span class='ocrx_word' id='word_1_237' title='bbox 512 3693 649 3759; x_wconf 90' lang='lat' dir='ltr'>Darium</span> <span class='ocrx_word' id='word_1_238' title='bbox 674 3692 876 3758; x_wconf 82' lang='lat' dir='ltr'>Alexander:</span> <span class='ocrx_word' id='word_1_239' title='bbox 908 3693 1016 3778; x_wconf 81' lang='lat' dir='ltr'>impia</span> <span class='ocrx_word' id='word_1_240' title='bbox 1045 3691 1132 3756; x_wconf 84' lang='lat' dir='ltr'>bella</span> <span class='ocrx_word' id='word_1_241' title='bbox 1155 3694 1321 3778; x_wconf 80' lang='lat' dir='ltr'>suscipitis</span> <span class='ocrx_word' id='word_1_242' title='bbox 1346 3705 1401 3772; x_wconf 83' lang='lat' dir='ltr'>et,</span> <span class='ocrx_word' id='word_1_243' title='bbox 1426 3715 1498 3758; x_wconf 84' lang='lat' dir='ltr'>cum</span> 
     </span>
     <span class='ocr_line' id='line_1_34' title="bbox 328 3803 1500 3890; baseline -0.003 -18"><span class='ocrx_word' id='word_1_244' title='bbox 328 3807 479 3873; x_wconf 79' lang='lat' dir='ltr'>habeatis</span> <span class='ocrx_word' id='word_1_245' title='bbox 511 3827 634 3886; x_wconf 81' lang='lat' dir='ltr'>arma,</span> <span class='ocrx_word' id='word_1_246' title='bbox 667 3806 851 3871; x_wconf 83' lang='lat' dir='ltr'>licitamini</span> <span class='ocrx_word' id='word_1_247' title='bbox 880 3806 1022 3870; x_wconf 84' lang='lat' dir='ltr'>hostium</span> <span class='ocrx_word' id='word_1_248' title='bbox 1057 3807 1172 3890; x_wconf 81' lang='lat' dir='ltr'>capita</span> <span class='ocrx_word' id='word_1_249' title='bbox 1194 3809 1216 3870; x_wconf 83' lang='lat'>⁵.</span> <span class='ocrx_word' id='word_1_250' title='bbox 1274 3803 1364 3868; x_wconf 91' lang='lat' dir='ltr'>Haec</span> <span class='ocrx_word' id='word_1_251' title='bbox 1397 3803 1500 3889; x_wconf 91' lang='lat' dir='ltr'>igitur</span> 
     </span>
    </p>
   </div>
   <div class='ocr_carea' id='block_1_8' title="bbox 326 3965 522 3975">
    <p class='ocr_par' dir='ltr' id='par_1_8' title="bbox 326 3965 522 3975">
     <span class='ocr_line' id='line_1_35' title="bbox 326 3965 522 3975; baseline -0.005 0"><span class='ocrx_word' id='word_1_252' title='bbox 326 3965 522 3975; x_wconf 46' lang='grc' dir='ltr'>..ῳ-.-</span> 
     </span>
    </p>
   </div>
   <div class='ocr_carea' id='block_1_9' title="bbox 328 4042 1504 4568">
    <p class='ocr_par' dir='ltr' id='par_1_9' title="bbox 328 4042 1504 4568">
     <span class='ocr_line' id='line_1_36' title="bbox 363 4042 1502 4106; baseline -0.003 -9"><span class='ocrx_word' id='word_1_253' title='bbox 363 4047 371 4079; x_wconf 83' lang='lat'>¹</span> <span class='ocrx_word' id='word_1_254' title='bbox 389 4049 456 4097; x_wconf 88' lang='lat' dir='ltr'>Bart.</span> <span class='ocrx_word' id='word_1_255' title='bbox 471 4059 496 4095; x_wconf 88' lang='lat' dir='ltr'>et</span> <span class='ocrx_word' id='word_1_256' title='bbox 514 4043 563 4095; x_wconf 84' lang='lat' dir='ltr'>nd.</span> <span class='ocrx_word' id='word_1_257' title='bbox 581 4046 613 4094; x_wconf 83' lang='lat' dir='ltr'>ad</span> <span class='ocrx_word' id='word_1_258' title='bbox 631 4048 647 4094; x_wconf 92' lang='lat' dir='ltr'>l.</span> <span class='ocrx_word' id='word_1_259' title='bbox 662 4048 757 4095; x_wconf 89' lang='lat' dir='ltr'>hostes.</span> <span class='ocrx_word' id='word_1_260' title='bbox 771 4043 798 4092; x_wconf 83' lang='lat' dir='ltr'>ff.</span> <span class='ocrx_word' id='word_1_261' title='bbox 814 4045 845 4092; x_wconf 92' lang='lat' dir='ltr'>de</span> <span class='ocrx_word' id='word_1_262' title='bbox 861 4055 929 4103; x_wconf 89' lang='lat' dir='ltr'>capt.</span> <span class='ocrx_word' id='word_1_263' title='bbox 949 4044 992 4106; x_wconf 91' lang='lat' dir='ltr'>[D.</span> <span class='ocrx_word' id='word_1_264' title='bbox 1008 4056 1050 4106; x_wconf 75' lang='lat'>49.</span> <span class='ocrx_word' id='word_1_265' title='bbox 1071 4055 1109 4099; x_wconf 88' lang='lat'>15·</span> <span class='ocrx_word' id='word_1_266' title='bbox 1127 4042 1181 4104; x_wconf 84' lang='lat'>24.]</span> <span class='ocrx_word' id='word_1_267' title='bbox 1202 4044 1308 4091; x_wconf 79' lang='lat' dir='ltr'>Coram.</span> <span class='ocrx_word' id='word_1_268' title='bbox 1325 4042 1351 4090; x_wconf 90' lang='lat' dir='ltr'>in</span> <span class='ocrx_word' id='word_1_269' title='bbox 1370 4056 1393 4092; x_wconf 88' lang='lat' dir='ltr'>c.</span> <span class='ocrx_word' id='word_1_270' title='bbox 1410 4058 1502 4104; x_wconf 84' lang='lat' dir='ltr'>pecea-</span> 
     </span>
     <span class='ocr_line' id='line_1_37' title="bbox 329 4132 1504 4199; baseline -0.004 -10"><span class='ocrx_word' id='word_1_271' title='bbox 329 4144 418 4199; x_wconf 59' lang='lat' dir='ltr'>tuml.</span> <span class='ocrx_word' id='word_1_272' title='bbox 437 4153 475 4188; x_wconf 88' lang='lat' dir='ltr'>rr.</span> <span class='ocrx_word' id='word_1_273' title='bbox 491 4153 515 4188; x_wconf 92' lang='lat' dir='ltr'>n.</span> <span class='ocrx_word' id='word_1_274' title='bbox 534 4139 557 4187; x_wconf 88' lang='lat'>6.</span> <span class='ocrx_word' id='word_1_275' title='bbox 592 4135 650 4186; x_wconf 78' lang='lat' dir='ltr'>²V.</span> <span class='ocrx_word' id='word_1_276' title='bbox 664 4139 712 4186; x_wconf 90' lang='lat' dir='ltr'>Dd.</span> <span class='ocrx_word' id='word_1_277' title='bbox 731 4137 757 4184; x_wconf 91' lang='lat' dir='ltr'>in</span> <span class='ocrx_word' id='word_1_278' title='bbox 774 4139 790 4184; x_wconf 92' lang='lat' dir='ltr'>l.</span> <span class='ocrx_word' id='word_1_279' title='bbox 805 4136 826 4184; x_wconf 94' lang='lat' dir='ltr'>si</span> <span class='ocrx_word' id='word_1_280' title='bbox 844 4136 895 4184; x_wconf 91' lang='lat' dir='ltr'>duo</span> <span class='ocrx_word' id='word_1_281' title='bbox 914 4135 1024 4196; x_wconf 90' lang='lat' dir='ltr'>patroni.</span> <span class='ocrx_word' id='word_1_282' title='bbox 1044 4138 1066 4193; x_wconf 66' lang='grc' dir='ltr'>ξ.</span> <span class='ocrx_word' id='word_1_283' title='bbox 1080 4133 1166 4182; x_wconf 75' lang='lat' dir='ltr'>ulnff.</span> <span class='ocrx_word' id='word_1_284' title='bbox 1185 4136 1217 4183; x_wconf 93' lang='lat' dir='ltr'>de</span> <span class='ocrx_word' id='word_1_285' title='bbox 1234 4132 1340 4192; x_wconf 84' lang='lat' dir='ltr'>jurejur.</span> <span class='ocrx_word' id='word_1_286' title='bbox 1361 4133 1406 4197; x_wconf 89' lang='lat' dir='ltr'>[D.</span> <span class='ocrx_word' id='word_1_287' title='bbox 1426 4150 1464 4185; x_wconf 85' lang='lat'>12.</span> <span class='ocrx_word' id='word_1_288' title='bbox 1480 4151 1504 4186; x_wconf 83' lang='lat' dir='ltr'>a.</span> 
     </span>
     <span class='ocr_line' id='line_1_38' title="bbox 332 4223 1503 4293; baseline -0.004 -12"><span class='ocrx_word' id='word_1_289' title='bbox 332 4244 370 4289; x_wconf 80' lang='lat'>13.</span> <span class='ocrx_word' id='word_1_290' title='bbox 390 4232 411 4293; x_wconf 85' lang='lat'>§.</span> <span class='ocrx_word' id='word_1_291' title='bbox 433 4230 470 4293; x_wconf 91' lang='lat'>6.]</span> <span class='ocrx_word' id='word_1_292' title='bbox 496 4231 571 4280; x_wconf 86' lang='lat' dir='ltr'>Adde</span> <span class='ocrx_word' id='word_1_293' title='bbox 589 4233 606 4278; x_wconf 95' lang='lat' dir='ltr'>l.</span> <span class='ocrx_word' id='word_1_294' title='bbox 620 4232 667 4278; x_wconf 88' lang='lat' dir='ltr'>ult.</span> <span class='ocrx_word' id='word_1_295' title='bbox 684 4229 710 4277; x_wconf 81' lang='lat' dir='ltr'>ff.</span> <span class='ocrx_word' id='word_1_296' title='bbox 726 4228 895 4278; x_wconf 86' lang='lat' dir='ltr'>stellionatus.</span> <span class='ocrx_word' id='word_1_297' title='bbox 916 4227 959 4291; x_wconf 90' lang='lat' dir='ltr'>[D.</span> <span class='ocrx_word' id='word_1_298' title='bbox 977 4240 1018 4287; x_wconf 83' lang='lat'>47.</span> <span class='ocrx_word' id='word_1_299' title='bbox 1037 4240 1077 4274; x_wconf 81' lang='lat'>20.</span> <span class='ocrx_word' id='word_1_300' title='bbox 1095 4224 1133 4287; x_wconf 82' lang='lat'>4.]</span> <span class='ocrx_word' id='word_1_301' title='bbox 1158 4227 1175 4272; x_wconf 90' lang='lat' dir='ltr'>l.</span> <span class='ocrx_word' id='word_1_302' title='bbox 1200 4225 1221 4273; x_wconf 87' lang='lat' dir='ltr'>si</span> <span class='ocrx_word' id='word_1_303' title='bbox 1242 4225 1298 4285; x_wconf 91' lang='lat' dir='ltr'>quis</span> <span class='ocrx_word' id='word_1_304' title='bbox 1318 4223 1410 4283; x_wconf 87' lang='lat' dir='ltr'>major.</span> <span class='ocrx_word' id='word_1_305' title='bbox 1426 4229 1456 4275; x_wconf 87' lang='lat' dir='ltr'>C.</span> <span class='ocrx_word' id='word_1_306' title='bbox 1471 4228 1503 4276; x_wconf 91' lang='lat' dir='ltr'>de</span> 
     </span>
     <span class='ocr_line' id='line_1_39' title="bbox 328 4317 1504 4386; baseline -0.003 -15"><span class='ocrx_word' id='word_1_307' title='bbox 328 4335 404 4372; x_wconf 89' lang='lat' dir='ltr'>trans.</span> <span class='ocrx_word' id='word_1_308' title='bbox 430 4323 472 4385; x_wconf 90' lang='lat' dir='ltr'>[C.</span> <span class='ocrx_word' id='word_1_309' title='bbox 497 4337 521 4371; x_wconf 78' lang='lat' dir='ltr'>r.</span> <span class='ocrx_word' id='word_1_310' title='bbox 538 4335 562 4384; x_wconf 87' lang='lat'>4.</span> <span class='ocrx_word' id='word_1_311' title='bbox 581 4320 636 4386; x_wconf 82' lang='lat'>41.]</span> <span class='ocrx_word' id='word_1_312' title='bbox 656 4323 687 4368; x_wconf 95' lang='lat' dir='ltr'>V.</span> <span class='ocrx_word' id='word_1_313' title='bbox 703 4321 813 4370; x_wconf 89' lang='lat' dir='ltr'>Gellium</span> <span class='ocrx_word' id='word_1_314' title='bbox 833 4322 850 4368; x_wconf 96' lang='lat' dir='ltr'>l.</span> <span class='ocrx_word' id='word_1_315' title='bbox 868 4332 892 4378; x_wconf 84' lang='lat'>7.</span> <span class='ocrx_word' id='word_1_316' title='bbox 911 4333 934 4368; x_wconf 91' lang='lat' dir='ltr'>c.</span> <span class='ocrx_word' id='word_1_317' title='bbox 957 4321 996 4367; x_wconf 86' lang='lat'>18.</span> <span class='ocrx_word' id='word_1_318' title='bbox 1014 4320 1044 4366; x_wconf 87' lang='lat' dir='ltr'>Et</span> <span class='ocrx_word' id='word_1_319' title='bbox 1059 4331 1124 4378; x_wconf 88' lang='lat' dir='ltr'>quae</span> <span class='ocrx_word' id='word_1_320' title='bbox 1140 4317 1248 4366; x_wconf 88' lang='lat' dir='ltr'>diximus</span> <span class='ocrx_word' id='word_1_321' title='bbox 1267 4319 1299 4366; x_wconf 87' lang='lat' dir='ltr'>ad</span> <span class='ocrx_word' id='word_1_322' title='bbox 1316 4320 1400 4374; x_wconf 88' lang='lat' dir='ltr'>concl.</span> <span class='ocrx_word' id='word_1_323' title='bbox 1419 4331 1444 4376; x_wconf 82' lang='lat'>7.</span> <span class='ocrx_word' id='word_1_324' title='bbox 1459 4331 1504 4367; x_wconf 85' lang='lat' dir='ltr'>art.</span> 
     </span>
     <span class='ocr_line' id='line_1_40' title="bbox 331 4407 1502 4477; baseline -0.005 -13"><span class='ocrx_word' id='word_1_325' title='bbox 331 4429 353 4474; x_wconf 90' lang='grc'>3.</span> <span class='ocrx_word' id='word_1_326' title='bbox 371 4429 397 4477; x_wconf 89' lang='lat' dir='ltr'>p.</span> <span class='ocrx_word' id='word_1_327' title='bbox 415 4430 439 4464; x_wconf 77' lang='lat' dir='ltr'>a.</span> <span class='ocrx_word' id='word_1_328' title='bbox 471 4414 558 4464; x_wconf 68' lang='lat' dir='ltr'>’Lim</span> <span class='ocrx_word' id='word_1_329' title='bbox 570 4414 616 4462; x_wconf 89' lang='lat' dir='ltr'>lib.</span> <span class='ocrx_word' id='word_1_330' title='bbox 636 4414 676 4470; x_wconf 87' lang='grc'>36.</span> <span class='ocrx_word' id='word_1_331' title='bbox 696 4413 732 4474; x_wconf 91' lang='lat' dir='ltr'>[c.</span> <span class='ocrx_word' id='word_1_332' title='bbox 750 4411 786 4476; x_wconf 90' lang='grc'>3.]</span> <span class='ocrx_word' id='word_1_333' title='bbox 803 4423 829 4460; x_wconf 88' lang='lat' dir='ltr'>et</span> <span class='ocrx_word' id='word_1_334' title='bbox 847 4411 890 4459; x_wconf 91' lang='lat' dir='ltr'>alii</span> <span class='ocrx_word' id='word_1_335' title='bbox 905 4410 1007 4471; x_wconf 87' lang='lat' dir='ltr'>passim.</span> <span class='ocrx_word' id='word_1_336' title='bbox 1032 4407 1044 4440; x_wconf 88' lang='lat'><strong>⁴</strong></span> <span class='ocrx_word' id='word_1_337' title='bbox 1061 4409 1119 4458; x_wconf 89' lang='lat' dir='ltr'>Liv.</span> <span class='ocrx_word' id='word_1_338' title='bbox 1143 4409 1190 4456; x_wconf 93' lang='lat' dir='ltr'>lib.</span> <span class='ocrx_word' id='word_1_339' title='bbox 1206 4422 1247 4469; x_wconf 81' lang='lat'>42.</span> <span class='ocrx_word' id='word_1_340' title='bbox 1268 4409 1304 4471; x_wconf 92' lang='lat' dir='ltr'>[c.</span> <span class='ocrx_word' id='word_1_341' title='bbox 1325 4407 1375 4472; x_wconf 88' lang='lat'>18.]</span> <span class='ocrx_word' id='word_1_342' title='bbox 1402 4409 1413 4441; x_wconf 85' lang='lat'>⁵</span> <span class='ocrx_word' id='word_1_343' title='bbox 1432 4413 1502 4460; x_wconf 87' lang='lat' dir='ltr'>Curt.</span> 
     </span>
     <span class='ocr_line' id='line_1_41' title="bbox 330 4506 527 4568; baseline -0.005 -13"><span class='ocrx_word' id='word_1_344' title='bbox 330 4506 527 4568; x_wconf 49' lang='lat' dir='ltr'>Mamm</span> 
     </span>
    </p>
   </div>
   <div class='ocr_carea' id='block_1_10' title="bbox 0 0 1668 5506">
    <p class='ocr_par' dir='ltr' id='par_1_10' title="bbox 0 0 1668 5506">
     <span class='ocr_line' id='line_1_42' title="bbox 0 0 1668 5506; baseline 0 0"><span class='ocrx_word' id='word_1_345' title='bbox 0 0 1668 5506; x_wconf 95' lang='lat' dir='ltr'> </span> 
     </span>
    </p>
   </div>
  </div>
 </body>
</html>
