3326 5506
429 627 475 672 un
499 627 592 692 June
619 625 999 672 rnnnnnrr.cna.x11.
1230 607 1289 668 261

119 784 208 850 bello
246 780 400 862 licuerit,
436 782 719 850 considerandum.
777 784 938 866 Apertum
972 778 1112 848 fecimus
1147 795 1207 845 nec
1238 781 1294 864 jus

120 894 236 962 excedi
270 914 391 978 posse,
424 895 465 960 de
498 915 566 976 quo
590 894 725 980 agitur,
758 913 818 960 nec
845 911 999 977 personas
1027 891 1093 978 juri
1121 891 1292 977 obligatas.

119 1006 297 1091 Quodnam
320 1006 365 1071 sit
384 1007 439 1091 jus
463 1006 659 1072 batavorum
682 1005 715 1070 in
743 1005 945 1085 Lusitanos,
970 1003 1002 1069 in
1025 1003 1132 1070 causis
1152 1003 1293 1088 explica·

119 1132 190 1183 turn
215 1132 277 1183 est.
326 1117 391 1184 Sed
418 1117 606 1183 omittamus
627 1119 682 1202 J'us
705 1136 801 1183 omne
823 1115 983 1196 ultionis,
1008 1135 1075 1198 quo
1096 1115 1209 1182 Batavi
1231 1136 1294 1198 pu-

118 1229 189 1294 nire
219 1229 397 1296 Lusitanos
426 1244 607 1312 potuerunt
629 1231 673 1295 ob
704 1228 862 1296 violatum
886 1228 1032 1314 gentium
1048 1229 1102 1314 jus
1124 1227 1158 1293 in
1181 1226 1294 1311 prohi-

119 1340 237 1406 bendis
276 1340 503 1422 commerciis,
539 1342 582 1407 ob
615 1340 793 1407 calumnias
828 1355 981 1421 atroces,
1016 1341 1058 1406 ob
1095 1340 1293 1420 homicidia,

119 1452 313 1535 perfidiam,
337 1453 486 1536 rapinas:
510 1453 564 1519 cui
593 1452 660 1538 J'uri
682 1455 771 1520 nulla
792 1473 947 1536 umquam
971 1452 1205 1519 Lusitanorum
1225 1453 1294 1536 jac-

122 1579 194 1630 tura
214 1563 368 1631 satisfieri
390 1580 511 1648 potest.
558 1566 646 1632 Illud
668 1584 857 1646 sumamus,
882 1564 973 1647 quod
994 1564 1038 1630 ita
1057 1579 1224 1656 ostensum
1245 1579 1294 1632 est

122 1690 160 1741 ut
193 1697 290 1742 nemo
322 1677 430 1759 possit
460 1677 616 1759 diffiteri,
642 1698 681 1742 ex
706 1697 745 1744 eo
778 1677 870 1760 quod
891 1676 1042 1742 Lusitani
1075 1674 1295 1760 impedierunt

122 1786 264 1854 Batavos
284 1809 357 1854 cum
379 1789 584 1871 quibuslibet
605 1789 760 1856 Indorum
780 1787 970 1855 nationibus
990 1787 1091 1854 libere
1114 1773 1293 1873 negotiari,

123 1899 287 1984 obligatos
319 1917 375 1966 eos
407 1921 475 1965 esse
498 1901 539 1966 ad
561 1901 802 1967 restitutionem
823 1899 929 1966 omnis
950 1899 1055 1982 lucri,
1081 1901 1171 1983 quod
1192 1921 1228 1966 ea
1245 1921 1295 1965 ra·

124 2009 216 2075 tione
246 2011 377 2077 Batavis
407 2026 554 2096 ereptum
586 2027 652 2079 est:
682 2032 766 2094 quae
796 2011 928 2094 quidem
958 2010 1071 2096 ingens
1102 2031 1227 2079 summa
1247 2028 1296 2078 est

123 2143 197 2187 cum
219 2123 342 2206 primae
363 2123 588 2208 navigationes
609 2145 666 2208 per
685 2122 820 2190 insidias
839 2121 1075 2189 Lusitanorum
1096 2123 1208 2190 inanes
1226 2122 1295 2189 fere

123 2248 222 2316 atque
253 2233 476 2302 infructuosae
505 2234 648 2302 fuerint:
683 2251 753 2301 tum
784 2255 863 2301 vero
889 2255 928 2299 ex
949 2235 1038 2301 bello
1058 2235 1179 2320 injuste
1202 2235 1294 2301 illato

123 2345 232 2411 damni
262 2345 329 2412 dati
364 2347 494 2412 eosdem
527 2347 629 2413 teneri
663 2347 758 2412 etiarn
788 2361 955 2413 sumtuum
974 2348 1129 2428 nomine,
1153 2367 1294 2429 quorum

123 2477 249 2522 summa
279 2478 394 2542 genera
425 2478 523 2542 supra
553 2459 733 2545 attigimus.
781 2459 908 2525 Horum
930 2458 1100 2542 omnium,
1123 2458 1207 2524 lucri
1228 2477 1296 2524 ces·

121 2569 245 2648 santis,
275 2571 420 2654 jacturae
456 2585 488 2636 et
520 2570 735 2654 impensarum
771 2570 798 2636 si
829 2573 974 2636 calculus
1005 2585 1169 2654 ponatur,
1201 2586 1295 2638 etex

122 2681 223 2746 altera
252 2695 342 2764 parte
377 2695 488 2764 captae
511 2683 660 2748 caraccae
681 2681 904 2765 merciumque
932 2682 1130 2760 aestimati0‚
1156 2682 1292 2748 dubium

121 2807 261 2857 nonest
285 2792 366 2875 quin
390 2793 523 2876 expensi
547 2813 696 2874 summa,
721 2813 819 2877 quam
849 2793 974 2876 accepti
999 2793 1168 2875 aliquanto
1192 2795 1296 2880 major

122 2901 237 2968 futura
261 2903 327 2985 sit,
352 2919 385 2970 et
407 2907 485 2987 plus
508 2905 679 2972 Lusitanis
700 2904 814 2971 batavi
838 2905 1019 2988 imputent,
1040 2925 1135 2986 quam
1157 2905 1295 2971 debeant

121 3013 296 3080 victoriae.
354 3016 459 3098 Atqui
484 3037 626 3099 aequum
659 3016 750 3098 fuit,
775 3037 848 3082 cum
879 3031 1005 3082 maneat
1034 3016 1175 3101 injuria,
1200 3017 1297 3082 duret

121 3125 330 3208 periculum,
364 3142 524 3195 certamen
558 3128 782 3213 ingravescat,
817 3143 943 3193 tantum
975 3127 1040 3195 illis
1071 3127 1174 3212 eripi,
1208 3129 1295 3194 unde

123 3237 220 3302 etiam
241 3237 274 3302 in
295 3253 461 3321 posterum
486 3241 527 3306 ad
549 3240 634 3306 bella
656 3240 804 3306 subsidia
824 3241 1031 3306 haberentur.
1067 3240 1168 3306 Actio
1193 3239 1296 3325 igitur

123 3350 186 3414 ista
208 3349 285 3415 belli
305 3369 373 3417 non
396 3352 495 3418 modo
512 3353 566 3438 jus
590 3351 669 3418 belli
690 3372 817 3437 egressa
838 3371 906 3419 non
928 3366 999 3435 est,
1021 3352 1078 3417 sed
1096 3353 1193 3436 longe
1211 3351 1295 3418 intra

124 3460 284 3526 constitit.
331 3463 452 3544 Neque
484 3483 562 3528 vero
594 3482 772 3546 personas,
797 3463 920 3546 quibus
951 3477 1062 3546 erepta
1084 3478 1164 3528 sunt
1186 3464 1295 3545 bona,

123 3591 191 3637 non
223 3571 328 3640 fuisse
362 3573 545 3658 obligatas,
580 3575 755 3658 quisquam
788 3575 915 3641 dixerit.
974 3576 1129 3656 Namque
1148 3574 1295 3641 omnium

124 3703 258 3762 eorum,
293 3705 376 3767 quae
408 3685 501 3768 dixi,
524 3686 766 3752 restitutionem
790 3686 929 3752 debebat
952 3685 1135 3769 respublica
1158 3704 1216 3751 seu
1237 3706 1296 3769 po·

123 3797 224 3878 pulus
242 3795 496 3878 Lusitanorum,
517 3797 575 3879 qui
596 3793 769 3881 prohibuit
787 3797 999 3876 commercia,
1019 3797 1141 3862 bellum
1164 3795 1295 3880 intulit,

124 3906 158 3972 in
180 3919 294 3973 sontes
313 3907 525 3976 animadverti
547 3929 613 3976 non
633 3910 769 3976 curavit.
813 3909 915 3997 Quod
939 3923 1043 3975 autem
1068 3908 1165 3974 debet
1183 3929 1297 3993 respu-

125 4018 233 4100 blica,
268 4018 302 4084 id
325 4039 342 4084 a
365 4020 505 4104 singulis
527 4023 598 4106 ejus
627 4022 776 4105 partibus
799 4021 885 4106 exigi
917 4039 1038 4105 posse,
1071 4039 1138 4086 non
1160 4006 1294 4102 quidem

122 4131 196 4214 jure
220 4130 342 4212 civili,
366 4132 425 4198 sed
444 4134 518 4218 jure
540 4134 712 4217 gentium,
737 4133 815 4198 alibi
839 4131 1158 4212 demonstravimus,
1183 4131 1295 4198 addito

124 4242 166 4306 ad
200 4257 305 4307 certas
337 4242 479 4312 rationes
512 4259 544 4310 et
577 4245 787 4312 auctoritates
825 4245 1085 4329 repressaliarum
1122 4243 1294 4326 exemplo,

125 4353 159 4418 in
191 4354 314 4435 quibus
340 4355 532 4437 quicunque
555 4377 573 4421 a
596 4357 668 4423 cive
697 4357 846 4442 injuriam
866 4357 991 4440 patitur
1011 4355 1178 4438 republica
1197 4356 1297 4438 justi-

126 4466 202 4532 tiam
239 4485 304 4536 non
340 4467 536 4550 exhibente,
570 4471 742 4552 multoque
776 4469 878 4555 magis
912 4469 939 4534 si
971 4469 1010 4534 ab
1035 4467 1105 4550 ipsa
1128 4466 1295 4550 republica
