3362 5504
332 587 393 666 326
636 605 682 650 nn
706 607 800 670 June
827 606 1014 654 russone.
1040 607 1122 654 cnr.
1147 609 1204 654 xv.

328 759 484 841 perdere,
523 778 715 839 servamus,
755 760 782 826 si
819 762 884 845 jam
917 781 1017 828 naves
1056 761 1318 842 Lusitanorum,
1357 778 1503 846 paratam

328 869 454 936 scilicet
476 871 627 953 praedam
651 893 668 938 e
690 872 889 939 Batavorum
913 873 1065 941 manibus
1088 875 1193 940 emitti
1215 875 1385 955 viderint,
1420 877 1504 959 quid

328 981 418 1050 aliud
454 1003 551 1064 quam
586 985 685 1049 latere
718 984 937 1067 proditionem
973 1000 1006 1051 et
1039 986 1114 1054 illos
1149 987 1235 1052 inter
1268 1007 1302 1054 se
1337 989 1503 1055 colludere

328 1094 590 1160 existimabunt?
615 1095 812 1162 Praestanda
835 1112 885 1162 est
907 1096 1010 1180 igitur
1032 1097 1097 1162 illis
1119 1099 1199 1163 haec
1227 1097 1331 1179 fides,
1358 1099 1501 1164 dandum

328 1207 392 1272 hoc
423 1227 484 1290 pro
517 1207 659 1273 amicitia
691 1207 869 1292 gaudium,
902 1229 962 1291 pro
995 1209 1235 1275 calamitatibus
1265 1210 1440 1291 solatium,
1464 1227 1502 1277 ut

329 1338 384 1384 eos
405 1338 493 1385 nunc
514 1320 664 1403 praedam
686 1338 756 1386 esse
776 1319 931 1401 videant,
956 1321 1015 1403 qui
1036 1321 1140 1388 totius
1160 1322 1275 1388 mundi
1294 1323 1501 1405 praedatores

327 1428 428 1496 fuere.
449 1431 521 1515 Jam
543 1450 627 1512 quae
649 1451 688 1496 ex
709 1431 915 1498 inimicorum
937 1432 1029 1497 malis
1050 1433 1180 1516 proprie
1200 1435 1336 1500 obvenit
1353 1433 1499 1516 utilitas,

327 1543 501 1625 spectanda
534 1557 595 1609 est.
642 1543 781 1609 Hostem
814 1544 882 1610 illic
906 1545 1027 1610 habent
1049 1544 1162 1611 Batavi
1186 1546 1336 1634 (qualem
1361 1545 1500 1611 Tacitus

326 1654 447 1720 alicubi
471 1654 644 1739 describit)
669 1655 813 1722 adversis
833 1655 1180 1739 pavidum,secundis
1202 1676 1268 1722 non
1292 1655 1419 1740 divini,
1433 1677 1500 1723 non

327 1766 460 1831 humani
495 1765 579 1852 juris
608 1786 794 1832 memorem.
844 1767 991 1833 Maxima
1023 1767 1125 1852 igitur
1155 1767 1282 1834 utilitas
1313 1769 1393 1835 haec
1426 1783 1499 1851 est,

327 1878 418 1959 quod
449 1878 504 1942 ille
537 1878 575 1943 ad
608 1897 764 1944 occursus
795 1878 992 1945 Batavorum
1024 1881 1162 1962 posthac
1185 1879 1384 1963 trepidabit,
1410 1881 1500 1963 quod

326 1989 444 2054 damno
469 2009 530 2056 suo
553 2005 739 2056 commotus
761 1988 1014 2057 fortissimorum
1045 1992 1191 2056 virorum
1215 1991 1309 2058 etiam
1331 2007 1499 2084 aspectum

325 2101 455 2185 fugiet,
488 2121 597 2184 neque
627 2121 729 2168 naves
757 2121 833 2168 suas
861 2102 958 2168 etiam
977 2105 1087 2186 plures
1115 2103 1284 2185 aliquanto
1308 2117 1341 2168 er
1359 2105 1500 2188 majores

325 2234 399 2279 cum
433 2213 640 2279 Hollandicis
673 2214 807 2279 audebit
839 2214 1046 2279 contendere.
1093 2213 1163 2280 Has
1192 2213 1276 2279 enim
1302 2214 1385 2280 sciet
1404 2234 1497 2295 esse,

326 2326 448 2406 quibus
481 2326 578 2390 toties
601 2325 738 2408 praedae
759 2324 870 2390 fuerit.
918 2326 1004 2390 Cum
1038 2325 1139 2408 igitur
1163 2325 1355 2406 ubicunque
1378 2326 1499 2391 classes

325 2437 522 2502 Batavorum
557 2456 690 2502 ancoras
726 2436 879 2516 fixerint,
912 2455 951 2501 eo
973 2436 1126 2501 Lusitani
1149 2450 1297 2500 metuent
1320 2436 1498 2516 accedere,

222 2618 224 2623 ,
324 2569 390 2613 non
413 2547 553 2614 tutiores
576 2548 675 2614 modo
699 2547 747 2614 illi
771 2562 890 2629 erunt,
914 2567 1028 2614 verum
1053 2547 1150 2612 etiam
1173 2548 1368 2613 securiores.
1395 2547 1498 2633 Quod

324 2679 400 2727 sane
423 2659 457 2725 in
480 2675 604 2743 partem
634 2660 699 2744 jam
732 2660 902 2726 consecuti
929 2673 1030 2738 sunt,
1053 2658 1318 2741 praedicantibus
1341 2658 1497 2725 Indorum

322 2773 454 2857 tegibus
487 2773 667 2839 Lusitanos
689 2791 756 2837 non
780 2771 820 2836 ad
843 2784 1056 2853 conspectum
1079 2770 1202 2851 modo,
1233 2759 1293 2835 sed
1313 2770 1354 2834 ad
1377 2789 1496 2836 nomen

323 2884 419 2950 eriam
451 2883 609 2949 Hollandi
642 2883 786 2949 hominis
819 2903 936 2966 pavere
962 2896 994 2948 er
1017 2884 1243 2965 expallescere.
1289 2881 1382 2968 Quid
1406 2883 1497 2964 quod

323 2997 385 3079 ipsi
405 2995 575 3075 Lusitani,
596 3017 719 3062 merces
738 3009 904 3078 captarum
923 2994 1055 3060 navium
1077 2994 1109 3058 in
1129 2993 1301 3060 Batavicas
1321 3013 1496 3060 exonerare

322 3107 391 3174 suis
413 3108 564 3174 manibus
585 3107 694 3193 jussi,
724 3106 930 3190 paruerunt?
976 3106 1070 3192 Quid
1093 3106 1184 3188 quod
1204 3106 1270 3189 jam
1294 3104 1397 3186 aliqui
1422 3120 1495 3170 tuto

321 3219 495 3304 navigandi
529 3219 693 3285 licentiam
716 3240 733 3285 a
757 3218 888 3284 batavis
919 3218 1051 3283 mercati
1080 3217 1183 3284 sunt?
1230 3217 1340 3303 Quare
1365 3231 1398 3281 et
1421 3236 1494 3281 curn

321 3345 386 3396 tarn
416 3351 556 3412 pronum
585 3331 747 3397 videbunt
770 3349 840 3396 esse
863 3329 993 3394 Batavis
1016 3330 1070 3395 vel
1092 3327 1263 3394 maximam
1287 3327 1494 3410 captivorum

320 3443 448 3508 turbam
482 3442 650 3524 nancisci,
684 3442 717 3506 in
750 3462 805 3507 eos
839 3461 923 3524 quos
955 3441 1041 3507 forte
1073 3456 1186 3506 contra
1219 3439 1364 3523 ceperint
1386 3440 1494 3505 minus

318 3557 489 3623 audebunt
510 3555 658 3635 saevire,
683 3555 841 3636 quodque
853 3552 1023 3619 beneficiis
1036 3553 1166 3619 invitati
1180 3551 1288 3618 facere
1299 3553 1493 3629 noluerunt,

317 3668 351 3734 id
369 3668 474 3736 facere
494 3683 653 3754 cogentur
672 3682 762 3732 metu
781 3665 923 3732 talionis.
952 3665 1121 3731 Praeterea
1139 3666 1276 3748 posthac
1287 3659 1343 3729 a'ut
1353 3665 1493 3730 similem

316 3782 466 3866 praedam
492 3780 596 3848 hostis
615 3779 772 3860 debebit,
797 3779 883 3843 unde
902 3771 1079 3860 plurimum
1098 3776 1251 3842 utilitatis
1271 3776 1303 3842 in
1323 3776 1493 3859 publicum

317 3913 353 3958 ac
377 3893 541 3976 privatum
575 3891 679 3958 redire
711 3892 815 3973 palam
849 3904 920 3970 est,
954 3903 1011 3955 aut
1042 3890 1081 3954 ab
1104 3889 1332 3974 oppugnandis
1356 3889 1430 3954 aliis
1453 3889 1494 3954 ad

315 4026 350 4071 se
373 4006 533 4070 tuendum
561 4023 740 4069 conversus
771 4003 985 4084 compelletur
1008 4001 1194 4067 innumeras
1217 4001 1335 4066 habere
1360 4021 1418 4084 per
1439 4001 1495 4066 In·

315 4117 401 4182 diam
424 4114 649 4199 praesidiarias
671 4133 794 4195 naves,
826 4113 973 4179 colonias
1000 4131 1076 4179 suas
1098 4111 1226 4178 firmare
1248 4111 1493 4178 munitionibus

315 4243 347 4294 er
370 4227 461 4310 quod
491 4225 758 4292 molestissimum
791 4240 862 4306 est,
892 4225 1004 4290 eodem
1029 4239 1175 4306 ternpore
1198 4225 1316 4290 habere
1339 4238 1493 4307 suspecta
1525 4288 1531 4297 ,

314 4339 432 4405 omnia.
488 4339 550 4404 Per
584 4353 634 4404 tot
666 4352 840 4420 tantosque
872 4352 1000 4403 sumtus
1033 4351 1066 4403 er
1096 4337 1298 4419 privatorum
1327 4350 1493 4437 xquaestus
1521 4360 1526 4365 ·

314 4451 419 4517 omnis
442 4450 670 4530 exhaurietur,
684 4464 716 4514 et
735 4449 798 4532 ipsi
811 4463 969 4532 perpetuo
981 4449 1141 4516 libertatis
1152 4449 1292 4515 Batavae
1302 4448 1492 4514 adversario
