3316 5494
439 635 485 682 DE
508 633 600 701 JURE
626 633 809 681 PRAEDAE.
835 632 904 680 CAP
929 633 979 679 1x.
1245 635 1304 698 127

130 810 209 862 sunt
241 793 322 876 illa,
358 811 498 875 quorum
526 790 647 858 indicia
673 790 786 858 haberi
814 809 881 857 non
914 804 1063 874 possunt.
1119 789 1189 856 Imo
1221 804 1253 856 et
1273 789 1306 856 iu

130 905 349 974 conscientiae
371 903 498 990 judicio
519 918 632 986 peccat
658 901 789 987 quidem
819 901 877 984 qui
901 921 967 969 non
998 921 1057 985 pro
1085 902 1209 986 populo
1239 903 1308 969 bel·

130 1022 198 1087 lum
221 1017 327 1104 gerit,
351 1017 494 1084 sednon
516 1036 555 1082 eo
576 1014 683 1081 minus
709 1032 797 1082 recte
820 1014 969 1098 praedam
989 1014 1117 1080 retinet.
1161 1014 1308 1080 Pruden-

131 1146 180 1196 ter
209 1131 323 1213 itaque
356 1125 544 1196 scholastici
564 1133 593 1192 ¹:
628 1127 744 1193 bonam
773 1130 986 1193 intentionem
1017 1148 1081 1193 non
1111 1129 1244 1212 requiri
1263 1125 1321 1196 ad'

133 1243 226 1308 licite
248 1239 449 1322 retinenda,
473 1258 559 1325 quae
580 1238 662 1304 bello
686 1239 907 1318 obvenerunt,
931 1241 1017 1305 sicut
1040 1259 1097 1304 nac
1120 1240 1307 1318 exsecutio,

132 1375 218 1440 quac
247 1351 292 1436 fit
316 1351 446 1438 judicis
472 1351 593 1436 jussu,
618 1371 660 1416 ex
691 1354 801 1416 animo
834 1348 995 1416 censenda
1017 1364 1065 1415 est
1093 1352 1306 1416 exsecutoris.

133 1465 237 1530 Prava
258 1463 343 1530 enim
367 1461 525 1547 capientis
537 1460 676 1528 intentio
695 1481 753 1544 per
773 1481 808 1527 se
827 1461 867 1527 ad
878 1460 1117 1528 restitutionem
1130 1479 1307 1544 numquam

133 1577 259 1661 obligat
279 1573 305 1642 ².
352 1575 404 1640 At
433 1573 467 1641 in
498 1572 571 1641 foro
603 1587 735 1640 externo
756 1572 840 1638 idem
861 1571 926 1638 dici
948 1586 1059 1655 potest
1080 1571 1120 1637 de
1139 1572 1224 1638 bona
1245 1569 1309 1638 fide

134 1689 204 1755 sive
232 1686 381 1774 justitiae
414 1684 591 1770 opinione,
616 1705 712 1768 quam
735 1684 768 1749 in
802 1682 945 1752 subditis
972 1682 1187 1765 requirimus:
1210 1697 1308 1750 utne

134 1801 213 1866 haec
235 1798 369 1882 quidem
402 1796 616 1881 respiciatur,
639 1795 702 1862 nisi
726 1794 812 1863 forte
833 1794 993 1881 injustitia
1015 1795 1059 1862 sit
1081 1796 1215 1864 omnino
1239 1796 1308 1866 evi-

134 1912 223 1977 dens.
275 1910 375 1977 Unde
404 1908 555 1992 sequitur
586 1907 619 1973 in
645 1906 805 1992 iudicium
834 1907 867 1973 id
897 1909 1002 1975 solum
1021 1907 1157 1988 venire,
1181 1909 1221 1976 de
1240 1928 1308 1992 quo

134 2035 285 2090 constare
305 2035 435 2104 potest,
458 2019 613 2087 videlicet
635 2017 807 2102 imperium
830 2019 1028 2103 superioris,
1051 2019 1219 2103 quomodo
1244 2035 1308 2086 tra·

134 2134 217 2200 dunt
245 2132 474 2218 jurisconsulti
507 2149 620 2199 omnes
638 2130 661 2197 ⁸.
716 2131 818 2219 Quod
851 2131 878 2199 si
911 2131 1142 2198 conscientiam
1173 2131 1309 2215 respici·
1387 2207 1391 2218 ὁ

135 2265 232 2326 mus,
257 2242 385 2310 subditi
398 2245 494 2329 justo
515 2246 625 2310 animo
646 2241 684 2308 id
702 2240 822 2309 bellum
842 2257 993 2331 gerunt,
1017 2243 1106 2340 quod
1122 2258 1249 2332 gerunt
1269 2257 1307 2310 ut
1320 2246 1470 2350 fiiri'ffn’

136 2355 291 2422 obediant
313 2358 490 2442 superiori.
1383 2333 1389 2348 ⁸
1426 2332 1433 2349 ⁸

588 2539 787 2606 CAPUT
820 2542 860 2605 X.

605 2719 786 2772 ouaosrro
811 2721 860 2764 rx.

455 2835 526 2900 Cur
550 2854 696 2902 prauos
722 2853 993 2914 scauruATmt,

426 2989 514 3037 aur.
550 2991 573 3038 1.
620 2992 659 3038 ru
696 2991 813 3038 rotro
845 2990 1019 3038 rurva'ro.

433 3125 521 3173 ART.
557 3127 596 3174 ΙΙ.
642 3127 681 3172 ΙΝ
707 3128 824 3174 BELLO
848 3126 1015 3174 eunucu.

143 3241 305 3308 Cortorr.
339 3241 548 3328 Quarruus
581 3261 729 3308 aaroni
762 3261 819 3309 urs
851 3263 1207 3325 acou1uarua‚our
1232 3265 1312 3312 sors

184 3371 377 3433 ruvereus,
402 3373 564 3433 oauurs,
589 3373 797 3435 protento,
823 3373 972 3421 sooauu
996 3375 1263 3424 urursruouuu

301 3484 445 3544 oraru,
469 3485 596 3531 NULLA
622 3485 742 3531 ruera
767 3485 972 3548 Mauortia,
997 3486 1148 3534 aratura

534 3596 724 3642 ouorrcuu
751 3596 919 3644 orsuuur.

628 3715 824 3730 *n*-

184 3783 252 3850 Res
284 3783 420 3849 hostiles
452 3797 537 3848 reete
569 3783 650 3866 eripi
682 3798 836 3867 recteque
867 3785 991 3867 acquiri
1025 3805 1142 3868 posse,
1173 3789 1252 3856 satis
1275 3805 1312 3856 ut

143 3893 280 3960 arbitror
303 3894 556 3960 demonstratum
581 3909 631 3961 est
647 3892 669 3961 ⁴.
716 3895 832 3962 Manet
854 3916 919 3962 una
939 3898 1162 3964 controversia
1181 3901 1312 3984 propria

175 4090 183 4122 ¹
203 4090 283 4148 Caiet.
300 4093 339 4141 ad.
355 4094 446 4140 Thom.
463 4105 485 4140 2.
504 4106 527 4140 2.
538 4107 562 4152 q.
580 4106 621 4154 40.
639 4103 685 4141 art.
705 4106 726 4141 1.
742 4095 774 4142 ad
792 4107 815 4142 a.
830 4093 882 4143 ibi:
902 4095 928 4144 in
945 4097 1037 4145 eodem
1052 4107 1097 4145 est.
1111 4095 1183 4146 Arias
1194 4097 1312 4145 debello.

143 4195 167 4228 n.
187 4185 225 4229 18.
244 4183 352 4242 [ocean.
371 4180 420 4238 jur.
444 4185 498 4231 vol.
519 4183 556 4231 16.
572 4197 598 4243 p.
615 4183 685 4245 sao]
705 4183 809 4234 covarr.
823 4184 849 4233 in
868 4199 890 4233 c.
908 4197 1050 4246 peccatum.
1066 4189 1097 4235 de
1115 4199 1166 4246 reg.
1183 4185 1232 4244 jur.
1249 4191 1271 4246 ς.
1289 4200 1312 4248 9.

144 4283 168 4318 n.
186 4285 208 4319 2.
226 4275 318 4319 summ.
336 4273 399 4332 ang.
418 4272 443 4320 iu
460 4287 485 4322 v.
501 4275 606 4322 Bellum.
623 4288 648 4322 n.
667 4285 690 4331 ³·
709 4277 799 4322 summ.
815 4277 878 4324 Ros.
894 4289 919 4324 n.
939 4289 962 4334 ³·
981 4289 1005 4324 et
1020 4290 1046 4324 n.
1064 4279 1087 4324 8.
1105 4277 1166 4324 silv.
1181 4291 1205 4326 n.
1221 4291 1244 4326 a.
1262 4277 1312 4326 ibi=

145 4362 252 4410 tertium.
285 4360 296 4393 ²
314 4363 405 4410 Thom.
421 4377 444 4412 a.
463 4377 485 4412 2.
504 4378 529 4424 q.
546 4364 587 4413 66.
605 4376 649 4412 art.
667 4367 689 4412 8.
708 4363 788 4421 cajet.
807 4366 832 4413 in
849 4369 938 4415 summ.
953 4381 1026 4428 pecc.
1042 4367 1103 4415 inv.
1120 4368 1217 4416 Bellum
1235 4365 1313 4423 inius-

146 4463 204 4500 tum.
240 4453 250 4486 ³
269 4453 409 4502 Hadrianus
427 4453 454 4501 in
470 4467 492 4502 c.
509 4454 648 4515 aggredior.
668 4453 748 4512 Caiet.
766 4457 789 4504 d.
809 4469 833 4516 q.
848 4469 889 4518 40.
907 4451 993 4506 art.⁸1.
1011 4460 1042 4506 ad
1060 4455 1144 4505 finem.
1163 4456 1267 4505 Covarr.
1283 4459 1314 4506 ad

148 4556 194 4603 reg.
210 4555 348 4604 peccatum.
357 4547 379 4602 5.
398 4558 435 4595 10.
454 4555 478 4593 et
500 4558 537 4594 11.
561 4543 664 4594 ⁴concl.
675 4560 698 4596 a.
709 4545 769 4596 item
782 4559 827 4595 art.
842 4561 864 4604 3.
879 4560 903 4596 et
913 4561 937 4610 4.
947 4560 971 4596 et
982 4551 1072 4596 coroll.
1090 4561 1114 4596 a.
1125 4559 1150 4597 et
1160 4560 1182 4604 a.
1195 4549 1278 4597 conci.
1288 4559 1313 4604 7.
