3316 5494
364 653 425 716 130
677 651 724 700 DE
748 653 841 719 June
867 651 1052 700 PRAEDAE·
1076 653 1159 700 CAP·
1183 654 1218 702 X.

361 806 482 874 idcirco
521 825 588 873 non
624 822 721 890 putat
758 827 798 874 ex
836 807 923 873 bello
961 807 1091 890 privato
1129 806 1277 891 praedam
1315 807 1419 891 nasci,
1454 809 1536 892 quia

360 937 520 1000 nusquam
543 918 607 984 hoc
628 918 663 984 in
684 920 757 1004 J'ure
779 918 936 1002 scriptum
960 919 1137 988 habeatur:
1172 917 1367 1001 quasivero
1391 941 1477 1006 quae
1502 920 1536 986 in

360 1048 498 1112 corpore
520 1031 629 1115 legum
652 1030 874 1098 Romanarum
897 1030 1108 1096 continentur
1129 1049 1195 1095 non
1219 1030 1261 1096 ad
1279 1031 1335 1115 jus
1357 1033 1536 1114 praecipue

359 1139 458 1207 civile
480 1141 684 1223 pertineant,
706 1141 752 1208 ita
776 1157 814 1207 ut
833 1143 937 1207 multa
959 1141 993 1207 in
1016 1141 1082 1207 illis
1104 1141 1425 1224 praetermittantur,
1449 1163 1536 1224 quae

359 1252 544 1319 communis
566 1253 649 1320 ratio
672 1253 811 1334 melius,
835 1272 933 1336 quam
963 1254 1030 1318 ulla
1052 1251 1230 1318 auctoritas
1253 1251 1423 1337 dijudicet.
1468 1254 1537 1319 'Sed

360 1383 420 1429 cur
441 1382 507 1429 non
530 1363 714 1432 inveniatur
736 1365 815 1430 haec
838 1379 949 1430 nostra
972 1362 1122 1446 quaestio
1143 1363 1235 1430 dictu
1253 1362 1350 1430 facile
1369 1379 1432 1431 est:
1457 1364 1536 1448 quia

361 1473 504 1540 Romani
535 1474 664 1558 imperii
696 1496 732 1541 ea
763 1475 913 1559 majestas
944 1474 1045 1558 idque
1077 1474 1197 1541 virium
1227 1473 1314 1558 fuit,
1339 1489 1377 1541 ut
1398 1476 1536 1558 penuria

358 1584 499 1670 judicii,
523 1587 678 1654 continua
702 1605 799 1667 sane,
823 1589 920 1672 cujus
943 1586 976 1652 in
999 1586 1087 1652 bello
1107 1585 1237 1668 privato
1257 1585 1324 1665 vim
1345 1606 1414 1652 esse
1431 1587 1536 1652 maxi-

360 1716 444 1764 mam
475 1697 617 1763 diximus
639 1702 670 1779 ¹,
700 1697 759 1763 vix
791 1717 936 1780 unquam
969 1697 1179 1763 laboraretur.
1223 1697 1272 1762 At
1301 1697 1329 1762 si
1356 1697 1535 1765 definiendi

360 1827 454 1874 veras
477 1809 618 1874 rationes
641 1807 860 1890 inquirimus,
894 1808 976 1890 quid
998 1822 1049 1874 est
1070 1807 1191 1874 certius
1212 1827 1310 1890 quam
1334 1808 1367 1872 in
1390 1809 1479 1875 bello
1501 1809 1536 1875 id

361 1937 457 1986 omne
487 1919 604 1999 licere,
622 1920 730 2001 -quod
752 1919 794 1986 ad
812 1919 896 2004 juris
919 1919 1161 1986 exsecutionem
1183 1919 1402 1986 necessarium
1425 1935 1477 1985 est
1499 1927 1535 2000 ¹,

361 2043 427 2097 tam
450 2029 483 2096 in
506 2030 635 2113 privato
661 2050 759 2113 quam
781 2029 943 2113 publico?
968 2030 1077 2112 Atqui
1097 2029 1313 2099 necessarium
1333 2045 1404 2111 est,
1429 2030 1458 2096 si
1478 2030 1535 2097 de·

361 2140 466 2206 bitum
498 2141 658 2222 consequi
680 2137 854 2222 volumus,
874 2140 1041 2224 acquirere
1072 2161 1135 2208 nos
1165 2162 1231 2207 rem
1263 2141 1436 2220 hostilem,
1470 2143 1534 2208 hoc

362 2265 469 2318 autem
498 2266 548 2318 est
573 2253 657 2320 illud
679 2252 811 2336 ipsum,
835 2253 928 2335 quod
955 2253 1105 2336 praedam
1133 2273 1288 2320 vocamus
1309 2253 1340 2319 ³:
1364 2253 1429 2319 nisi
1458 2254 1535 2336 quis

361 2359 448 2430 forte
480 2383 553 2430 eum
586 2363 644 2446 qui
671 2364 823 2448 privatim
847 2383 907 2429 nos
928 2379 1098 2450 oppugnat
1118 2364 1245 2430 hostem
1277 2364 1342 2430 dici
1369 2384 1439 2431 non
1460 2367 1535 2432 vult

361 2491 422 2540 nec
446 2474 537 2555 quod
563 2474 611 2540 sic
630 2475 797 2557 quaeritur
816 2475 991 2558 praedam,
1015 2475 1142 2557 dequo
1163 2475 1224 2541 etsi
1247 2475 1454 2560 pertInaciter
1473 2495 1534 2542 no·

361 2581 418 2651 lim
448 2585 639 2670 digladiari,
668 2587 850 2654 ¹dummodo
879 2586 919 2652 de
949 2606 983 2651 re
1015 2600 1165 2668 constet,
1188 2589 1328 2653 multum
1359 2602 1469 2654 tamen
1493 2588 1534 2654 ad

361 2713 427 2760 rem
450 2696 665 2765 extricandam
685 2698 847 2782 pertinere
878 2697 1034 2778 arbitror,
1058 2696 1184 2782 injure
1207 2697 1319 2764 eodem
1343 2699 1532 2766 nominibus

356 2791 412 2872 'uti
433 2826 499 2874 non
518 2808 666 2876 diversis.
713 2810 759 2876 Et
774 2809 803 2877 si
825 2808 998 2892 diligenter
1019 2808 1150 2874 illorum
1175 2827 1260 2892 quos
1282 2808 1426 2876 diximus
1449 2810 1533 2894 juris

361 2921 587 2988 consultorum
609 2923 623 2964 ⁴
644 2920 823 2987 sententias
844 2934 1048 3002 scrutamur,
1077 2940 1192 3002 parum
1220 2920 1324 2986 aberit
1345 2921 1428 3004 quin
1451 2939 1532 2988 sono

361 3029 565 3111 differentia,
585 3051 619 3098 re
639 3033 748 3098 eadem
767 3032 874 3098 dicere
892 3030 1077 3098 videantur.
1109 3031 1158 3096 Ita
1181 3030 1267 3096 enim
1287 3031 1424 3110 docent,
1446 3032 1531 3097 bello

361 3140 512 3224 privato,
545 3142 573 3210 si
601 3143 704 3227 judex
735 3143 842 3225 desit,
873 3161 970 3226 posse
996 3161 1058 3209 nos
1075 3162 1135 3225 pro
1156 3141 1402 3225 recuperatione
1423 3162 1530 3208 rerum

362 3265 545 3322 nostrarum
576 3267 609 3320 et
628 3253 681 3319 his
700 3273 783 3335 quae
805 3254 902 3319 nobis
923 3253 1082 3320 debentur
1104 3252 1200 3318 etiam
1222 3273 1263 3319 ex
1282 3252 1457 3320 intervallo
1480 3275 1531 3320 ca·

362 3382 438 3445 pere
474 3383 526 3430 res
554 3363 810 3431 adversariorum
842 3364 948 3447 pretio
980 3379 1075 3431 tenus
1100 3363 1346 3447 aequiparabili.
1403 3365 1439 3429 Si
1473 3385 1530 3448 pro

362 3475 490 3546 cunctis
511 3495 595 3557 quae
613 3475 709 3542 nobis
729 3477 912 3558 debentur,
936 3475 1052 3558 utique
1075 3490 1107 3540 et
1125 3495 1185 3559 pro
1207 3475 1331 3541 damnis
1353 3489 1386 3541 et
1407 3474 1531 3559 impen-

363 3585 408 3654 sis
429 3586 470 3655 ad
488 3586 572 3671 juris
593 3586 856 3654 consecutionem
877 3586 989 3669 lactis3
1015 3588 1082 3654 imo
1102 3605 1162 3671 pro
1182 3586 1337 3669 periculis
1362 3586 1459 3652 etiam
1481 3589 1529 3653 lu·

362 3717 486 3781 eroque
505 3698 667 3780 cessanti,
689 3698 760 3766 sive
779 3699 896 3765 damno
923 3699 1105 3766 extrinseco
1122 3713 1156 3765 et
1175 3697 1264 3764 omni
1296 3717 1335 3764 eo
1365 3699 1459 3780 quod
1483 3699 1530 3764 in·

361 3823 485 3891 terem,
516 3825 554 3878 ut
583 3810 717 3878 tradunt
746 3810 891 3895 theologi
915 3810 928 3847 ⁵
950 3811 984 3877 in
1018 3811 1082 3876 hoc
1112 3823 1322 3894 argumento:
1354 3829 1428 3875 nam
1451 3811 1529 3876 haec

364 3921 459 3988 etiam
479 3921 604 4006 judex,
636 3922 665 3988 si
695 3923 772 4005 quis
803 3922 956 4005 daretur,
982 3921 1103 3987 insonti
1127 3920 1349 4006 adjudicaret,
1372 3941 1446 3986 cum
1474 3941 1530 4005 par

363 4033 408 4099 sit
435 4047 552 4100 cuncta
583 4033 617 4099 in
649 4034 720 4118 ejus
751 4032 862 4099 odium
893 4053 1025 4120 vergere
1055 4032 1114 4116 qui
1137 4033 1222 4098 malo
1245 4052 1374 4099 causam
1395 4033 1487 4118 dedit
1506 4035 1528 4098 ⁸.

395 4280 648 4340 ¹art.1.roncl.7.
680 4277 790 4341 'princ
814 4295 837 4330 c.
860 4294 884 4342 4.
909 4292 934 4330 et
954 4281 1037 4330 conci.
1062 4291 1086 4338 7.
1100 4291 1147 4328 art.
1166 4293 1187 4327 r.
1221 4277 1302 4328 ⁸line
1317 4293 1341 4328 c.
1357 4293 1381 4327 a.
1414 4277 1528 4327 ⁴Fraac.

361 4372 432 4424 Arias
451 4375 477 4422 d.
493 4375 511 4422 l.
543 4372 646 4422 ‘Wilh
664 4373 745 4422 Math.
762 4375 793 4422 de
812 4373 881 4422 bello
899 4371 983 4433 iusto,
1003 4372 1029 4420 ln
1051 4385 1105 4433 req.
1126 4385 1147 4420 1.
1162 4384 1209 4432 per
1223 4374 1240 4420 1.
1255 4370 1374 4431 proinde.
1390 4383 1415 4419 et
1432 4383 1484 4430 seq.
1497 4371 1528 4418 ad

361 4466 379 4512 l.
400 4464 486 4526 Aquil.
509 4462 552 4528 [D.
571 4477 595 4526 9.
618 4479 639 4514 a.
663 4476 702 4521 as.
720 4476 745 4514 et
764 4464 815 4529 aa]
851 4464 904 4512 ⁶d.
921 4478 943 4514 c.
961 4463 1036 4512 sicut.
1053 4465 1084 4512 de
1099 4461 1206 4520 jurejur.
1222 4464 1238 4510 l.
1258 4462 1387 4522 quoniam.
1408 4463 1438 4510 C.
1455 4462 1485 4510 de
1501 4459 1527 4508 vi

361 4554 435 4614 puble
448 4553 490 4616 [G.
505 4568 528 4615 9.
549 4568 586 4603 12.
601 4556 637 4616 6.]
