3326 5506
450 591 496 636 DE
520 592 612 655 JURE
638 593 820 641 PRAEDAE.
847 598 915 642 CAl‘
939 599 989 643 xt.
1258 593 1315 658 177

142 757 234 822 cant,
269 758 301 808 et
333 744 420 826 apud
449 746 604 812 Dammae
629 765 736 832 regem
767 749 916 818 homines
945 751 1098 818 Lusitani
1124 749 1315 818 Franciscus

142 855 329 935 Meterius,
362 856 483 922 Batalia
511 872 543 922 et
572 858 675 923 Pesoa
704 861 853 944 agebant.
898 865 969 928 Nec
991 863 1099 929 minus
1123 865 1209 947 apud
1226 863 1314 947 ipsos

141 967 391 1049 bantamenses,
425 969 483 1051 qui
515 970 611 1052 primi
644 971 789 1037 omnium
812 994 885 1039 cum
909 975 1041 1041 Batavis
1064 991 1312 1041 contraxerunt:

140 1077 183 1142 ibi
213 1079 300 1144 enim
332 1099 444 1148 omncs
474 1081 700 1164 suspicionum
730 1103 824 1150 auras
848 1087 1052 1168 captabant..
1081 1087 1116 1152 Si
1147 1087 1237 1170 longi
1260 1086 1313 1152 iti-

140 1189 222 1256 neris
258 1191 399 1256 taedium
433 1207 466 1256 et
495 1193 574 1258 caeli
607 1193 783 1260 insuetudo
816 1212 939 1278 partem
976 1212 1145 1264 nautarum
1183 1201 1315 1264 absum·

139 1316 244 1382 serat,
278 1302 356 1368 dum
385 1303 418 1368 in
448 1303 528 1369 nrari
551 1303 718 1387 piraticam
749 1322 901 1372 exercent
921 1309 1051 1391 praeliis
1073 1309 1208 1376 amissos
1229 1329 1313 1375 nun-

138 1412 280 1479 tiabant:
315 1415 342 1480 si
372 1435 431 1497 pro
466 1430 647 1498 temporum
671 1417 796 1483 ratione
819 1418 918 1483 emtio
942 1420 1176 1501 differebatur,
1201 1441 1241 1487 ne
1264 1421 1312 1488 sic

139 1524 269 1604 quidem
302 1525 439 1591 dubium
470 1526 511 1591 ad
533 1542 646 1610 raptus
668 1527 798 1594 venisse
823 1543 854 1594 et
876 1529 1047 1614 invigilare
1071 1531 1309 1598 occasionibus.

138 1636 256 1701 Eadem
289 1658 345 1719 spe
374 1637 500 1702 dimissi
533 1637 687 1704 Lusitani
719 1638 753 1704 in
782 1660 894 1705 omnes
921 1619 1021 1726 Javae
1043 1657 1182 1724 portus,
1207 1644 1309 1708 Pesoa

140 1747 299 1830 Cidorum
330 1767 362 1812 et
392 1748 595 1830 Timauum,
620 1749 817 1816 Panarucam
847 1752 992 1834 Baralia,
1020 1753 1169 1838 Japaram
1191 1754 1246 1819 alii
1278 1769 1310 1820 et

134 1857 292 1941 jacatram
320 1874 353 1924 et
368 1860 622 1944 Janhanjavam‚
648 1861 706 1942 qui
727 1861 859 1928 Batavis
882 1862 1047 1929 infamiam
1072 1865 1308 1946 conciliarent,

138 1971 210 2034 odia
240 1987 393 2037 emerent.
448 1971 522 2037 Nec
553 1974 651 2037 semel
674 1971 784 2038 fallere
804 1975 974 2057 contenti,
998 1997 1072 2042 cum
1096 1975 1157 2042 ista
1175 1976 1309 2060 Javanis

138 2082 174 2145 de
205 2081 339 2148 Batavis
369 2098 609 2165 mercarentur,
634 2083 773 2150 batavos
796 2085 942 2151 vicissim
967 2088 1117 2171 (patebat
1140 2087 1225 2152 enim
1256 2109 1308 2154 ac·

137 2212 273 2273 cessus,
305 2193 385 2274 quin
419 2209 452 2259 et
477 2194 641 2260 conviviis
673 2195 938 2282 excipiebantur)
970 2216 1035 2262 non
1069 2199 1261 2265 desinebant
1292 2218 1309 2262 a

137 2305 341 2370 commerciis
371 2306 569 2388 absterrere,
594 2308 789 2372 ostentando
814 2307 1009 2391 Javanarum
1039 2309 1184 2394 gentium
1210 2309 1308 2392 perfi-

136 2415 231 2482 diam.
277 2417 456 2498 Postquam
487 2438 505 2481 a
531 2417 611 2501 Java
634 2416 774 2484 reditum
799 2432 849 2484 est
875 2419 1056 2502 (cessatum
1078 2422 1162 2486 enim
1187 2442 1205 2485 a
1226 2441 1308 2486 mer-

135 2528 318 2610 catoribus,
343 2529 447 2594 donec
466 2528 569 2612 prima
591 2545 788 2596 tentamenta
800 2529 1082 2614 renuntiarentur>
1092 2528 1306 2612 Taprobane,

135 2660 217 2721 quae
244 2659 332 2705 nunc
368 2640 540 2722 Sumatra,
573 2641 812 2707 vetustissimae
840 2641 1035 2706 celebritatis
1061 2640 1189 2721 insula,
1225 2641 1306 2708 adiri
1319 2642 1390 2689 Anno
1404 2658 1464 2702 1⁵9⁹·

134 2751 263 2834 coepit,
288 2751 395 2818 missis
415 2752 555 2818 navibus
575 2752 782 2819 aZelandica
795 2752 971 2831 societate,
993 2751 1116 2834 quibus
1129 2752 1305 2818 Cornelius

133 2863 367 2930 Houtmannus
388 2863 576 2946 imperabat.
623 2863 688 2928 Hic
709 2865 903 2947 Alphonsus
915 2862 1113 2929 Vincentius
1124 2864 1305 2932 Lusitanus

132 2974 222 3056 paria
247 2974 379 3059 Javanis
409 2974 665 3041 confictionibus
688 2973 870 3040 Achinensi
891 2974 958 3058 regi
978 2973 1209 3040 insusurrabat.
1254 2975 1448 3040 Si-Atwtd·

133 3087 201 3151 rnul
225 3086 266 3150 ad
289 3086 463 3151 Moluccas
485 3088 567 3152 itum
591 3087 698 3169 priore
715 3085 829 3170 Jacobi
842 3085 963 3150 Neclrii
976 3085 1156 3168 navigata,
1178 3087 1305 3151 eadem-

133 3215 198 3276 que
221 3197 290 3262 illic
314 3217 332 3261 a
354 3197 524 3263 Lusitanis
544 3197 751 3278 disseminata
772 3195 956 3280 praefectus
976 3210 1008 3260 et
1027 3196 1201 3279 optimates
1225 3198 1304 3262 Am-

133 3309 261 3388 bonae‚
296 3309 355 3391 qui
392 3329 460 3374 eam
497 3310 730 3391 rempublicam
768 3323 908 3393 regunt,
942 3327 1007 3373 non
1042 3308 1303 3374 dissimulabant.
1348 3391 1351 3396 Ι

133 3419 210 3504 Quo
236 3434 380 3501 tempore
411 3434 443 3485 et
466 3419 628 3485 Ternatae
658 3439 764 3503 regem
797 3419 960 3484 similibus
981 3419 1156 3484 mendaciis
1182 3420 1304 3486 sollici·

132 3531 262 3610 tabant‚
287 3546 319 3596 et
339 3530 396 3612 qui
417 3530 557 3596 Bandam
580 3531 717 3596 insulam
735 3533 849 3598 colunt
868 3530 908 3594 ad
921 3530 1130 3611 expellendos
1144 3531 1303 3611 Batavos,

132 3641 189 3722 qui
213 3641 353 3706 navibus
373 3641 526 3726 digressis
540 3657 799 3724 permanserant,
821 3641 1057 3725 ejusdemmodi
1070 3641 1304 3708 criminationi·

130 3753 192 3818 bus
215 3751 448 3826 incitabantur.
494 3754 656 3834 Adeoque
690 3756 788 3836 longe
810 3752 929 3835 serpsit
951 3753 1015 3816 hoc
1037 3753 1179 3832 malum,
1205 3768 1303 3820 utne

131 3863 417 3932 Bomeonensibus
436 3865 569 3945 quidem
593 3864 741 3931 iritandis
760 3864 945 3930 abstentum
968 3863 1030 3941 sit,
1055 3877 1093 3930 ut
1116 3883 1227 3930 eorum
1245 3863 1303 3946 qui

130 3996 204 4042 cum
235 3975 384 4042 Oliverio
412 3975 546 4042 fuerunt
571 3979 675 4042 relatu
702 3974 870 4060 cognitum
893 3990 951 4042 est.
997 3974 1070 4042 Nec
1094 3975 1193 4040 semel
1216 3995 1304 4038 men·

129 4087 183 4152 tiri
208 4086 285 4152 satis
310 4085 400 4168 fuit,
424 4087 482 4154 sed
504 4087 644 4152 reditum
668 4106 795 4169 semper
817 4087 851 4150 in
871 4085 996 4153 easdem
1020 4101 1117 4150 artes.
1164 4085 1250 4152 Nam
1272 4100 1304 4150 et

130 4197 203 4276 his,
226 4197 284 4279 qui
305 4213 420 4279 postea
440 4197 622 4266 Willekeni
640 4197 795 4280 praefecti
806 4198 902 4282 jussu
916 4196 1046 4262 Acheni
1059 4195 1093 4262 in
1107 4195 1302 4278 Taprobane
1316 4209 1385 4255 Anno
1400 4216 1460 4258 1600.

130 4323 334 4390 manserant,
363 4308 469 4375 officia
500 4329 625 4374 summa
659 4310 744 4394 regis
775 4307 1016 4390 amicitiamque
1047 4306 1132 4372 verti
1162 4306 1195 4372 in
1224 4327 1303 4373 con-

130 4433 264 4485 temtum
285 4435 318 4485 et
337 4419 411 4486 odia
432 4422 593 4505 ejusmodi
606 4420 877 4505 sugillationibus
889 4433 1093 4504 compertum
1107 4431 1175 4499 est,
1199 4419 1303 4484 absci-

1131 4549 1169 4595 12
