3316 5494
466 641 514 688 DE
537 641 631 708 JURE
656 637 841 687 russulis.
868 639 947 685 CAP.
972 637 1053 686 VIII.
1301 641 1340 706 91

168 812 233 862 aut
258 819 322 862 non
346 794 527 862 occidendis
560 793 787 860 animantibus
808 797 860 859 ito
879 813 911 858 se
932 814 983 858 res
1004 793 1126 861 aanor:
1149 814 1234 881 quae
1253 797 1345 880 inju-

168 913 262 974 riam
284 908 426 993 fooiunt
447 920 509 973 aut
522 906 642 992 facere
659 905 775 974 uolunt
796 906 946 991 quisquis
970 903 1126 970 occiderit
1143 921 1344 993 purusne,

168 1019 252 1085 odeo
276 1019 407 1106 quidem
429 1031 467 1084 ut
491 1020 548 1083 hoo
560 1017 680 1103 fecisse
703 1038 803 1102 quom
827 1038 891 1082 non
910 1018 1034 1102 fecisse
1054 1019 1098 1081 ss‘t
1118 1021 1253 1084 recte'us.
1298 1019 1346 1085 Et

167 1152 251 1196 mox
272 1127 284 1164 ¹
306 1135 423 1202 κτείνειν
452 1135 509 1216 χρὴ
537 1133 579 1199 τοὶ
607 1131 790 1212 nnuuiuooru
816 1133 897 1214 παρὰ
915 1131 993 1207 δίκην
1012 1128 1113 1198 noim
1135 1130 1197 1214 περὶ
1220 1133 1342 1208 παντός.

169 1243 230 1308 Εο
263 1263 348 1328 quoe
366 1254 480 1306 nocent
510 1254 612 1306 extra
632 1238 691 1322 jus
727 1243 854 1304 omnino
889 1237 1034 1304 occs'dere
1063 1252 1165 1326 atque
1198 1242 1344 1307 omnibus

168 1357 336 1422 conuenit.
360 1353 489 1419 Rursus
509 1355 540 1415 ¹:
562 1349 633 1427 ὅκως
652 1355 714 1437 περὶ
733 1351 864 1420 nundino
879 1379 913 1420 τε
930 1353 979 1419 uui
999 1351 1136 1435 ἕοπετὲοο
1150 1355 1345 1440 yeupoipueut

168 1473 228 1534 τῶν
250 1468 408 1548 πολεμίων,
440 1463 511 1533 οὕτω
530 1466 580 1532 uui
606 1467 687 1533 κοιτοὶ
715 1465 862 1547 ἀνθρώπων
881 1465 959 1530 δοκεῖ
976 1487 1024 1542 μοι
1043 1465 1133 1546 χρεὼν
1155 1461 1226 1530 equo
1247 1475 1344 1534 nonio.

174 1572 374 1659 Quaerere
406 1572 445 1639 de
475 1572 628 1658 uulpibus
658 1586 689 1637 er
721 1575 866 1638 inimicis
896 1571 1099 1657 serpentibus
1131 1573 1345 1657 scripsimus,

172 1685 286 1752 eodem
303 1690 339 1752 in
356 1683 540 1751 hominibus
553 1683 717 1769 faciendo
735 1682 907 1752 uidentur.
930 1681 977 1746 Et
999 1681 1171 1767 subiungit
1191 1682 1221 1748 ⁸:
1244 1688 1346 1769 argola-

172 1818 227 1876 anu
248 1801 298 1867 κοοὶ
330 1801 440 1883 apo-‘riu
468 1796 571 1866 πάντα
590 1797 704 1866 κτεΙοον
725 1823 769 1872 τος
790 1798 877 1881 ἀθῷος
898 1794 935 1863 ἂν
954 1795 1016 1872 εἴη,
1039 1796 1089 1862 soal
1109 1798 1273 1882 αὐτοχειρίῃ
1294 1799 1345 1867 uni

173 1911 299 1978 κελεύων
317 1911 366 1978 uui
400 1909 506 1994 ψήφῳ.
555 1905 678 1972 Furem
710 1919 742 1970 et
772 1905 936 1970 latronem
969 1905 1156 1990 quicunque
1176 1906 1348 1990 quomodoq

174 2039 304 2104 cunque
332 2017 489 2084 occiderit
519 2021 672 2083 s'nnocens
701 2029 769 2097 est,
800 2019 867 2083 siue
896 2036 1020 2096 manu,
1052 2019 1119 2083 siue
1135 2016 1256 2100 jussu,
1280 2022 1348 2088 siue

175 2127 353 2216 suffragio.
399 2127 498 2195 Putes
522 2149 595 2194 eum
620 2148 638 2193 a
661 2128 784 2194 Seneca
806 2124 819 2162 ⁴
842 2128 980 2210 lectum,
1016 2125 1093 2211 qui,
1117 2128 1246 2212 inquit,
1273 2151 1346 2196 cum

175 2244 334 2308 ceruicem
357 2244 456 2306 noxio
474 2239 630 2327 praecidi
651 2239 839 2325 imperabo,
871 2259 905 2304 eo
939 2238 1037 2306 uultu
1067 2244 1241 2327 animoque
1268 2263 1348 2324 ero,

176 2371 240 2438 quo
268 2365 430 2437 serpentes
456 2365 488 2416 et
515 2351 681 2417 animalia
708 2363 872 2419 uenenato
896 2352 1060 2435 percutio.
1106 2350 1153 2415 Et
1175 2349 1253 2415 alibi
1276 2345 1288 2382 ⁵
1309 2373 1349 2416 ne

176 2467 311 2548 viperas
340 2461 469 2549 quo'dern
503 2476 534 2527 et
564 2465 711 2528 notrices
732 2475 762 2527 et
784 2464 813 2526 si
835 2481 903 2547 qua
925 2481 1037 2527 morsu
1059 2474 1121 2526 out
1143 2464 1214 2526 s'ctu
1234 2476 1349 2527 nocent

177 2575 417 2662 effugeremus,
441 2577 471 2638 si
491 2588 530 2639 ut
547 2573 681 2660 rele‘quo
701 2572 950 2658 mansuefacere
961 2586 1124 2658 possemus
1137 2585 1198 2637 out
1210 2574 1347 2660 efficere,

177 2707 219 2750 ne
244 2685 334 2749 nobis
354 2685 473 2752 aliisue
485 2684 636 2772 periculo
659 2698 772 2750 essent.
819 2684 915 2769 Ergo
937 2705 976 2748 ne
997 2684 1122 2748 homini
1142 2681 1272 2769 quidem
1294 2705 1350 2750 no·

177 2796 318 2861 cebimus
350 2799 432 2883 quia
447 2799 623 2882 peccauit,
658 2794 715 2860 sed
740 2817 779 2859 ne
804 2807 925 2880 peccet.
971 2794 1026 2859 Ex
1056 2793 1107 2859 his
1138 2810 1269 2878 apparet
1288 2816 1350 2878 pu-

177 2906 290 2973 niendi
322 2925 435 2975 causas
468 2927 538 2973 esse
569 2908 733 2972 naturales
756 2920 788 2972 et
819 2924 858 2971 ex
881 2925 917 2971 ea
939 2906 1010 2989 lege
1031 2905 1227 2987 procedere,
1252 2927 1349 2988 quam

176 3037 241 3084 nos
267 3017 403 3102 primam
433 3017 677 3102 descripsimus.
724 3016 818 3104 Quid
847 3036 945 3101 erga,
979 3033 1087 3082 nonne
1114 3015 1270 3099 puniendi
1290 3038 1350 3100 po·

178 3145 280 3196 testas
311 3127 510 3215 reipublicae
539 3130 671 3214 propria
703 3129 778 3195 est?
824 3129 894 3195 Imo
924 3147 1003 3196 vero
1024 3142 1063 3193 ut
1082 3148 1100 3191 a
1122 3128 1288 3211 republica
1311 3130 1352 3196 ad

179 3241 424 3327 magistratum,
447 3240 494 3306 ita
515 3242 555 3307 ad
574 3240 806 3325 rempublicam
822 3241 879 3327 jus
899 3260 995 3306 omne
1010 3261 1027 3304 a
1044 3238 1182 3324 singulis
1194 3239 1350 3324 devenit,

180 3355 368 3434 collatoque
380 3371 555 3431 consensu,
578 3367 616 3419 ut
638 3352 678 3418 ad
700 3353 842 3437 regulam
863 3351 991 3418 tertiam
1012 3349 1216 3417 ostendimus
1239 3349 1272 3435 ⁸,
1294 3373 1352 3435 po-

180 3478 282 3531 testas
292 3464 423 3548 publica
435 3464 614 3530 constituta
634 3478 692 3530 est.
716 3465 827 3552 Quare
838 3483 914 3529 cum
927 3461 1101 3529 transferre
1119 3482 1215 3529 nemo
1232 3465 1351 3546 possit,

181 3576 274 3660 quod
289 3596 355 3641 non
372 3575 501 3654 habuit,
518 3576 573 3660 jus
589 3575 672 3642 illud
689 3567 859 3659 antiquius
869 3593 969 3658 penes
985 3573 1130 3662 privatos
1141 3573 1242 3640 fuisse
1254 3593 1351 3657 quam

180 3706 281 3772 penes
300 3687 532 3770 rempublicam
554 3706 686 3754 necesse
715 3686 855 3754 videtur.
902 3686 965 3751 Est
987 3699 1019 3750 et
1041 3687 1104 3751 hoc
1127 3701 1351 3771 argumentum

180 3800 215 3865 in
240 3820 308 3865 eam
330 3819 396 3864 rem
418 3798 682 3865 efficacissimum.
729 3796 930 3881 Respublica
960 3815 1026 3862 non
1055 3810 1180 3863 tantum
1201 3797 1353 3864 subditos

180 3911 246 3977 sibi
269 3912 311 3977 ob
334 3910 530 3976 maleficium
553 3911 668 3994 punit,
693 3910 867 3976 sedetiam
891 3923 1072 3975 extraneos.
1106 3909 1144 3973 In
1162 3909 1224 3975 hos
1245 3925 1351 3976 autem

181 4037 374 4108 potestatem
386 4042 452 4089 non
471 4023 569 4088 habet
587 4023 660 4107 jure
672 4021 786 4103 ciuili,
802 4034 839 4087 ut
856 4019 947 4104 quod
965 4017 1054 4084 cives
1073 4032 1198 4085 tantum
1219 4041 1258 4085 ex
1274 4041 1353 4086 con-

182 4155 281 4202 sensu
300 4134 435 4220 obliget.
461 4133 569 4201 Habet
590 4134 691 4220 igitur
708 4154 748 4200 ex
761 4135 835 4220 jure
847 4146 980 4198 naturae
992 4150 1051 4197 seu
1064 4130 1222 4215 gentium.
1246 4131 1353 4216 Atqui

220 4455 438 4520 ¹[ibid.n.17.]
475 4453 688 4518 ²[ibid.n.18.]
724 4453 936 4519 ⁸[ibid.n.19.]
972 4453 1032 4502 ⁴de
1050 4452 1113 4500 iral.
1128 4463 1182 4499 1.c.
1197 4451 1234 4499 16.
1268 4449 1313 4500 ⁵1.
1331 4467 1353 4501 2.

190 4560 266 4604 031.
300 4547 355 4595 ⁶v.
373 4561 395 4596 c.
411 4559 433 4594 2.
448 4559 530 4607 supra.
