3316 5494
441 615 488 662 nn
510 615 604 681 June
632 614 817 666 russone.
845 613 927 662 cnr.
951 617 1035 665 v111.
1284 602 1325 682 89

143 767 296 852 privatus
327 788 464 852 poenam
495 769 606 838 delicti
636 785 786 853 expetere
810 769 925 854 possit.
971 773 1058 842 Cum
1079 772 1163 842 enlm
1185 774 1323 882 docrsant

145 879 297 964 plerique
318 881 476 965 puniendi
495 897 689 967 potestatem
709 883 771 952 soli
790 882 988 967 reipublicae
1008 905 1211 970 concessam,
1235 884 1323 956 unde

145 1007 178 1058 et
202 993 336 1076 publica
354 994 477 1080 judicia
505 995 682 1075 dicuntur,
705 993 809 1062 videri
837 1010 948 1078 potest
969 997 1096 1080 privata
1116 1018 1230 1068 manus
1253 1019 1323 1066 om·

144 1103 227 1170 nino
251 1107 392 1173 excludi.
439 1107 503 1174 Sed
523 1108 586 1174 hoc
610 1106 815 1177 commodius
838 1107 983 1191 expediri
1006 1128 1072 1181 non
1093 1125 1201 1193 potest
1224 1131 1322 1193 quam

145 1216 175 1286 si
203 1217 395 1300 videamus,
417 1219 499 1302 quid
518 1219 648 1286 licuerit
670 1218 850 1302 unicuique
875 1233 948 1288 ante
971 1221 1171 1304 respublicas
1193 1222 1323 1290 ordina·

145 1343 211 1394 tas.
267 1331 448 1413 Imperator
475 1351 553 1398 sane
587 1331 799 1400 Theodosius
830 1332 863 1398 in
895 1351 932 1400 ea
960 1333 1055 1417 lege,
1088 1335 1184 1418 cujus
1213 1335 1322 1401 verbis

148 1442 250 1522 paulo
274 1456 366 1508 antea
388 1443 560 1510 utebamur
581 1448 615 1524 ¹,
639 1464 713 1510 cum
739 1442 939 1528 judiciorum
963 1443 1109 1512 ordinem
1130 1444 1252 1512 idcirco
1273 1445 1323 1512 in·

149 1551 304 1618 stitutum
339 1553 442 1636 dicit,
474 1573 516 1621 ne
543 1554 607 1622 sibi
637 1555 791 1638 quisque
814 1553 972 1624 ultionem
1004 1554 1224 1638 permitteret,
1259 1557 1322 1624 hoc

147 1663 271 1732 sentire
300 1664 455 1748 videtur,
488 1665 679 1751 priusquam
705 1667 760 1734 ille
779 1667 861 1734 ordo
882 1665 1053 1738 institutus
1074 1666 1164 1748 fuit,
1187 1667 1323 1750 permis-

147 1795 216 1842 sam
246 1776 386 1862 singulis
415 1777 593 1845 vindictam
626 1778 739 1848 fuisse.
793 1778 859 1852 Sed
889 1779 953 1844 hoc
983 1777 1212 1861 immutatum,
1244 1780 1323 1862 quia

147 1903 206 1956 aut
224 1889 276 1954 sui
299 1909 407 1956 amore
428 1905 485 1956 aut
505 1890 638 1959 alterius
659 1889 736 1956 odio
754 1891 873 1957 modus
891 1889 985 1956 facile
1004 1890 1238 1963 excedebatur:
1261 1911 1321 1959 nec

145 2002 253 2066 multo
283 2000 448 2067 diversum
478 2002 533 2068 hic
564 2002 732 2083 obtinere,
769 2021 866 2084 quam
897 2001 930 2068 in
958 2001 1004 2068 rei
1036 2001 1258 2070 vindicatione
1290 2018 1322 2070 et

147 2111 318 2177 exactione
348 2111 472 2194 debiti,
504 2133 588 2195 quae
618 2133 691 2180 cum
720 2113 797 2180 olim
828 2133 887 2196 per
916 2133 950 2180 se
969 2112 1112 2195 quisque
1137 2115 1321 2200 expediret,

144 2223 291 2290 vitandis
322 2243 407 2306 quae
438 2223 514 2290 inde
546 2238 726 2292 nascuntur
756 2224 937 2308 periculis,
968 2224 1091 2310 judicia
1113 2225 1225 2294 haberi
1246 2249 1320 2294 coe·

144 2354 238 2418 pere.
283 2334 458 2402 Lucretius
480 2335 492 2372 ²
513 2335 646 2418 quidem
668 2338 751 2402 clare
771 2336 851 2402 satis
871 2339 936 2404 hor
955 2336 1061 2420 ipsunt
1082 2338 1255 2420 expressit:

213 2444 340 2512 Acrius
362 2467 403 2512 cx
427 2451 484 2511 ira
507 2447 595 2533 quod
615 2451 700 2512 enim
722 2468 755 2512 se
777 2453 914 2535 quisque
930 2450 1083 2535 parabat

215 2557 361 2638 Ulcisci,
384 2577 484 2644 quam
508 2580 595 2623 nunc
616 2579 797 2624 concessum
821 2573 868 2624 ast
892 2560 1017 2647 legibus
1040 2564 1176 2646 aequis,

212 2668 311 2734 Hanc
335 2669 372 2734 nb
395 2689 463 2733 rem
487 2683 534 2734 cst
553 2671 696 2735 homines
713 2684 904 2756 pertaesum
927 2675 963 2739 vi
984 2672 1090 2736 colere
1111 2692 1240 2740 aarum.

192 2779 240 2844 Et
262 2778 331 2863 ipse
364 2779 482 2845 Cicero
503 2780 538 2862 ³,
574 2801 671 2862 quem
703 2795 741 2848 ut
765 2781 864 2849 video
895 2783 1123 2867 theologorum
1154 2799 1318 2868 praestan-

142 2890 263 2958 tissimi
285 2892 344 2958 hac
368 2890 401 2957 in
424 2906 515 2974 parte
536 2911 602 2958 non
623 2894 777 2977 culpant,
802 2913 876 2959 cunt
892 2894 1089 2978 jusnaturae
1102 2913 1171 2960 esse
1185 2895 1319 2962 dixisset

143 3001 182 3068 ici
211 3003 302 3085 quod
330 3002 426 3069 nobis
457 3022 524 3069 non
557 3003 691 3087 opinio,
737 3005 794 3070 sed
825 3003 932 3072 innata
965 3003 1017 3070 vis
1059 3004 1189 3085 afferat,
1235 3005 1319 3071 inter

144 3115 220 3199 ejus
251 3117 397 3199 exempla
426 3115 542 3181 statuit
570 3115 847 3198 vindicationem,
878 3135 975 3198 quam
1006 3116 1127 3201 gratiae
1157 3116 1316 3200 opponit:

143 3246 184 3290 ac
206 3245 247 3292 ne
275 3225 350 3308 quis
381 3225 576 3310 ambigeret,
612 3241 770 3309 quantum
793 3247 831 3292 eo
854 3227 985 3293 nomine
1004 3228 1136 3296 deberet
1156 3227 1317 3313 intelligi,

144 3335 264 3403 definit
286 3336 562 3420 vindicationem,
581 3352 644 3424 per
666 3359 765 3424 quam
787 3342 853 3406 vim
875 3352 936 3404 aut
956 3339 1186 3405 contumeliam
1207 3339 1318 3425 defen-

142 3448 249 3515 dendo
281 3461 343 3514 aut
375 3447 557 3515 ulciscendo
577 3450 813 3536 propulsamus
835 3471 857 3514 a
880 3450 970 3522 nobis
990 3463 1022 3514 ot
1044 3473 1066 3515 a
1089 3454 1235 3532 nostris,
1259 3456 1319 3538 qui

142 3560 238 3624 nobis
256 3563 333 3624 cari
355 3581 418 3624 esse
437 3559 574 3641 dehent,
593 3573 625 3624 et
638 3574 702 3646 per
725 3581 825 3646 quam
843 3574 984 3647 precatu
1000 3565 1169 3646 puninrus.
1197 3561 1318 3628 Civilis

143 3668 235 3754 apud
257 3669 411 3737 Tacitum
433 3672 464 3735 ⁴:
485 3671 574 3759 Jurc
593 3675 758 3758 gentium,
781 3670 904 3754 inquit,
922 3687 1045 3758 poenas
1063 3686 1201 3758 reposco.
1225 3673 1317 3760 Quin

143 3780 232 3848 etin
259 3801 349 3848 sacra
376 3782 542 3849 historia*
567 3783 703 3848 Samson
731 3786 890 3848 insontem
919 3803 951 3848 se
971 3783 1179 3866 pronuntiat,
1202 3788 1231 3850 si
1248 3786 1317 3850 Pa·

144 3892 325 3975 laestinos,
359 3897 417 3979 qui
439 3914 472 3958 se
491 3893 578 3958 malo
602 3891 785 3980 affecerant
805 3895 954 3980 conjugio
974 3897 1173 3980 intercepto,
1197 3917 1317 3963 rursus

142 4003 232 4069 malo
254 4005 419 4091 afficeret:
444 4020 476 4069 et
496 4024 574 4072 mox
596 4020 758 4088 peractam
777 4005 934 4072 ultionem
955 4005 1015 4070 bac
1035 4006 1159 4074 ratione
1181 4022 1315 4090 tuetur,

138 4203 341 4212 *—

177 4346 186 4380 ¹
204 4349 228 4397 d.
244 4350 261 4396 l.
280 4350 373 4396 nullus.
390 4350 421 4396 C.
438 4351 470 4398 de
485 4348 594 4412 Judneis.
614 4349 657 4411 [C.
677 4362 699 4397 1.
716 4362 740 4412 9.
750 4349 801 4410 14.]
836 4345 846 4379 ⁹
864 4350 881 4397 l.
899 4360 922 4405 s.
942 4346 993 4412 [vs.
1010 4360 1081 4408 1147.
1098 4347 1166 4413 sqq.]
1202 4347 1212 4381 ³
1230 4352 1260 4400 de
1275 4352 1313 4400 in·

141 4441 243 4488 venel.
265 4439 1313 4504 2.[c.53.§.161.]Thom.2.t.q.108.art.a.eta.2.q.158.art.1.ad

142 4541 201 4578 tert.
235 4527 247 4561 ⁴
265 4531 363 4580 Hister.
379 4534 396 4580 l.
409 4545 433 4593 4.
454 4530 488 4595 [c.
505 4531 556 4594 aa]
592 4531 602 4562 ⁵
619 4533 676 4596 Jud.
693 4545 731 4589 15.
745 4545 768 4591 3.
783 4543 808 4580 et
824 4545 862 4580 11.
