3362 5504
470 618 517 664 un
541 619 634 683 Juun
660 619 947 667 rnanuan·cn1³.
972 620 1052 665 ιιιιι.
1300 603 1363 682 269

188 771 388 839 verissimam
422 772 639 856 exprimamus
670 774 889 855 sententiam,
922 788 1067 857 potestas
1101 786 1172 839 tota
1193 773 1305 841 civilis
1330 773 1364 839 in

187 885 354 968 republica
386 885 527 966 residet,
560 885 615 951 cui
639 885 680 951 de
703 905 737 951 se
759 885 916 969 competit
937 887 1116 970 gubernare
1141 907 1177 952 se
1201 885 1303 968 ipsam
1329 899 1362 951 et

188 995 413 1063 administrare
445 1011 477 1061 et
508 1016 620 1062 omnes
649 1011 827 1080 potestates
857 1016 931 1062 suas
965 996 998 1062 in
1031 1016 1204 1063 commune
1238 997 1362 1062 bonum

188 1108 337 1193 dirigere.
384 1107 572 1190 Principum
602 1128 681 1175 vero
711 1123 858 1192 potestas
879 1109 970 1173 nulla
990 1109 1080 1193 J‘usta
1101 1123 1173 1189 est,
1197 1107 1261 1174 nisi
1283 1128 1363 1190 qua-

188 1233 285 1284 tenus
307 1240 326 1284 a
348 1219 548 1302 reipublicae
578 1233 740 1302 potestate
759 1220 905 1286 derivata
925 1234 974 1286 est
996 1239 1053 1303 per
1077 1220 1270 1285 electionem
1293 1219 1363 1285 sive

189 1331 221 1395 in
243 1351 438 1414 personam,
463 1331 533 1397 sive
559 1331 591 1396 in
615 1330 768 1398 familiam
790 1335 819 1395 ¹:
845 1331 932 1396 unde
956 1346 990 1398 et
1004 1333 1058 1415 jus
1071 1331 1149 1396 belli
1164 1330 1363 1413 suscipiendi

188 1442 229 1507 ad
253 1442 435 1525 Principem
454 1441 610 1525 pertinet,
631 1443 791 1508 duntaxat
811 1463 876 1525 qua
896 1441 988 1509 vices
1009 1442 1207 1525 reipublicae
1227 1441 1311 1527 gerit
1332 1456 1364 1506 et

188 1555 229 1619 ab
260 1574 296 1619 ea
328 1554 515 1620 mandatum
546 1555 673 1637 accepit
693 1549 718 1620 ².
764 1555 858 1619 Prior
891 1555 992 1638 igitur
1024 1555 1193 1638 majorque
1218 1568 1363 1636 potestas

187 1665 266 1732 belli
285 1665 450 1732 indicendi
470 1684 571 1748 penes
594 1666 696 1748 ipsam
713 1666 945 1748 rempublicam
960 1666 1053 1747 est³,
1079 1685 1163 1747 quae
1175 1665 1359 1747 Principem

188 1791 341 1844 censetur
369 1777 402 1843 in
430 1777 482 1843 his
509 1777 572 1842 sibi
599 1777 834 1859 substituisse,
859 1798 943 1859 quae
964 1778 1034 1860 ipsa
1056 1795 1167 1859 perse
1189 1776 1359 1842 commode

189 1889 313 1954 efficere
345 1908 410 1954 ιιοιι
443 1889 558 1972 possit.
605 1890 722 1956 Manet
748 1909 824 1974 ergo
847 1889 942 1954 etiam
964 1890 1146 1954 constituto
1171 1888 1361 1970 Principatu

188 2000 314 2085 integra
334 2015 479 2083 potestas
498 2000 698 2083 reipublicae
716 2000 751 2080 ⁴,
777 2001 858 2066 adeo
882 2000 1014 2083 quidem
1040 2015 1077 2065 ut
1096 2000 1180 2065 idem
1194 2000 1250 2064 ille
1265 2000 1360 2064 theo-

187 2113 284 2195 logus
304 2111 474 2194 Hispanus
493 2111 505 2145 ⁵
523 2132 620 2194 posse
642 2132 658 2177 a
678 2113 863 2194 Republica
885 2112 1001 2177 mutari
1025 2111 1192 2193 Principes
1215 2126 1247 2176 et
1267 2111 1360 2176 Prin-

187 2222 332 2305 cipatum
366 2224 407 2288 de
441 2243 558 2308 genere
589 2225 622 2288 in
656 2243 759 2308 genus
794 2223 962 2289 transferri
999 2224 1172 2289 Gallorum
1211 2223 1360 2305 exemplo

187 2334 316 2416 probet.
366 2334 454 2400 Hinc
484 2350 612 2401 constat
641 2335 883 2401 Hollandorum
905 2335 1138 2417 rempublicam
1164 2334 1258 2399 etiam
1285 2354 1357 2398 cum

188 2445 372 2528 Principem
403 2447 537 2512 haberet
564 2449 637 2531 jure
667 2461 773 2512 tamen
794 2447 871 2512 belli
892 2446 1095 2530 suscipiendi
1116 2466 1183 2512 non
1205 2445 1360 2511 caruisse.

188 2560 274 2623 Nam
298 2557 423 2640 alioqui
447 2578 512 2623 non
532 2557 650 2624 fuisset
667 2557 729 2624 sibi
743 2559 926 2625 sufficiens:
953 2578 1020 2640 quo
1034 2572 1229 2642 argumento
1241 2557 1359 2641 probat

188 2671 339 2736 Victoria
358 2675 369 2709 ⁶
389 2689 480 2753 reges
503 2669 652 2751 quamvis
672 2669 862 2752 Imperatori
875 2671 1044 2754 subjectos
1057 2670 1179 2733 bellum
1192 2669 1358 2750 suscipere

188 2801 254 2846 non
286 2780 400 2847 vetari.
445 2779 571 2845 Verum
605 2780 731 2846 etiamsi
761 2801 846 2863 quos
877 2780 1018 2847 Ordines
1041 2779 1180 2845 dicimus
1202 2799 1268 2844 non
1291 2780 1360 2862 ipsa

188 2907 296 2959 essent
320 2890 528 2975 respublica,
561 2891 620 2957 sed
650 2891 857 2976 magistratus
890 2913 908 2956 a
938 2891 1105 2975 republica
1129 2890 1300 2957 constituti
1330 2905 1361 2955 et

188 3002 339 3086 Principe
361 3001 553 3084 inferiores,
578 3004 700 3069 bellum
724 3017 832 3070 tamen
854 3003 1025 3087 publicum
1050 3021 1119 3068 esse
1141 3020 1207 3067 non
1228 3001 1359 3067 desinit.

187 3115 373 3181 Docuimus
396 3114 482 3179 enim
500 3127 580 3179 'cum
603 3114 754 3181 Victoria
773 3119 784 3159 ²
805 3115 945 3199 aliisque
968 3114 1184 3194 auctoribus,
1208 3112 1360 3196 Principe

186 3241 352 3306 cessante,
388 3244 484 3310 posse
507 3226 714 3310 magistratus
738 3225 907 3292 inferiores
928 3245 994 3293 non
1017 3240 1144 3291 tantum
1169 3226 1360 3308 propulsare

186 3338 345 3424 injurias,
378 3337 435 3403 sed
457 3353 491 3403 et
511 3339 633 3403 bellum
657 3339 827 3422 publicum
851 3338 969 3404 inferre
991 3339 1032 3404 ad
1052 3337 1238 3421 puniendos
1259 3339 1358 3403 male-

184 3449 324 3517 factores
346 3464 526 3517 extraneos.
550 3451 627 3537 Qua
639 3449 763 3516 ratione
777 3451 872 3516 etiam
884 3465 1007 3533 partem
1019 3450 1136 3532 populi
1149 3448 1359 3534 magistratus

186 3561 249 3628 sibi
280 3563 386 3646 legere
416 3581 513 3645 posse
534 3563 609 3629 vult
629 3561 850 3628 Covarruvias
871 3565 904 3642 ⁸,
930 3561 1056 3627 etiamsi
1079 3561 1127 3626 illi
1151 3560 1360 3644 magistratus

185 3673 265 3739 alias
295 3673 359 3739 nisi
383 3693 400 3738 a
423 3671 498 3758 rege
529 3673 688 3738 constitui
718 3693 784 3739 non
816 3673 955 3756 possint.
1002 3672 1155 3738 Retinuit
1186 3672 1297 3750 enim,
1322 3685 1360 3735 ut

186 3785 243 3850 ille
267 3785 397 3867 inquit,
421 3787 566 3868 populus
584 3784 667 3869 juris
689 3784 845 3850 naturalis
862 3798 1079 3867 potestatem,
1104 3803 1169 3866 qua
1186 3783 1236 3848 uti
1249 3797 1361 3866 potest

222 4093 230 4126 ¹
249 4095 356 4144 covarr.
381 4095 405 4143 d.
430 4108 454 4143 c.
472 4097 555 4143 concl.
573 4108 597 4156 4.
616 4095 691 4155 Vasq.
710 4108 732 4142 c.
753 4107 792 4142 ιο.
810 4107 836 4142 ιι,
855 4108 895 4156 24.
914 4106 1010 4154 etseq.
1029 4094 1096 4143 idem
1115 4109 1139 4144 c.
1158 4107 1200 4155 47.
1221 4109 1245 4142 n.
1265 4107 1289 4150 5.
1307 4097 1359 4142 Du·

186 4187 278 4234 raudus
305 4187 336 4234 de
354 4185 416 4244 orig.
435 4184 525 4242 jurisd.
559 4183 655 4248 ²,Vict.
674 4183 778 4242 dejure
797 4186 867 4234 belli.
885 4200 910 4234 ιι.
928 4186 952 4233 6.
987 4184 1358 4233 ³Henr.G0ricn.debe110

186 4274 272 4337 justo,
296 4275 322 4323 in
346 4277 426 4337 praef.
442 4288 467 4326 et
492 4276 518 4324 in
535 4290 610 4338 prop.
631 4289 668 4325 ra.
685 4290 753 4337 resp.
770 4279 801 4325 ad
819 4279 865 4325 ult.
883 4289 977 4336 argum.
1010 4275 1021 4307 ⁴
1039 4275 1078 4324 lta
1097 4278 1174 4324 docet
1192 4276 1317 4336 Vasquius
1337 4290 1360 4324 c.

185 4379 226 4427 47.
244 4381 269 4416 ιι.
289 4380 328 4415 rr.
361 4367 457 4416 '’Vict.
475 4370 506 4416 de
524 4368 673 4425 Indis,rel.
694 4381 714 4416 ι.
731 4383 757 4429 p.
777 4383 798 4417 ι.
816 4382 841 4416 n.
862 4368 900 4417 16.
934 4368 1000 4416 ⁶De
1018 4365 1073 4424 jure
1091 4365 1161 4415 belli.
1178 4381 1204 4416 n.
1223 4370 1246 4414 8.
1281 4365 1359 4414 ⁷lbi.

187 4472 212 4504 n.
230 4473 255 4518 9.
289 4456 300 4487 ⁸
318 4460 399 4507 Pract.
417 4471 513 4518 quaest.
533 4473 557 4507 c.
575 4473 600 4520 4.
618 4473 644 4508 n.
663 4472 686 4514 3.
