3316 5494
346 658 407 705 102
628 657 676 704 Dii
698 656 794 724 June
820 654 1006 703 PRAEDAE.
1031 653 1114 704 CAP.
1138 657 1223 708 vlu.

532 807 641 877 Dolus'
663 831 710 877 an
731 814 843 880 uirtus
866 813 999 896 quirin
1021 813 1112 877 hoste
1131 819 1290 900 requirar
1306 815 1347 880 ¹?

385 921 475 989 Huic
496 922 581 989 enim
603 941 723 990 nocere
747 921 954 1005 quaerimus:

497 1035 607 1120 ἢδὸλῳ
622 1039 654 1113 ἠὲ
672 1037 726 1119 βίῃ
743 1036 761 1112 ἢ
779 1037 921 1120 ἀμφαδὸν
941 1037 973 1112 tii
990 1038 1132 1121 κρυφηδόν
1152 1031 1175 1103 ¹.

494 1147 571 1213 Siue
592 1144 689 1228 dolo,
712 1165 768 1210 scu
786 1148 822 1212 νί
842 1147 1047 1231 manifesta,
1070 1145 1200 1216 clamve
1217 1145 1387 1233 palamve.

385 1256 482 1324 Prius
510 1272 618 1323 autem
646 1257 687 1323 de
712 1255 841 1342 legibus
868 1257 1004 1324 secundi
1035 1257 1183 1339 ordinis,
1215 1257 1279 1324 hoc
1300 1271 1350 1324 est
1368 1257 1466 1324 tertia
1490 1273 1524 1324 et

342 1383 458 1452 quarta
476 1367 668 1435 videamus:
698 1387 781 1451 quae
802 1367 837 1434 vi
859 1367 941 1453 legis
969 1368 1113 1435 decimae
1133 1368 1248 1436 tertiae
1267 1369 1461 1449 eliduntur,
1484 1383 1524 1435 ιιι

341 1479 418 1546 alibi
440 1479 606 1562 diximus,
629 1497 696 1546 nou
719 1479 819 1546 modo
839 1478 867 1544 si
884 1479 1006 1562 primae
1029 1494 1086 1546 aut
1102 1480 1265 1548 secundae
1286 1495 1522 1564 opponantur,

340 1611 454 1658 verum
480 1591 576 1659 etiam
599 1590 626 1659 si
649 1592 743 1658 locus
764 1590 808 1657 sit
837 1590 971 1674 quintae
993 1606 1026 1657 er
1046 1607 1185 1674 sextae,
1202 1607 1365 1675 quatenus
1390 1592 1463 1659 istis
1488 1607 1522 1658 et

340 1703 444 1788 prima
462 1718 495 1769 et
512 1703 656 1769 secunda
678 1703 841 1770 insonter
859 1701 948 1786 ipsae
971 1702 1045 1770 illae
1066 1703 1160 1770 tertia
1184 1723 1221 1769 ac
1246 1719 1372 1787 quarta.
1401 1704 1522 1792 Quod·

340 1815 369 1882 si
389 1814 471 1899 quid
491 1814 592 1900 igitur
609 1815 695 1880 ultra
711 1813 769 1880 fiat
787 1834 883 1897 quarn
906 1816 995 1900 leges
1011 1815 1107 1899 primi
1129 1830 1162 1882 et
1181 1815 1271 1882 tertii
1292 1814 1417 1882 ordinis
1442 1833 1521 1898 pos·

340 1929 469 2010 rulant,
492 1924 604 1992 autin
633 1927 772 1992 altemm
796 1945 892 2009 quam
921 1925 955 1992 in
978 1945 1075 2009 quern
1094 1929 1183 2012 leges
1206 1926 1286 1992 istae
1308 1927 1520 2013 diriguntur,

341 2037 377 2105 id
405 2052 495 2104 extra
521 2037 648 2122 justum
671 2036 748 2103 belli
775 2038 909 2104 modum
937 2052 997 2104 est.
1042 2037 1230 2121 Dupliciter
1255 2057 1315 2105 nos
1347 2038 1522 2105 offendunt

341 2149 473 2228 hostes,
496 2147 673 2233 dupliciter
694 2147 790 2214 etiam
818 2147 1054 2230 offenduntur,
1077 2149 1111 2214 in
1140 2169 1277 2233 corpore
1299 2164 1331 2215 et
1349 2149 1384 2216 in
1404 2151 1520 2216 rebusz

342 2260 428 2326 unde
456 2263 592 2347 συζυγίαι
623 2261 694 2328 sive
717 2261 965 2345 conjugationes
988 2259 1074 2328 liunt
1103 2276 1247 2345 quatuor
1267 2261 1290 2328 ⁸.
1336 2262 1411 2328 Aut
1433 2261 1519 2328 enirn

342 2372 413 2456 ejus
441 2371 500 2455 qui
515 2381 644 2455 'corpus
673 2385 823 2438 nostrum
846 2370 975 2454 impetit
995 2391 1117 2456 corpus
1138 2373 1284 2440 vicissim
1308 2372 1520 2458 impetimus,

341 2498 399 2550 aut
426 2482 605 2567 spoliamus
623 2482 837 2566 spoliantem,
858 2497 916 2548 aut
937 2483 1119 2566 periculum
1142 2483 1231 2551 vitae
1258 2483 1354 2550 nobis
1377 2485 1520 2550 inferen-

340 2609 406 2661 tem
425 2594 521 2661 bonis
541 2595 756 2674 mulceamus,
781 2609 838 2660 aut
855 2613 915 2677 pro
935 2594 1035 2660 rebus
1055 2595 1177 2660 nostris
1198 2613 1285 2662 arma
1311 2595 1519 2681 stringimus3

341 2725 425 2790 quae
447 2705 556 2773 omnia
575 2725 688 2790 perse
708 2705 917 2790 injusranon
939 2725 1008 2774 esse
1030 2705 1124 2789 prius
1145 2721 1313 2774 ostensum
1335 2721 1406 2787 esr,
1431 2725 1519 2774 nunc

341 2833 504 2902 quatenus
520 2817 749 2901 permittantur
766 2817 947 2884 videamus.
993 2817 1146 2900 siquem
1168 2817 1271 2904 igitur
1292 2835 1349 2886 aut
1368 2839 1430 2904 pro
1448 2819 1520 2885 vita

341 2930 464 2997 tuenda
492 2945 549 2997 aut
577 2950 638 3014 pro
661 2930 760 2997 rebus
787 2929 909 2997 nostris
935 2931 1108 2996 vulnerare
1136 2949 1312 3014 possumus
1343 2931 1520 2998 autetiam

341 3043 481 3127 spoliare
506 3041 618 3126 (quod
641 3041 687 3107 ita
708 3041 785 3108 dico
807 3057 846 3107 ut
865 3042 947 3127 legis
964 3043 1087 3126 primae
1109 3056 1142 3108 et
1163 3042 1349 3124 secundae,
1372 3059 1439 3108 uon
1461 3041 1520 3109 eti·

341 3172 391 3219 am
412 3152 524 3220 delicti
539 3153 675 3219 habeam
692 3153 890 3238 rationem),
904 3154 944 3219 ab
966 3173 1004 3219 eo
1025 3173 1141 3220 manus
1158 3153 1320 3220 abstinere
1339 3153 1520 3236 debemus,

341 3263 540 3347 simulatque
562 3264 745 3347 periculum
763 3278 890 3346 cessat,
913 3280 951 3330 ut
971 3279 1047 3349 post
1066 3265 1248 3332 victoriam.
1294 3265 1330 3330 Si
1353 3285 1420 3331 rem
1443 3285 1520 3334 nos-

340 3390 421 3442 tram
451 3389 509 3440 aut
542 3374 576 3440 id
608 3375 700 3457 quod
726 3374 823 3441 nobis
852 3374 992 3443 debetur
1017 3376 1238 3462 reposcimus,
1262 3376 1320 3442 ubi
1344 3376 1379 3442 id
1400 3377 1522 3446 erimus

341 3486 534 3568 consecuti,
561 3485 645 3553 nihil
678 3485 818 3571 amplius
849 3505 998 3573 arrogare
1029 3489 1126 3555 nobis
1157 3487 1245 3554 licet.
1292 3487 1327 3554 Si
1359 3488 1520 3557 ultionem

342 3598 456 3667 delicti
476 3597 730 3683 persequimur,
755 3618 790 3664 ea
812 3617 946 3682 quoque
968 3600 1066 3666 debet
1086 3619 1155 3667 esse
1176 3613 1354 3682 temperata
1377 3619 1439 3683 pro
1454 3621 1523 3668 mo·

341 3711 384 3777 do
407 3709 538 3790 delicti,
560 3725 600 3777 ut
621 3708 678 3775 illa
700 3724 849 3776 teneatur

467 3821 625 3910 Regula,
642 3825 790 3908 peccaris
820 3839 907 3907 quaa
933 3835 1055 3906 poenas
1079 3823 1215 3908 irrogat
1238 3841 1362 3907 aequas
1382 3827 1408 3886 ι.

383 3933 506 4000 Differt
533 3945 641 3999 autem
672 3932 736 3998 hoc
767 3932 891 4013 abeo,
916 3930 1008 4015 quod
1030 3930 1199 4014 superiore
1220 3933 1326 4016 capite
1349 3946 1521 3998 tractatum

341 4060 410 4112 eet:
440 4044 486 4111 ibi
516 4064 645 4112 causam
665 4044 801 4112 subesse
823 4043 1038 4126 volebamus,
1062 4044 1117 4110 hic
1136 4063 1216 4110 vero
1238 4063 1355 4110 causae
1386 4043 1521 4108 modum

342 4157 561 4242 adjungimus.
603 4156 725 4223 Seneca
744 4160 755 4194 ⁵
779 4155 927 4223 crudeles
948 4175 1004 4224 eos
1022 4155 1155 4240 proprie
1175 4158 1250 4222 vult
1269 4155 1359 4236 dici,
1382 4159 1442 4240 qui
1460 4169 1524 4242 pu·

376 4381 384 4414 ¹
403 4381 472 4443 Vqu.
488 4384 554 4431 Aen.
571 4384 590 4430 1.
608 4395 631 4431 a.
651 4381 703 4444 [vs.
722 4379 793 4445 sqq]
829 4377 840 4414 ²
859 4377 957 4444 [Apoll.
975 4381 1062 4430 Rhod.
1079 4382 1097 4428 l.
1113 4393 1137 4429 a.
1151 4393 1190 4429 vs.
1204 4377 1275 4442 olm]
1310 4377 1388 4428 ³Dd.
1406 4379 1438 4426 ad
1455 4380 1473 4426 l.
1491 4389 1519 4427 ut

342 4470 677 4530 vim.ff.deiuat.etiure
697 4470 741 4537 [D.
762 4485 784 4521 r.
805 4484 826 4520 1.
845 4469 880 4536 3.]
900 4481 925 4518 et
944 4472 1010 4521 adl.
1032 4484 1054 4522 ι.
1074 4468 1377 4534 c.urrdevi.[c.l.4.]
1402 4468 1519 4519 *laurae⁸

341 4569 389 4616 sat.
410 4563 633 4630 t.s.[vs.1rt.]
668 4563 729 4615 ‘de
747 4565 820 4614 clera.
837 4565 855 4613 1.
873 4577 896 4614 a.
915 4576 938 4612 c.
955 4577 981 4624 4.
