3316 5494
463 609 510 656 nr
533 609 628 676 June
654 609 839 666 rannone,
863 611 944 658 cnr.
968 612 1004 664 x.
1252 607 1313 674 145

133 764 180 830 Et
194 763 229 830 hi
240 784 258 830 e
269 762 398 832 diversa
412 778 594 850 temporum
606 764 747 844 ratione,
764 780 821 832 aut
829 781 929 849 prout
939 765 1002 850 ipsi
1013 765 1133 846 famae,
1146 765 1313 852 religioni,

130 875 304 943 ambitioni
315 876 518 955 serviebant,
540 877 668 944 diverse
688 876 740 944 usi
759 878 977 962 reperiuntur.
1023 879 1092 967 Qui
1111 878 1310 946 sanctissimi

131 987 245 1054 haberi
276 988 432 1056 volebant
457 989 608 1071 praedam
635 1008 703 1056 non
731 989 957 1074 attingebant,
984 991 1042 1056 sed
1071 989 1142 1057 sive
1172 989 1312 1074 pecunia

132 1113 201 1166 erat
220 1099 256 1164 in
274 1090 414 1184 praedm
439 1118 508 1166 earn
528 1100 690 1184 iubebant
708 1115 913 1183 quaestorem
932 1101 1048 1186 populi
1072 1102 1214 1170 Romani
1237 1121 1311 1186 per-

132 1211 263 1294 cipere,
287 1210 358 1278 siue
379 1230 431 1277 res
454 1212 560 1293 aliae,
584 1229 638 1278 eas
660 1231 717 1296 per
741 1226 945 1294 quaestorem
970 1214 1032 1280 sub
1056 1215 1148 1280 hasta
1171 1235 1311 1280 venum-

132 1322 214 1390 dari.
249 1321 429 1390 Redactam
449 1323 525 1392 inde
543 1323 716 1407 pecuniam
733 1338 810 1390 sunt
832 1324 913 1406 qui¹
928 1324 1309 1394 manubiarumnotuine

131 1432 311 1520 significari
332 1436 462 1502 volunt.
505 1435 556 1500 Ea
576 1433 693 1501 deinde
714 1434 747 1500 in
768 1434 926 1502 aerarium
947 1455 1005 1519 per
1024 1451 1230 1519 quaestorem
1252 1436 1310 1504 de·

132 1543 319 1628 ferebatur,
352 1546 444 1630 prius
477 1559 607 1628 tamen,
638 1545 665 1611 si
695 1544 854 1632 triumphi
883 1566 933 1611 res
965 1561 1072 1630 esset,
1100 1547 1233 1632 publice
1256 1567 1310 1614 os-

130 1671 265 1724 tentata.
310 1656 362 1724 Ita
389 1657 564 1742 Pompeius
582 1656 679 1723 fecit:
708 1641 858 1723 Pecunia
882 1655 1065 1745 Tigranis,
1088 1659 1191 1724 sicuti
1210 1659 1308 1724 Pom·

126 1771 200 1856 pejo
224 1774 326 1837 moris
349 1783 447 1852 erat,
469 1767 612 1836 notanda
635 1784 713 1836 sunt
734 1770 815 1835 baec
837 1769 937 1835 verba
959 1769 1080 1854 Velleji
1099 1768 1133 1850 ¹,
1165 1768 1308 1837 redacta

130 1884 167 1944 in
189 1885 377 1967 quaestoris
395 1893 591 1966 potestatem
614 1901 654 1945 ac
671 1880 818 1966 publicis
840 1865 1009 1966 descripte
1031 1881 1155 1948 literis.
1184 1881 1235 1948 Ita
1256 1881 1307 1950 M.

131 1991 268 2058 Tullius
287 1998 299 2034 ⁸
318 1991 352 2058 in
379 1992 464 2057 bello
484 1991 656 2074 Parthico,
682 1990 740 2074 qui
760 1990 828 2076 ipse
848 1991 882 2058 in
901 1990 1005 2058 literis
1030 1992 1071 2058 ad
1089 1991 1306 2058 Sallustium:

131 2102 184 2168 De
208 2103 343 2189 praeda
369 2125 441 2171 meu
452 2117 595 2191 praeter
611 2116 801 2200 quaestores
824 2104 991 2186 urbanos,
1022 2102 1061 2168 id
1079 2116 1127 2167 est
1143 2103 1304 2190 populum

132 2214 346 2297 Romanum,
370 2218 560 2281 teruncium
583 2236 640 2280 nee
653 2217 796 2302 attigit,
820 2235 877 2281 nec
888 2227 1046 2280 tacturus
1058 2228 1106 2280 est
1118 2217 1308 2299 quisquam.

131 2327 174 2392 Id
197 2340 307 2394 autem
331 2325 434 2392 veteri
467 2324 636 2410 republica
664 2325 912 2394 usitatissimum
946 2324 1031 2407 suit,
1055 2326 1150 2410 cujus
1185 2345 1308 2394 morem

132 2437 270 2506 Plautus
289 2444 302 2482 ⁴
319 2436 515 2522 respiciens:

155 2551 261 2616 Nunc
284 2550 370 2615 hane
388 2549 554 2636 praedam
580 2569 701 2616 omnem
716 2550 792 2635 jam
815 2548 863 2616 ed
883 2562 1089 2636 quaestorem
1112 2549 1275 2635 deferam.

174 2662 222 2728 Et
241 2661 282 2729 de
300 2660 490 2728 hominibus
508 2659 649 2744 captivis
661 2670 691 2725 ⁸:

357 2769 442 2856 Quos
466 2776 531 2838 emi
552 2771 591 2838 de
608 2771 742 2860 praeda
765 2771 805 2838 de
827 2773 1072 2857 quaestoribus.

172 2884 222 2952 Hi
243 2898 350 2952 autem
374 2898 472 2964 sunt,
496 2883 554 2966 qui
575 2884 637 2950 sub
656 2903 776 2951 corona
794 2883 921 2950 venditi
931 2883 1096 2950 dicuntur.
1119 2863 1307 2950 Aliiautem

131 3017 199 3065 non
218 2995 383 3080 quaestori
402 2994 535 3074 dabant,
562 2995 620 3062 sed
638 2995 701 3080 ipsi
721 2995 908 3062 vendebant
929 3009 962 3060 et
983 2994 1017 3060 in
1041 2995 1201 3060 aerarium
1220 2993 1305 3062 refe·

131 3111 266 3190 rebant,
290 3123 329 3176 ut
349 3128 390 3174 ex
412 3106 544 3188 verbis,
563 3128 648 3190 quae
669 3107 758 3192 apud
777 3107 1060 3174 Halicamasseum
1084 3106 1117 3170 in
1131 3105 1241 3172 eadem
1254 3126 1307 3172 ac-

130 3220 300 3288 cusatione
323 3233 525 3303 sequuntur,
547 3218 643 3287 facile
665 3219 803 3304 intelligi
822 3232 942 3303 potest.
964 3218 1016 3284 Ita
1027 3217 1153 3302 Regem
1164 3216 1308 3300 Tarqui-

130 3332 222 3398 nium
238 3333 304 3417 jam
324 3331 402 3398 olim
420 3330 519 3398 victis
538 3330 668 3398 Sabinis
690 3329 848 3414 'praedam
879 3329 1095 3413 captivosque
1123 3328 1262 3394 Romam
1286 3335 1308 3408 †

132 3494 141 3510 .
164 3493 173 3508 .
198 3494 208 3526 ‚
232 3494 241 3509 .
266 3493 274 3508 .
297 3492 307 3510 .
330 3493 339 3509 .
362 3461 437 3508 mus
455 3449 488 3507 ‘e
509 3441 698 3508 Romulium
724 3455 756 3506 et
776 3440 953 3507 Veturium
977 3441 1129 3506 consules
1156 3440 1306 3524 praedam

130 3575 170 3622 ex
182 3554 312 3636 Aequis
323 3553 509 3622 vendidisse
528 3601 698 3620 ......
720 3552 863 3635 inopiam
875 3551 1007 3633 aerarii,
1029 3570 1123 3636 aegre
1134 3550 1168 3615 id
1177 3549 1304 3616 ferente

131 3665 276 3732 exercitu
288 3665 310 3731 ⁷.
335 3664 400 3732 Sed
418 3684 493 3730 cum
513 3664 546 3732 in
566 3663 704 3730 historia
722 3660 1307 3744 Romananihilfrequentiusoccur·

131 3791 193 3855 rat,
218 3790 377 3858 quantum
398 3796 437 3842 ex
448 3775 573 3843 Italicis
586 3774 748 3859 primum,
773 3773 891 3868 deinde
904 3772 1070 3840 Africanis
1083 3786 1115 3838 et
1127 3771 1305 3852 Asiaticis,

163 3974 256 4024 ¹Gell.
278 3977 298 4024 l.
322 3988 360 4034 rs.
384 3989 408 4025 c.
431 3988 472 4034 aa.
506 3973 557 4024 ¹1.
581 3987 605 4022 a.
631 3973 664 4037 [e.
687 3987 730 4036 40.
749 3975 771 4033 5.
790 3970 827 4037 3.]
864 3971 925 4021 ⁸ad
942 3971 1078 4020 famia.
1098 3969 1152 4034 [ep.
1172 3982 1210 4028 17.
1228 3973 1249 4028 ς.
1266 3968 1304 4032 4.]

128 4064 418 4130 ⁴Bscch.[vs.1075.]
453 4065 554 4127 ‘capt
572 4065 623 4129 [vs.
641 4065 693 4127 su]
728 4062 1010 4126 ⁸Ltv.1.1.[e.ar·]
1038 4059 1057 4108 ·⁷
1074 4060 1130 4110 Liv.
1140 4063 1157 4108 1.
1168 4071 1191 4118 3.
1204 4057 1304 4123 [usn]

162 4157 243 4219 illic
261 4155 288 4205 in
313 4157 404 4207 codice
428 4155 551 4206 vocabula
568 4156 616 4205 tria
635 4155 756 4216 temporis
775 4152 868 4212 injuria
885 4153 1023 4215 perierunt.
1058 4151 1142 4200 Nobis
1159 4163 1243 4200 tamen
1260 4151 1305 4199 sd·

128 4246 216 4297 bibitis
242 4247 342 4296 duobus
367 4247 436 4297 Livii
461 4247 541 4310 locis,
566 4247 658 4307 quibus
686 4245 789 4295 Grotius
807 4245 902 4303 utitur,
920 4246 951 4294 de
968 4243 1054 4294 verbis
1073 4240 1127 4300 ejus
1145 4239 1222 4290 facile
1241 4253 1304 4290 con·

130 4351 194 4388 sure
219 4349 314 4399 potest.
349 4338 486 4399 scripserat
512 4337 580 4388 enim
605 4338 655 4386 itas
682 4336 846 4397 Tarquinium
872 4334 923 4394 jam
941 4335 1004 4384 olim
1023 4332 1100 4383 victis
1119 4331 1216 4380 Sabinis
1232 4343 1304 4392 prae·

130 4431 185 4478 dam
201 4428 370 4490 captivosque
387 4430 486 4479 Roman
503 4429 598 4478 misisse
615 4427 733 4493 legimus,
750 4427 896 4476 Romullum
914 4437 939 4475 et
956 4423 1218 4474 Veturiumconsules
1228 4434 1302 4482 prae·

132 4521 186 4568 dam
204 4533 235 4568 ex
254 4520 350 4580 Aequis
368 4519 531 4582 vendidisse,
545 4529 653 4586 propter
670 4519 783 4581 inopiam
801 4517 901 4568 aerarii.

1135 4624 1174 4669 10
