3362 5504
328 606 390 671 312
616 603 662 650 DE
688 605 778 666 JURE
806 603 992 649 PRAEDAE.
1019 602 1088 648 CAP
1124 603 1202 648 xlv.

327 759 498 838 eumdem,
523 779 619 840 quem
644 761 742 826 semel
753 759 860 824 odisse
873 759 960 822 ultro
974 772 1167 840 coeperant,
1192 757 1231 822 ad
1242 758 1501 824 internecionem

327 892 432 953 usque
453 887 702 954 persequantur.
748 872 920 937 Adversus
939 871 1019 936 tales
1039 869 1140 953 igitur
1159 870 1308 935 homines
1329 885 1365 935 ut
1385 869 1504 936 leniter

326 1003 419 1068 agere
443 1003 501 1049 nec
523 983 670 1065 periculo
694 1001 754 1048 nec
778 981 960 1048 timiditatis
983 983 1104 1064 probro
1126 996 1241 1061 vacat,
1266 980 1310 1047 ita
1329 1001 1364 1048 se
1385 983 1501 1047 ulcisci

327 1095 403 1177 quia
426 1095 644 1161 necessarium
669 1094 764 1159 etiam
788 1096 961 1160 honestum
985 1108 1044 1159 est.
1092 1091 1257 1158 Novimus
1282 1093 1367 1159 enim
1391 1112 1501 1160 mores

327 1207 574 1288 Hispanorum,
604 1206 662 1288 qui
693 1206 770 1272 belli
794 1206 894 1289 hujus
917 1206 1009 1287 quod
1033 1203 1065 1270 in
1090 1202 1203 1289 Belgio
1228 1205 1351 1288 geritur
1374 1204 1502 1286 initiis,

325 1339 401 1384 cum
425 1318 490 1383 illis
514 1319 625 1401 aliquo
648 1304 747 1383 modo
771 1333 979 1401 parceretur,
1002 1318 1094 1383 nullo
1107 1317 1170 1400 ipsi
1183 1316 1414 1384 abstinuerunt
1427 1338 1502 1383 cru-

326 1429 468 1497 delitatis
492 1451 629 1514 genere,
654 1451 713 1495 nec
737 1430 828 1512 prius
852 1428 997 1495 deterriti
1020 1443 1119 1508 sunt,
1144 1449 1240 1510 quana
1262 1429 1350 1512 paria
1363 1428 1396 1494 in
1410 1430 1501 1513 ipsos

326 1542 582 1608 decernerentur.
630 1543 679 1608 At
710 1543 743 1608 in
775 1542 868 1607 India
899 1561 940 1604 ne
971 1541 1035 1606 hoc
1059 1540 1192 1622 quidem
1217 1542 1366 1626 contigit.
1413 1542 1501 1629 Quis

324 1655 428 1721 nescit
452 1654 603 1738 injuriant
621 1653 801 1736 quamlibet
813 1655 1013 1736 corporalem
1026 1673 1153 1718 omnem
1167 1654 1327 1720 bonorum
1338 1655 1498 1738 jacturam

324 1764 453 1831 infinito
487 1765 607 1832 anteire
628 1765 665 1830 1?
712 1765 784 1831 Illic
812 1780 920 1830 autem
941 1779 1009 1829 tum
1031 1763 1144 1830 Batavi
1164 1765 1390 1848 discerpantur
1410 1766 1498 1847 viri,

324 1877 365 1942 ad
391 1897 497 1943 remos
528 1878 742 1959 addicantur,
776 1877 922 1960 ipsorurn
954 1890 1067 1942 contra
1098 1877 1237 1960 captivis
1262 1892 1293 1943 et
1315 1877 1384 1943 vita
1409 1880 1499 1944 salva

323 2004 372 2054 est
393 2004 424 2054 et
444 1991 533 2056 salva
552 1990 692 2055 libertas.
738 1989 846 2072 Atqui
866 2008 1005 2071 aequum
1026 1988 1134 2055 fuerat
1154 2011 1210 2056 eos
1230 1989 1378 2074 graviora
1399 2011 1497 2079 quarn

321 2099 465 2168 fecerant
497 2103 647 2186 perpeti,
683 2118 720 2168 ut
754 2103 812 2184 qui
847 2101 973 2185 priores
1006 2121 1065 2166 nec
1101 2101 1219 2167 irritati
1253 2118 1318 2168 tana
1343 2103 1497 2170 immania

323 2212 501 2278 edidissent
532 2216 686 2298 exempla.
735 2215 825 2279 Haec
860 2234 938 2279 vero
962 2213 1045 2279 uitio
1069 2233 1144 2280 sane
1169 2213 1234 2279 dici
1257 2214 1315 2279 vix
1338 2230 1494 2281 meretur.

324 2325 505 2409 Castigatio
538 2341 663 2391 tantum
697 2342 767 2407 est,
810 2347 874 2407 qua
906 2325 1033 2390 discant
1065 2325 1205 2392 immites
1236 2326 1358 2408 animi,
1394 2347 1494 2409 quam

322 2437 430 2520 gravis
454 2437 497 2502 sit
519 2437 592 2502 aliis
614 2458 720 2503 rerum
745 2458 876 2503 suarum
897 2438 1041 2522 jactura:

674 2571 737 2613 non
760 2550 840 2614 solos
864 2552 977 2636 tangit
1001 2547 1147 2614 Atridas

539 2661 606 2725 Ista
628 2660 732 2727 dolor.

364 2774 530 2862 Quoniam
563 2794 641 2840 vero
675 2775 847 2841 honestum
871 2774 905 2838 in
927 2774 1063 2856 praedae
1093 2787 1226 2856 captura
1253 2773 1432 2857 praecipue
1456 2796 1496 2841 ex

321 2887 385 2954 fine
418 2885 557 2970 spectari
592 2886 835 2969 supradictum
860 2900 931 2965 est,
955 2885 1068 2950 referri
1093 2887 1157 2951 huc
1182 2886 1278 2951 debet
1301 2887 1394 2968 quod
1417 2887 1495 2952 alibi

319 2999 552 3083 probavimus,
576 2997 704 3065 omissis
728 2998 878 3081 piurimis
901 2997 1028 3080 opimae
1051 2998 1130 3064 satis
1152 3000 1289 3081 praedae
1311 2999 1495 3066 occasioni-

319 3114 405 3191 bus,
447 3125 562 3175 nautas
603 3111 743 3175 Batavos
778 3131 845 3175 eam
882 3109 1105 3192 suspicionem
1140 3094 1254 3192 procui
1290 3111 1369 3176 satis
1405 3132 1423 3176 a
1456 3133 1493 3178 se

318 3222 519 3303 removisse,
553 3236 590 3286 ut
612 3223 698 3288 nuda
723 3222 858 3304 praedae
880 3221 1059 3304 cupiditate
1082 3222 1212 3306 aggredi
1236 3237 1324 3288 tanta
1347 3223 1495 3305 pericula

318 3334 405 3399 credi
438 3353 504 3400 non
536 3349 693 3416 possent,
728 3354 801 3398 cum
835 3335 937 3416 palam
971 3333 1014 3399 sit
1044 3333 1209 3416 quidquid
1231 3333 1407 3415 fecerunt,
1434 3338 1494 3402 hac

318 3445 358 3510 de
390 3465 485 3510 causa
518 3443 654 3524 fecisse,
688 3445 779 3526 quod
813 3444 990 3511 Lusitanos
1014 3460 1170 3526 quaestus
1192 3445 1402 3512 avidissimos
1425 3467 1494 3514 non

318 3555 380 3621 alia
406 3556 531 3621 ratione
562 3555 715 3622 videbant
744 3575 840 3639 posse
872 3556 1024 3622 coerceri.
1071 3557 1241 3622 Praeterea
1273 3558 1343 3641 ipsa
1374 3561 1495 3642 praeda

317 3687 383 3732 non
412 3670 538 3733 lucrum
570 3667 685 3750 affert,
718 3667 775 3734 sed
805 3668 956 3732 damnum
989 3684 1138 3750 reparat„
1171 3690 1238 3751 quo
1270 3671 1353 3736 nihil
1384 3686 1496 3754 potest

318 3778 447 3843 evenire
475 3777 658 3843 honestius.
703 3778 783 3844 Non
805 3794 912 3845 autem
932 3777 1103 3848 fraudibus
1123 3781 1223 3862 ullis,
1248 3803 1314 3848 non
1335 3783 1495 3867 perfidia,

318 3907 402 3969 quae
429 3902 536 3952 tamen
567 3901 716 3969 poterant
748 3889 781 3955 in
813 3891 990 3957 Lusitanos
1031 3911 1097 3958 non
1130 3893 1250 3978 injusta
1280 3894 1411 3975 videri,
1453 3917 1495 3962 ne

318 3997 452 4063 furtivis
476 3998 609 4078 quidem
633 3999 993 4085 circumventionibus,
1018 4004 1076 4068 sed
1094 4007 1199 4087 palam
1223 4007 1359 4088 publico
1382 4009 1495 4074 Marte

318 4108 487 4191 pugnandi
511 4108 637 4189 copiam
659 4109 820 4179 fecerunt:
847 4130 878 4180 et
900 4115 1033 4198 quidem
1055 4137 1151 4199 saepe
1171 4118 1269 4200 pauci
1289 4139 1365 4185 cum
1387 4121 1495 4204 copiis

320 4220 480 4284 immenso
499 4218 700 4302 majoribus,
724 4244 759 4288 ea
779 4225 960 4291 animorum
982 4227 1105 4294 virtute
1127 4244 1345 4313 etcorporum
1357 4236 1494 4314 robore,

316 4381 509 4395 ——a—-—--

351 4462 358 4494 ¹
378 4465 394 4509 1.
414 4462 438 4509 in
455 4475 595 4512 servorum.
613 4465 638 4513 ff.
658 4469 688 4515 de
706 4471 805 4529 poenis.
825 4472 870 4534 [D.
886 4477 927 4535 48.
949 4487 987 4537 19.
1008 4476 1057 4539 10.]
