3326 5506
341 615 401 696 176
645 631 692 678 uu
716 629 809 696 Juae
836 629 1201 679 antunnacum.

336 786 485 872 regiones
495 786 681 865 adventum,
693 785 826 852 timidos
839 805 875 852 ac
888 785 1085 869 suspicaces.
1107 783 1205 850 Nihil
1216 782 1300 850 enim
1310 784 1509 867 proclivius,

338 917 436 980 quam
458 898 649 982 Europaeos
675 898 771 964 etiam
792 917 906 965 omnes
928 897 1084 964 infamare
1106 897 1194 980 apud
1214 896 1316 979 istos,
1341 897 1400 979 qui
1419 913 1510 964 tanta

337 1011 454 1076 scelera
486 1009 656 1093 videraut,
688 1025 776 1076 tanta
804 1010 949 1094 perpessi
975 1024 1075 1076 erant.
1118 1008 1310 1075 iudicabant
1329 1009 1509 1091 Lusitani,

337 1142 405 1202 quo
425 1121 530 1188 tutius
547 1137 621 1188 ante
640 1121 858 1205 experimenta
876 1120 1138 1202 mentiebantur,
1162 1135 1262 1203 atque
1283 1119 1325 1186 ita
1345 1141 1404 1204 per
1416 1141 1510 1206 reges

335 1251 499 1317 regnaque
524 1233 633 1299 omnia
662 1233 876 1315 differebant,
906 1232 1035 1300 venisse
1057 1232 1199 1316 piratas,
1223 1231 1346 1314 quibus
1371 1232 1405 1297 in
1426 1234 1508 1326 mari

336 1344 449 1426 sedes,
482 1360 638 1427 quaestus
670 1344 703 1410 in
736 1360 853 1428 rapto,
890 1345 979 1410 nulla
1012 1343 1103 1410 sedes
1135 1359 1260 1427 pacata.
1305 1345 1507 1426 Argumenta

336 1455 455 1522 dabant
475 1458 599 1522 cultum
613 1455 808 1539 simplicem,
832 1469 980 1522 umatum
993 1475 1121 1525 omnem
1135 1454 1278 1522 inarmis
1292 1471 1325 1522 et
1334 1457 1506 1524 machinis.

336 1567 421 1634 Nam
443 1566 618 1651 Lusitani,
643 1567 721 1650 quia
743 1567 850 1633 inania
874 1567 962 1650 apud
990 1565 1143 1634 barbaros
1173 1569 1312 1634 multum
1334 1571 1446 1636 valent
1476 1584 1508 1635 et

335 1678 415 1763 ipsis
447 1694 560 1764 agnata
591 1679 743 1763 superbia
776 1694 844 1758 est,
876 1681 990 1744 luxum
1021 1677 1055 1743 in
1087 1677 1203 1744 habitu
1237 1693 1269 1743 et
1301 1680 1506 1763 supellectile

335 1805 512 1875 usurpant:
544 1811 650 1873 arma,
684 1805 722 1857 ut
752 1790 838 1857 inter
868 1791 986 1872 rudes,
1010 1790 1210 1858 incuriosius
1231 1791 1364 1856 habent.
1413 1791 1505 1858 Haec

335 1903 393 1969 ubi
420 1903 525 1986 primo
555 1922 689 1968 accessu
720 1901 843 1968 revicta
870 1917 970 1985 sunt,
993 1902 1063 1968 'alia
1085 1903 1332 1988 spargebantur.
1377 1905 1505 1988 Anglos

334 2033 405 2081 esse
436 2013 577 2091 scilicet,
609 2013 759 2081 homines
787 2012 932 2096 perfidos
954 2033 991 2078 ac
1014 2011 1165 2094 furaces,
1190 2012 1313 2095 quibus
1335 2013 1503 2099 ingenium

334 2127 429 2210 peius
461 2140 545 2190 terra
576 2126 702 2190 nullum
737 2127 845 2190 aleret.
891 2125 937 2190 Et
971 2145 1039 2207 quo
1067 2125 1171 2209 maj0r
1191 2123 1315 2190 invidia
1337 2126 1505 2192 accederet

334 2236 421 2319 apud
443 2237 564 2316 Indos,
588 2235 760 2320 (maritimi
783 2235 932 2319 plerique
954 2237 1016 2302 sub
1040 2236 1172 2320 regibus
1193 2235 1357 2302 Arabibus
1380 2236 1503 2304 Mahu-

334 2348 483 2414 metismo
502 2365 621 2412 nomen
643 2347 846 2431 dederunt‚)
877 2367 983 2414 mores
1003 2367 1081 2428 eos,
1106 2347 1229 2430 quibus
1253 2347 1407 2414 Sinenses
1428 2349 1502 2430 plu·

334 2571 475 2637 Gentem
506 2571 590 2636 enim
624 2591 694 2637 esse
724 2571 849 2638 nullius
883 2570 1027 2637 numinis
1056 2585 1279 2652 reverentem,
1315 2590 1398 2652 quae
1443 2591 1502 2636 nec

332 2682 490 2768 religione
512 2683 620 2766 aliqua
644 2702 703 2748 ncc
726 2682 856 2768 legibus
879 2697 1050 2749 teneretur.
1076 2681 1165 2765 Opes
1179 2696 1286 2747 autem
1299 2684 1382 2748 male
1394 2697 1502 2765 partas

332 2795 421 2860 haud
449 2795 566 2860 melius
598 2793 769 2879 prodigere
802 2794 924 2860 effusos
949 2794 981 2860 in
1006 2794 1214 2876 ebrietatem,
1250 2814 1334 2877 quae
1366 2793 1413 2858 ibi
1437 2814 1503 2861 non

330 2906 415 2973 levis
438 2905 568 2974 infamia
601 2921 660 2972 est.
704 2905 853 2972 Accessit
880 2905 1003 2972 crimen
1031 2904 1098 2972 illis
1123 2925 1257 2988 quoque
1278 2905 1432 2991 gentibus
1454 2906 1504 2971 in·

331 3151 400 3196 esse
432 3131 524 3213 quod
557 3132 685 3197 nullum
720 3129 910 3196 feminarum
945 3129 1136 3195 comitatum
1171 3148 1282 3195 secum
1313 3129 1502 3209 traherent,

331 3242 423 3325 quod
454 3240 607 3308 Lusitani
640 3242 767 3308 solent:
800 3260 901 3323 quare
933 3240 1049 3323 sequi,
1081 3239 1212 3308 Batavis
1244 3239 1328 3308 inter
1361 3259 1395 3306 se
1419 3241 1503 3308 nihil

330 3353 495 3420 illicitum.
548 3354 726 3434 Postquam
760 3352 839 3417 haec
874 3351 947 3418 visu
982 3371 1088 3418 coram
1124 3349 1375 3435 refellebantur,
1412 3352 1504 3418 aliud

328 3465 483 3550 jactatum
517 3479 584 3530 est:
618 3482 705 3528 oram
739 3463 825 3529 unde
857 3463 912 3529 isti
943 3463 1094 3529 venirent
1126 3461 1285 3530 classibus
1321 3464 1500 3547 plurimum

329 3578 458 3658 valere,
484 3596 595 3657 neque
629 3595 717 3640 nnnc
741 3574 830 3641 aliud
855 3576 918 3640 sub
939 3577 1014 3641 velo
1035 3572 1268 3659 negotiationis
1287 3575 1376 3658 peti,
1402 3597 1499 3658 quam

330 3703 369 3753 ut
401 3687 577 3770 exploratis
606 3686 783 3770 aliquando
815 3687 910 3753 terris
944 3685 1114 3772 indigenas
1142 3687 1361 3770 depellerent,
1396 3688 1498 3772 impe·

330 3798 481 3881 riumque
502 3799 565 3866 sibi
586 3798 779 3866 stabilirent.
803 3799 842 3864 ld
864 3819 1017 3865 sensuros
1040 3798 1132 3864 brevi
1158 3819 1249 3884 reges
1268 3801 1497 3883 populosque,

330 3911 364 3976 ni
386 3930 475 3976 suam
500 3911 688 3977 societatem
712 3909 745 3977 in
769 3925 914 3993 tempore
937 3909 1158 3993 implorarent.
1205 3911 1295 3976 Haec
1318 3910 1422 3978 literis
1444 3926 1499 3978 aut

330 4023 517 4105 interceptis
553 4037 609 4087 aut
643 4021 894 4102 demonstratis,
928 4021 1007 4088 haec
1041 4020 1248 4104 deceptarum
1283 4021 1429 4106 gentium
1464 4043 1499 4088 ac

329 4134 518 4217 Principum
541 4133 738 4199 testimoniis
762 4147 948 4216 eruperunt.

170 4264 240 4311 Anno
254 4269 315 4322 1⁵⁹6·
374 4245 448 4310 Hoc
469 4245 551 4310 illud
570 4260 618 4310 est
639 4245 730 4327 quod
750 4243 855 4327 primo
878 4244 1073 4312 Batavorum
1096 4244 1128 4310 in
1151 4258 1319 4328 caspartes
1333 4244 1495 4326 adventu,

330 4357 492 4440 (quatuor
514 4373 603 4423 erant
624 4373 725 4423 naves
746 4355 868 4438 quibus
889 4355 1026 4421 totidem
1046 4355 1192 4442 magistri
1215 4358 1401 4440 praeerant)
1414 4355 1496 4439 apud

329 4468 588 4550 Rasadaumam,
614 4487 710 4551 quem
729 4487 916 4551 supremum
934 4467 1034 4552 Javae
1054 4467 1237 4551 Principem
1258 4466 1409 4532 Lusitani
1440 4485 1496 4533 vo·
