<?xml version="1.0" encoding="UTF-8"?>
<!DOCTYPE html PUBLIC "-//W3C//DTD XHTML 1.0 Transitional//EN"
    "http://www.w3.org/TR/xhtml1/DTD/xhtml1-transitional.dtd">
<html xmlns="http://www.w3.org/1999/xhtml" xml:lang="en" lang="en">
 <head>
  <title>
</title>
<meta http-equiv="Content-Type" content="text/html;charset=utf-8" />
  <meta name='ocr-system' content='tesseract 3.04.00' />
  <meta name='ocr-capabilities' content='ocr_page ocr_carea ocr_par ocr_line ocrx_word'/>
</head>
<body>
  <div class='ocr_page' id='page_1' title='image "./ledroitdeprised01hamagoog_0232.png"; bbox 0 0 3216 5512; ppageno 0'>
   <div class='ocr_carea' id='block_1_1' title="bbox 370 632 1246 700">
    <p class='ocr_par' dir='ltr' id='par_1_1' title="bbox 370 632 1246 700">
     <span class='ocr_line' id='line_1_1' title="bbox 370 632 1246 700; baseline 0 -22"><span class='ocrx_word' id='word_1_1' title='bbox 370 633 432 678; x_wconf 79' lang='lat'>210</span> <span class='ocrx_word' id='word_1_2' title='bbox 668 633 714 682; x_wconf 76' lang='lat' dir='ltr'>DE</span> <span class='ocrx_word' id='word_1_3' title='bbox 737 633 832 700; x_wconf 77' lang='lat' dir='ltr'>June</span> <span class='ocrx_word' id='word_1_4' title='bbox 860 632 1046 680; x_wconf 77' lang='lat' dir='ltr'>annuunt.</span> <span class='ocrx_word' id='word_1_5' title='bbox 1071 633 1154 680; x_wconf 79' lang='lat' dir='ltr'>CAP·</span> <span class='ocrx_word' id='word_1_6' title='bbox 1179 633 1246 679; x_wconf 85' lang='lat' dir='ltr'>xit.</span> 
     </span>
    </p>
   </div>
   <div class='ocr_carea' id='block_1_2' title="bbox 368 785 1544 1094">
    <p class='ocr_par' dir='ltr' id='par_1_2' title="bbox 368 785 1544 1094">
     <span class='ocr_line' id='line_1_2' title="bbox 369 785 1540 872; baseline 0 -20"><span class='ocrx_word' id='word_1_7' title='bbox 369 785 526 870; x_wconf 90' lang='lat' dir='ltr'>iiispanis</span> <span class='ocrx_word' id='word_1_8' title='bbox 546 797 581 868; x_wconf 89' lang='lat'>¹,</span> <span class='ocrx_word' id='word_1_9' title='bbox 615 787 785 872; x_wconf 89' lang='lat' dir='ltr'>improbus</span> <span class='ocrx_word' id='word_1_10' title='bbox 819 803 919 871; x_wconf 89' lang='lat' dir='ltr'>atque</span> <span class='ocrx_word' id='word_1_11' title='bbox 952 787 1072 872; x_wconf 90' lang='lat' dir='ltr'>impius</span> <span class='ocrx_word' id='word_1_12' title='bbox 1105 801 1273 854; x_wconf 87' lang='lat' dir='ltr'>censetur.</span> <span class='ocrx_word' id='word_1_13' title='bbox 1336 786 1493 853; x_wconf 89' lang='lat' dir='ltr'>Secundo</span> <span class='ocrx_word' id='word_1_14' title='bbox 1521 789 1540 852; x_wconf 89' lang='lat' dir='ltr'>si</span> 
     </span>
     <span class='ocr_line' id='line_1_3' title="bbox 368 897 1542 981; baseline 0.001 -18"><span class='ocrx_word' id='word_1_15' title='bbox 368 897 539 966; x_wconf 86' lang='lat' dir='ltr'>Pontiiicis</span> <span class='ocrx_word' id='word_1_16' title='bbox 558 899 739 968; x_wconf 80' lang='lat' dir='ltr'>Alexandri</span> <span class='ocrx_word' id='word_1_17' title='bbox 761 899 849 966; x_wconf 84' lang='lat' dir='ltr'>Sexti</span> <span class='ocrx_word' id='word_1_18' title='bbox 870 898 1035 966; x_wconf 88' lang='lat' dir='ltr'>divisione</span> <span class='ocrx_word' id='word_1_19' title='bbox 1053 913 1212 981; x_wconf 91' lang='lat' dir='ltr'>utentur,</span> <span class='ocrx_word' id='word_1_20' title='bbox 1237 915 1319 964; x_wconf 87' lang='lat' dir='ltr'>ante</span> <span class='ocrx_word' id='word_1_21' title='bbox 1343 899 1459 964; x_wconf 89' lang='lat' dir='ltr'>omnia</span> <span class='ocrx_word' id='word_1_22' title='bbox 1477 899 1542 965; x_wconf 88' lang='lat' dir='ltr'>iliud</span> 
     </span>
     <span class='ocr_line' id='line_1_4' title="bbox 368 1011 1544 1094; baseline 0 -18"><span class='ocrx_word' id='word_1_23' title='bbox 368 1011 600 1078; x_wconf 89' lang='lat' dir='ltr'>attendendum</span> <span class='ocrx_word' id='word_1_24' title='bbox 612 1027 684 1094; x_wconf 91' lang='lat' dir='ltr'>est,</span> <span class='ocrx_word' id='word_1_25' title='bbox 707 1011 893 1078; x_wconf 87' lang='lat' dir='ltr'>volueritne</span> <span class='ocrx_word' id='word_1_26' title='bbox 906 1011 1059 1078; x_wconf 83' lang='lat' dir='ltr'>Pontifex</span> <span class='ocrx_word' id='word_1_27' title='bbox 1070 1011 1304 1078; x_wconf 91' lang='lat' dir='ltr'>contentiones</span> <span class='ocrx_word' id='word_1_28' title='bbox 1315 1026 1452 1078; x_wconf 90' lang='lat' dir='ltr'>tanturn</span> <span class='ocrx_word' id='word_1_29' title='bbox 1463 1011 1544 1077; x_wconf 85' lang='lat' dir='ltr'>Lusi-</span> 
     </span>
    </p>
   </div>
   <div class='ocr_carea' id='block_1_3' title="bbox 366 1122 1597 1206">
    <p class='ocr_par' dir='ltr' id='par_1_3' title="bbox 366 1122 1597 1206">
     <span class='ocr_line' id='line_1_5' title="bbox 366 1122 1597 1206; baseline -0.001 -18"><span class='ocrx_word' id='word_1_30' title='bbox 366 1137 515 1190; x_wconf 90' lang='lat' dir='ltr'>tanorum</span> <span class='ocrx_word' id='word_1_31' title='bbox 536 1138 569 1190; x_wconf 88' lang='lat' dir='ltr'>et</span> <span class='ocrx_word' id='word_1_32' title='bbox 589 1123 850 1190; x_wconf 87' lang='lat' dir='ltr'>Casteiianorum</span> <span class='ocrx_word' id='word_1_33' title='bbox 869 1122 1044 1204; x_wconf 87' lang='lat' dir='ltr'>dirimere,</span> <span class='ocrx_word' id='word_1_34' title='bbox 1068 1123 1161 1204; x_wconf 92' lang='lat' dir='ltr'>quod</span> <span class='ocrx_word' id='word_1_35' title='bbox 1179 1123 1297 1206; x_wconf 92' lang='lat' dir='ltr'>potuit</span> <span class='ocrx_word' id='word_1_36' title='bbox 1307 1124 1542 1188; x_wconf 86' lang='lat' dir='ltr'>saneutlertur</span> <span class='ocrx_word' id='word_1_37' title='bbox 1596 1167 1597 1174; x_wconf 39' lang='grc' dir='ltr'>ι</span> 
     </span>
    </p>
   </div>
   <div class='ocr_carea' id='block_1_4' title="bbox 367 1233 1543 1654">
    <p class='ocr_par' dir='ltr' id='par_1_4' title="bbox 367 1233 1543 1654">
     <span class='ocr_line' id='line_1_6' title="bbox 368 1233 1543 1320; baseline 0.001 -21"><span class='ocrx_word' id='word_1_38' title='bbox 368 1233 452 1302; x_wconf 90' lang='lat' dir='ltr'>iuter</span> <span class='ocrx_word' id='word_1_39' title='bbox 479 1234 555 1300; x_wconf 89' lang='lat' dir='ltr'>iilos</span> <span class='ocrx_word' id='word_1_40' title='bbox 582 1234 704 1302; x_wconf 87' lang='lat' dir='ltr'>arbiter</span> <span class='ocrx_word' id='word_1_41' title='bbox 721 1233 755 1316; x_wconf 89' lang='lat'>¹,</span> <span class='ocrx_word' id='word_1_42' title='bbox 789 1234 876 1304; x_wconf 83' lang='lat' dir='ltr'>sicut</span> <span class='ocrx_word' id='word_1_43' title='bbox 907 1250 941 1302; x_wconf 90' lang='lat' dir='ltr'>et</span> <span class='ocrx_word' id='word_1_44' title='bbox 969 1234 1032 1318; x_wconf 87' lang='lat' dir='ltr'>ipsi</span> <span class='ocrx_word' id='word_1_45' title='bbox 1054 1253 1146 1318; x_wconf 83' lang='lat' dir='ltr'>reges</span> <span class='ocrx_word' id='word_1_46' title='bbox 1164 1234 1230 1320; x_wconf 87' lang='lat' dir='ltr'>jam</span> <span class='ocrx_word' id='word_1_47' title='bbox 1254 1251 1337 1300; x_wconf 89' lang='lat' dir='ltr'>ante</span> <span class='ocrx_word' id='word_1_48' title='bbox 1359 1235 1450 1302; x_wconf 91' lang='lat' dir='ltr'>inter</span> <span class='ocrx_word' id='word_1_49' title='bbox 1469 1255 1499 1300; x_wconf 87' lang='lat' dir='ltr'>se</span> <span class='ocrx_word' id='word_1_50' title='bbox 1517 1257 1543 1300; x_wconf 86' lang='lat' dir='ltr'>ea</span> 
     </span>
     <span class='ocr_line' id='line_1_7' title="bbox 367 1345 1542 1432; baseline 0 -21"><span class='ocrx_word' id='word_1_51' title='bbox 367 1345 408 1412; x_wconf 91' lang='lat' dir='ltr'>de</span> <span class='ocrx_word' id='word_1_52' title='bbox 430 1365 463 1412; x_wconf 89' lang='lat' dir='ltr'>re</span> <span class='ocrx_word' id='word_1_53' title='bbox 486 1345 620 1414; x_wconf 89' lang='lat' dir='ltr'>foedera</span> <span class='ocrx_word' id='word_1_54' title='bbox 652 1345 809 1428; x_wconf 90' lang='lat' dir='ltr'>quaedam</span> <span class='ocrx_word' id='word_1_55' title='bbox 844 1345 1053 1432; x_wconf 78' lang='lat' dir='ltr'>pepigerant:</span> <span class='ocrx_word' id='word_1_56' title='bbox 1086 1360 1119 1411; x_wconf 91' lang='lat' dir='ltr'>et</span> <span class='ocrx_word' id='word_1_57' title='bbox 1149 1347 1214 1412; x_wconf 86' lang='lat' dir='ltr'>hoc</span> <span class='ocrx_word' id='word_1_58' title='bbox 1249 1345 1282 1410; x_wconf 92' lang='lat' dir='ltr'>si</span> <span class='ocrx_word' id='word_1_59' title='bbox 1308 1345 1360 1411; x_wconf 86' lang='lat' dir='ltr'>ita</span> <span class='ocrx_word' id='word_1_60' title='bbox 1386 1362 1462 1426; x_wconf 90' lang='lat' dir='ltr'>est,</span> <span class='ocrx_word' id='word_1_61' title='bbox 1484 1367 1542 1412; x_wconf 88' lang='lat' dir='ltr'>cun</span> 
     </span>
     <span class='ocr_line' id='line_1_8' title="bbox 367 1456 1542 1541; baseline -0.001 -18"><span class='ocrx_word' id='word_1_62' title='bbox 367 1477 419 1524; x_wconf 88' lang='lat' dir='ltr'>res</span> <span class='ocrx_word' id='word_1_63' title='bbox 446 1456 532 1524; x_wconf 91' lang='lat' dir='ltr'>inter</span> <span class='ocrx_word' id='word_1_64' title='bbox 561 1457 642 1524; x_wconf 88' lang='lat' dir='ltr'>aiios</span> <span class='ocrx_word' id='word_1_65' title='bbox 662 1473 733 1524; x_wconf 85' lang='lat' dir='ltr'>acta</span> <span class='ocrx_word' id='word_1_66' title='bbox 751 1456 817 1538; x_wconf 93' lang='lat' dir='ltr'>sit,</span> <span class='ocrx_word' id='word_1_67' title='bbox 841 1457 882 1523; x_wconf 89' lang='lat' dir='ltr'>ad</span> <span class='ocrx_word' id='word_1_68' title='bbox 901 1471 1044 1524; x_wconf 87' lang='lat' dir='ltr'>caeteras</span> <span class='ocrx_word' id='word_1_69' title='bbox 1063 1471 1176 1541; x_wconf 85' lang='lat' dir='ltr'>gentes</span> <span class='ocrx_word' id='word_1_70' title='bbox 1194 1477 1263 1523; x_wconf 90' lang='lat' dir='ltr'>non</span> <span class='ocrx_word' id='word_1_71' title='bbox 1286 1458 1494 1541; x_wconf 76' lang='lat' dir='ltr'>pertinebit:</span> <span class='ocrx_word' id='word_1_72' title='bbox 1513 1479 1542 1522; x_wconf 87' lang='lat' dir='ltr'>an</span> 
     </span>
     <span class='ocr_line' id='line_1_9' title="bbox 367 1567 1542 1654; baseline -0.001 -19"><span class='ocrx_word' id='word_1_73' title='bbox 367 1588 447 1636; x_wconf 83' lang='lat' dir='ltr'>ueto</span> <span class='ocrx_word' id='word_1_74' title='bbox 479 1589 581 1654; x_wconf 89' lang='lat' dir='ltr'>prope</span> <span class='ocrx_word' id='word_1_75' title='bbox 613 1570 763 1654; x_wconf 78' lang='lat' dir='ltr'>singulos</span> <span class='ocrx_word' id='word_1_76' title='bbox 795 1567 910 1636; x_wconf 88' lang='lat' dir='ltr'>mundi</span> <span class='ocrx_word' id='word_1_77' title='bbox 937 1567 1072 1636; x_wconf 85' lang='lat' dir='ltr'>trientes</span> <span class='ocrx_word' id='word_1_78' title='bbox 1101 1567 1234 1635; x_wconf 88' lang='lat' dir='ltr'>duobus</span> <span class='ocrx_word' id='word_1_79' title='bbox 1252 1570 1405 1653; x_wconf 88' lang='lat' dir='ltr'>populis</span> <span class='ocrx_word' id='word_1_80' title='bbox 1426 1571 1542 1635; x_wconf 79' lang='lat' dir='ltr'>donam</span> 
     </span>
    </p>
   </div>
   <div class='ocr_carea' id='block_1_5' title="bbox 367 1677 1597 1778">
    <p class='ocr_par' dir='ltr' id='par_1_5' title="bbox 367 1677 1597 1778">
     <span class='ocr_line' id='line_1_10' title="bbox 367 1677 1597 1778; baseline 0 -32"><span class='ocrx_word' id='word_1_81' title='bbox 367 1681 468 1767; x_wconf 82' lang='lat' dir='ltr'>Quoi</span> <span class='ocrx_word' id='word_1_82' title='bbox 487 1680 549 1748; x_wconf 87' lang='lat' dir='ltr'>etsi</span> <span class='ocrx_word' id='word_1_83' title='bbox 569 1680 731 1748; x_wconf 88' lang='lat' dir='ltr'>voluisset</span> <span class='ocrx_word' id='word_1_84' title='bbox 749 1693 783 1746; x_wconf 87' lang='lat' dir='ltr'>et</span> <span class='ocrx_word' id='word_1_85' title='bbox 801 1679 964 1764; x_wconf 90' lang='lat' dir='ltr'>potuisset</span> <span class='ocrx_word' id='word_1_86' title='bbox 985 1677 1159 1760; x_wconf 87' lang='lat' dir='ltr'>Pontifex,</span> <span class='ocrx_word' id='word_1_87' title='bbox 1182 1696 1385 1748; x_wconf 91' lang='lat' dir='ltr'>nontamen</span> <span class='ocrx_word' id='word_1_88' title='bbox 1399 1682 1542 1748; x_wconf 90' lang='lat' dir='ltr'>contiuuo</span> <span class='ocrx_word' id='word_1_89' title='bbox 1596 1763 1597 1778; x_wconf 23' lang='lat'>2</span> 
     </span>
    </p>
   </div>
   <div class='ocr_carea' id='block_1_6' title="bbox 366 1789 1541 2767">
    <p class='ocr_par' dir='ltr' id='par_1_6' title="bbox 366 1789 1541 2767">
     <span class='ocr_line' id='line_1_11' title="bbox 369 1789 1541 1874; baseline -0.002 -16"><span class='ocrx_word' id='word_1_90' title='bbox 369 1807 561 1874; x_wconf 86' lang='lat' dir='ltr'>sequeretur</span> <span class='ocrx_word' id='word_1_91' title='bbox 592 1791 745 1860; x_wconf 89' lang='lat' dir='ltr'>dominos</span> <span class='ocrx_word' id='word_1_92' title='bbox 777 1789 926 1858; x_wconf 88' lang='lat' dir='ltr'>Orientis</span> <span class='ocrx_word' id='word_1_93' title='bbox 959 1809 1030 1858; x_wconf 90' lang='lat' dir='ltr'>esse</span> <span class='ocrx_word' id='word_1_94' title='bbox 1062 1791 1267 1873; x_wconf 84' lang='lat' dir='ltr'>Lusitanos,</span> <span class='ocrx_word' id='word_1_95' title='bbox 1304 1813 1389 1858; x_wconf 89' lang='lat' dir='ltr'>cum</span> <span class='ocrx_word' id='word_1_96' title='bbox 1423 1793 1541 1860; x_wconf 87' lang='lat' dir='ltr'>donatio</span> 
     </span>
     <span class='ocr_line' id='line_1_12' title="bbox 369 1901 1541 1985; baseline 0 -17"><span class='ocrx_word' id='word_1_97' title='bbox 369 1902 551 1970; x_wconf 89' lang='lat' dir='ltr'>dominium</span> <span class='ocrx_word' id='word_1_98' title='bbox 577 1923 644 1970; x_wconf 93' lang='lat' dir='ltr'>non</span> <span class='ocrx_word' id='word_1_99' title='bbox 673 1901 795 1982; x_wconf 86' lang='lat' dir='ltr'>faciat,</span> <span class='ocrx_word' id='word_1_100' title='bbox 828 1903 887 1970; x_wconf 90' lang='lat' dir='ltr'>sed</span> <span class='ocrx_word' id='word_1_101' title='bbox 913 1917 1026 1968; x_wconf 88' lang='lat' dir='ltr'>secuta</span> <span class='ocrx_word' id='word_1_102' title='bbox 1058 1901 1192 1968; x_wconf 87' lang='lat' dir='ltr'>traditio</span> <span class='ocrx_word' id='word_1_103' title='bbox 1210 1901 1243 1967; x_wconf 80' lang='lat'>⁸:</span> <span class='ocrx_word' id='word_1_104' title='bbox 1279 1923 1392 1985; x_wconf 90' lang='lat' dir='ltr'>quare</span> <span class='ocrx_word' id='word_1_105' title='bbox 1427 1921 1460 1969; x_wconf 88' lang='lat' dir='ltr'>et</span> <span class='ocrx_word' id='word_1_106' title='bbox 1481 1905 1541 1970; x_wconf 86' lang='lat' dir='ltr'>buit</span> 
     </span>
     <span class='ocr_line' id='line_1_13' title="bbox 367 2013 1541 2100; baseline 0 -20"><span class='ocrx_word' id='word_1_107' title='bbox 367 2033 483 2081; x_wconf 91' lang='lat' dir='ltr'>causae</span> <span class='ocrx_word' id='word_1_108' title='bbox 517 2013 684 2098; x_wconf 84' lang='lat' dir='ltr'>possessio</span> <span class='ocrx_word' id='word_1_109' title='bbox 718 2015 850 2080; x_wconf 86' lang='lat' dir='ltr'>deberet</span> <span class='ocrx_word' id='word_1_110' title='bbox 883 2013 1049 2080; x_wconf 88' lang='lat' dir='ltr'>accedere.</span> <span class='ocrx_word' id='word_1_111' title='bbox 1096 2013 1186 2081; x_wconf 89' lang='lat' dir='ltr'>Turn</span> <span class='ocrx_word' id='word_1_112' title='bbox 1220 2035 1306 2080; x_wconf 87' lang='lat' dir='ltr'>veto</span> <span class='ocrx_word' id='word_1_113' title='bbox 1339 2015 1375 2080; x_wconf 94' lang='lat' dir='ltr'>si</span> <span class='ocrx_word' id='word_1_114' title='bbox 1406 2017 1483 2099; x_wconf 90' lang='lat' dir='ltr'>quis</span> <span class='ocrx_word' id='word_1_115' title='bbox 1500 2018 1541 2100; x_wconf 87' lang='lat' dir='ltr'>jur</span> 
     </span>
     <span class='ocr_line' id='line_1_14' title="bbox 368 2124 1539 2210; baseline 0.002 -19"><span class='ocrx_word' id='word_1_116' title='bbox 368 2125 473 2210; x_wconf 89' lang='lat' dir='ltr'>ipsum</span> <span class='ocrx_word' id='word_1_117' title='bbox 498 2126 569 2194; x_wconf 90' lang='lat' dir='ltr'>sive</span> <span class='ocrx_word' id='word_1_118' title='bbox 592 2126 741 2194; x_wconf 89' lang='lat' dir='ltr'>divinum</span> <span class='ocrx_word' id='word_1_119' title='bbox 764 2124 835 2192; x_wconf 90' lang='lat' dir='ltr'>sive</span> <span class='ocrx_word' id='word_1_120' title='bbox 860 2125 1035 2190; x_wconf 91' lang='lat' dir='ltr'>humanum</span> <span class='ocrx_word' id='word_1_121' title='bbox 1057 2125 1194 2192; x_wconf 88' lang='lat' dir='ltr'>scrutari</span> <span class='ocrx_word' id='word_1_122' title='bbox 1212 2127 1329 2206; x_wconf 86' lang='lat' dir='ltr'>volet,</span> <span class='ocrx_word' id='word_1_123' title='bbox 1357 2148 1430 2194; x_wconf 90' lang='lat' dir='ltr'>non</span> <span class='ocrx_word' id='word_1_124' title='bbox 1450 2144 1539 2193; x_wconf 88' lang='lat' dir='ltr'>auten</span> 
     </span>
     <span class='ocr_line' id='line_1_15' title="bbox 368 2235 1539 2323; baseline 0.003 -23"><span class='ocrx_word' id='word_1_125' title='bbox 368 2253 408 2300; x_wconf 87' lang='lat' dir='ltr'>ex</span> <span class='ocrx_word' id='word_1_126' title='bbox 428 2237 602 2303; x_wconf 85' lang='lat' dir='ltr'>commodo</span> <span class='ocrx_word' id='word_1_127' title='bbox 622 2255 684 2304; x_wconf 91' lang='lat' dir='ltr'>suo</span> <span class='ocrx_word' id='word_1_128' title='bbox 705 2235 836 2317; x_wconf 91' lang='lat' dir='ltr'>metiri,</span> <span class='ocrx_word' id='word_1_129' title='bbox 866 2235 961 2303; x_wconf 89' lang='lat' dir='ltr'>facile</span> <span class='ocrx_word' id='word_1_130' title='bbox 984 2236 1203 2319; x_wconf 90' lang='lat' dir='ltr'>deprehendet</span> <span class='ocrx_word' id='word_1_131' title='bbox 1224 2236 1449 2305; x_wconf 87' lang='lat' dir='ltr'>donatiouem</span> <span class='ocrx_word' id='word_1_132' title='bbox 1470 2241 1539 2323; x_wconf 51' lang='lat' dir='ltr'>ejus*</span> 
     </span>
     <span class='ocr_line' id='line_1_16' title="bbox 368 2347 1538 2431; baseline 0 -19"><span class='ocrx_word' id='word_1_133' title='bbox 368 2347 455 2412; x_wconf 91' lang='lat' dir='ltr'>modi</span> <span class='ocrx_word' id='word_1_134' title='bbox 480 2363 518 2414; x_wconf 93' lang='lat' dir='ltr'>ut</span> <span class='ocrx_word' id='word_1_135' title='bbox 540 2348 587 2414; x_wconf 88' lang='lat' dir='ltr'>rei</span> <span class='ocrx_word' id='word_1_136' title='bbox 609 2348 733 2415; x_wconf 86' lang='lat' dir='ltr'>alienae</span> <span class='ocrx_word' id='word_1_137' title='bbox 757 2349 881 2416; x_wconf 93' lang='lat' dir='ltr'>nullius</span> <span class='ocrx_word' id='word_1_138' title='bbox 905 2368 974 2416; x_wconf 90' lang='lat' dir='ltr'>esse</span> <span class='ocrx_word' id='word_1_139' title='bbox 996 2347 1164 2415; x_wconf 91' lang='lat' dir='ltr'>momenti.</span> <span class='ocrx_word' id='word_1_140' title='bbox 1209 2347 1491 2431; x_wconf 84' lang='lat' dir='ltr'>Disputationem</span> <span class='ocrx_word' id='word_1_141' title='bbox 1509 2351 1538 2413; x_wconf 85' lang='lat' dir='ltr'>de</span> 
     </span>
     <span class='ocr_line' id='line_1_17' title="bbox 366 2459 1538 2543; baseline 0.001 -20"><span class='ocrx_word' id='word_1_142' title='bbox 366 2472 528 2541; x_wconf 80' lang='lat' dir='ltr'>potestate</span> <span class='ocrx_word' id='word_1_143' title='bbox 566 2459 762 2542; x_wconf 90' lang='lat' dir='ltr'>Pontificis,</span> <span class='ocrx_word' id='word_1_144' title='bbox 804 2463 867 2527; x_wconf 92' lang='lat' dir='ltr'>hoc</span> <span class='ocrx_word' id='word_1_145' title='bbox 900 2475 949 2526; x_wconf 90' lang='lat' dir='ltr'>est</span> <span class='ocrx_word' id='word_1_146' title='bbox 981 2459 1127 2543; x_wconf 89' lang='lat' dir='ltr'>episcopi</span> <span class='ocrx_word' id='word_1_147' title='bbox 1161 2460 1333 2526; x_wconf 86' lang='lat' dir='ltr'>Romanae</span> <span class='ocrx_word' id='word_1_148' title='bbox 1370 2463 1538 2539; x_wconf 87' lang='lat' dir='ltr'>ecciesiae,</span> 
     </span>
     <span class='ocr_line' id='line_1_18' title="bbox 367 2568 1536 2658; baseline 0.003 -24"><span class='ocrx_word' id='word_1_149' title='bbox 367 2568 421 2635; x_wconf 90' lang='lat' dir='ltr'>hic</span> <span class='ocrx_word' id='word_1_150' title='bbox 447 2589 513 2636; x_wconf 90' lang='lat' dir='ltr'>non</span> <span class='ocrx_word' id='word_1_151' title='bbox 542 2571 730 2656; x_wconf 85' lang='lat' dir='ltr'>aggrediar,</span> <span class='ocrx_word' id='word_1_152' title='bbox 762 2591 822 2639; x_wconf 90' lang='lat' dir='ltr'>nec</span> <span class='ocrx_word' id='word_1_153' title='bbox 850 2571 1031 2654; x_wconf 90' lang='lat' dir='ltr'>quidquam</span> <span class='ocrx_word' id='word_1_154' title='bbox 1055 2591 1173 2655; x_wconf 89' lang='lat' dir='ltr'>ponam</span> <span class='ocrx_word' id='word_1_155' title='bbox 1193 2571 1256 2638; x_wconf 89' lang='lat' dir='ltr'>nisi</span> <span class='ocrx_word' id='word_1_156' title='bbox 1276 2592 1320 2637; x_wconf 88' lang='lat' dir='ltr'>ex</span> <span class='ocrx_word' id='word_1_157' title='bbox 1340 2572 1536 2658; x_wconf 75' lang='lat' dir='ltr'>hypodran,</span> 
     </span>
     <span class='ocr_line' id='line_1_19' title="bbox 366 2682 1537 2767; baseline 0 -19"><span class='ocrx_word' id='word_1_158' title='bbox 366 2682 430 2748; x_wconf 92' lang='lat' dir='ltr'>hoc</span> <span class='ocrx_word' id='word_1_159' title='bbox 454 2682 990 2765; x_wconf 74' lang='lat' dir='ltr'>esa.quodconfitenturnomines</span> <span class='ocrx_word' id='word_1_160' title='bbox 1003 2683 1157 2750; x_wconf 87' lang='lat' dir='ltr'>intereos</span> <span class='ocrx_word' id='word_1_161' title='bbox 1170 2682 1412 2765; x_wconf 88' lang='lat' dir='ltr'>eruditissimi,</span> <span class='ocrx_word' id='word_1_162' title='bbox 1426 2685 1537 2767; x_wconf 85' lang='lat' dir='ltr'>quique</span> 
     </span>
    </p>
   </div>
   <div class='ocr_carea' id='block_1_7' title="bbox 367 2793 1596 2879">
    <p class='ocr_par' dir='ltr' id='par_1_7' title="bbox 367 2793 1596 2879">
     <span class='ocr_line' id='line_1_20' title="bbox 367 2793 1596 2879; baseline -0.002 -21"><span class='ocrx_word' id='word_1_163' title='bbox 367 2793 544 2876; x_wconf 91' lang='lat' dir='ltr'>plurimum</span> <span class='ocrx_word' id='word_1_164' title='bbox 564 2793 758 2862; x_wconf 88' lang='lat' dir='ltr'>Pontificiae</span> <span class='ocrx_word' id='word_1_165' title='bbox 780 2795 931 2862; x_wconf 92' lang='lat' dir='ltr'>tribuunt</span> <span class='ocrx_word' id='word_1_166' title='bbox 950 2795 1163 2876; x_wconf 84' lang='lat' dir='ltr'>auctoritati,</span> <span class='ocrx_word' id='word_1_167' title='bbox 1187 2794 1329 2860; x_wconf 82' lang='lat' dir='ltr'>maxime</span> <span class='ocrx_word' id='word_1_168' title='bbox 1351 2795 1499 2879; x_wconf 86' lang='lat' dir='ltr'>Hispani</span> <span class='ocrx_word' id='word_1_169' title='bbox 1514 2797 1536 2856; x_wconf 75' lang='lat'>⁸:</span> <span class='ocrx_word' id='word_1_170' title='bbox 1595 2821 1596 2840; x_wconf 55' lang='lat' dir='ltr'>r</span> 
     </span>
    </p>
   </div>
   <div class='ocr_carea' id='block_1_8' title="bbox 365 2905 1536 3660">
    <p class='ocr_par' dir='ltr' id='par_1_8' title="bbox 365 2905 1536 3660">
     <span class='ocr_line' id='line_1_21' title="bbox 368 2905 1535 2992; baseline 0 -19"><span class='ocrx_word' id='word_1_171' title='bbox 368 2905 427 2988; x_wconf 88' lang='lat' dir='ltr'>qui</span> <span class='ocrx_word' id='word_1_172' title='bbox 447 2925 520 2972; x_wconf 91' lang='lat' dir='ltr'>cunt</span> <span class='ocrx_word' id='word_1_173' title='bbox 541 2927 601 2990; x_wconf 90' lang='lat' dir='ltr'>pro</span> <span class='ocrx_word' id='word_1_174' title='bbox 621 2925 681 2974; x_wconf 91' lang='lat' dir='ltr'>sua</span> <span class='ocrx_word' id='word_1_175' title='bbox 699 2906 897 2992; x_wconf 89' lang='lat' dir='ltr'>perspicacia</span> <span class='ocrx_word' id='word_1_176' title='bbox 909 2905 1003 2974; x_wconf 87' lang='lat' dir='ltr'>facile</span> <span class='ocrx_word' id='word_1_177' title='bbox 1015 2905 1356 2974; x_wconf 88' lang='lat' dir='ltr'>viderentDominum</span> <span class='ocrx_word' id='word_1_178' title='bbox 1374 2908 1535 2973; x_wconf 84' lang='lat' dir='ltr'>Christum</span> 
     </span>
     <span class='ocr_line' id='line_1_22' title="bbox 367 3017 1536 3103; baseline 0 -19"><span class='ocrx_word' id='word_1_179' title='bbox 367 3037 464 3084; x_wconf 90' lang='lat' dir='ltr'>omne</span> <span class='ocrx_word' id='word_1_180' title='bbox 484 3037 502 3084; x_wconf 86' lang='lat' dir='ltr'>a</span> <span class='ocrx_word' id='word_1_181' title='bbox 524 3038 560 3084; x_wconf 90' lang='lat' dir='ltr'>se</span> <span class='ocrx_word' id='word_1_182' title='bbox 583 3033 745 3087; x_wconf 89' lang='lat' dir='ltr'>terrenum</span> <span class='ocrx_word' id='word_1_183' title='bbox 774 3018 946 3103; x_wconf 88' lang='lat' dir='ltr'>imperium</span> <span class='ocrx_word' id='word_1_184' title='bbox 978 3018 1166 3099; x_wconf 87' lang='lat' dir='ltr'>abdicasse,</span> <span class='ocrx_word' id='word_1_185' title='bbox 1190 3017 1305 3084; x_wconf 92' lang='lat' dir='ltr'>mundi</span> <span class='ocrx_word' id='word_1_186' title='bbox 1329 3033 1422 3084; x_wconf 89' lang='lat' dir='ltr'>certe</span> <span class='ocrx_word' id='word_1_187' title='bbox 1447 3019 1536 3085; x_wconf 82' lang='lat' dir='ltr'>totius</span> 
     </span>
     <span class='ocr_line' id='line_1_23' title="bbox 367 3128 1534 3213; baseline -0.003 -16"><span class='ocrx_word' id='word_1_188' title='bbox 367 3128 571 3210; x_wconf 89' lang='lat' dir='ltr'>dominium,</span> <span class='ocrx_word' id='word_1_189' title='bbox 604 3150 669 3213; x_wconf 89' lang='lat' dir='ltr'>qua</span> <span class='ocrx_word' id='word_1_190' title='bbox 703 3132 802 3198; x_wconf 92' lang='lat' dir='ltr'>homo</span> <span class='ocrx_word' id='word_1_191' title='bbox 837 3130 920 3212; x_wconf 88' lang='lat' dir='ltr'>fuit,</span> <span class='ocrx_word' id='word_1_192' title='bbox 945 3149 1011 3197; x_wconf 93' lang='lat' dir='ltr'>non</span> <span class='ocrx_word' id='word_1_193' title='bbox 1035 3129 1214 3210; x_wconf 90' lang='lat' dir='ltr'>habuisse,</span> <span class='ocrx_word' id='word_1_194' title='bbox 1238 3144 1272 3194; x_wconf 88' lang='lat' dir='ltr'>et</span> <span class='ocrx_word' id='word_1_195' title='bbox 1294 3128 1324 3194; x_wconf 87' lang='lat' dir='ltr'>si</span> <span class='ocrx_word' id='word_1_196' title='bbox 1346 3131 1534 3207; x_wconf 88' lang='lat' dir='ltr'>habuisset,</span> 
     </span>
     <span class='ocr_line' id='line_1_24' title="bbox 366 3240 1536 3326; baseline -0.001 -20"><span class='ocrx_word' id='word_1_197' title='bbox 366 3241 467 3308; x_wconf 92' lang='lat' dir='ltr'>nuliis</span> <span class='ocrx_word' id='word_1_198' title='bbox 490 3256 596 3307; x_wconf 75' lang='lat' dir='ltr'>umen</span> <span class='ocrx_word' id='word_1_199' title='bbox 619 3241 819 3326; x_wconf 84' lang='lat' dir='ltr'>argumentis</span> <span class='ocrx_word' id='word_1_200' title='bbox 841 3243 943 3310; x_wconf 89' lang='lat' dir='ltr'>astrui</span> <span class='ocrx_word' id='word_1_201' title='bbox 965 3262 1084 3326; x_wconf 90' lang='lat' dir='ltr'>posse,</span> <span class='ocrx_word' id='word_1_202' title='bbox 1105 3242 1160 3326; x_wconf 82' lang='lat' dir='ltr'>J&#39;us</span> <span class='ocrx_word' id='word_1_203' title='bbox 1184 3240 1269 3307; x_wconf 89' lang='lat' dir='ltr'>iilud</span> <span class='ocrx_word' id='word_1_204' title='bbox 1291 3240 1536 3307; x_wconf 89' lang='lat' dir='ltr'>inPetrumaut</span> 
     </span>
     <span class='ocr_line' id='line_1_25' title="bbox 367 3352 1533 3440; baseline 0.002 -24"><span class='ocrx_word' id='word_1_205' title='bbox 367 3352 548 3418; x_wconf 83' lang='lat' dir='ltr'>Romanam</span> <span class='ocrx_word' id='word_1_206' title='bbox 578 3353 745 3420; x_wconf 87' lang='lat' dir='ltr'>ecclesiam</span> <span class='ocrx_word' id='word_1_207' title='bbox 773 3353 897 3438; x_wconf 81' lang='lat' dir='ltr'>vicario</span> <span class='ocrx_word' id='word_1_208' title='bbox 917 3356 992 3440; x_wconf 87' lang='lat' dir='ltr'>jure</span> <span class='ocrx_word' id='word_1_209' title='bbox 1010 3355 1225 3433; x_wconf 86' lang='lat' dir='ltr'>translatum,</span> <span class='ocrx_word' id='word_1_210' title='bbox 1249 3373 1325 3418; x_wconf 92' lang='lat' dir='ltr'>cum</span> <span class='ocrx_word' id='word_1_211' title='bbox 1347 3353 1430 3418; x_wconf 87' lang='lat' dir='ltr'>alias</span> <span class='ocrx_word' id='word_1_212' title='bbox 1450 3354 1533 3419; x_wconf 86' lang='lat' dir='ltr'>etiam</span> 
     </span>
     <span class='ocr_line' id='line_1_26' title="bbox 366 3463 1534 3546; baseline 0 -18"><span class='ocrx_word' id='word_1_213' title='bbox 366 3477 490 3529; x_wconf 87' lang='lat' dir='ltr'>certum</span> <span class='ocrx_word' id='word_1_214' title='bbox 522 3463 568 3529; x_wconf 90' lang='lat' dir='ltr'>sit</span> <span class='ocrx_word' id='word_1_215' title='bbox 596 3467 699 3532; x_wconf 86' lang='lat' dir='ltr'>muita</span> <span class='ocrx_word' id='word_1_216' title='bbox 734 3465 904 3532; x_wconf 86' lang='lat' dir='ltr'>Christum</span> <span class='ocrx_word' id='word_1_217' title='bbox 929 3465 1108 3546; x_wconf 90' lang='lat' dir='ltr'>habuisse,</span> <span class='ocrx_word' id='word_1_218' title='bbox 1132 3464 1166 3531; x_wconf 92' lang='lat' dir='ltr'>in</span> <span class='ocrx_word' id='word_1_219' title='bbox 1189 3483 1274 3546; x_wconf 88' lang='lat' dir='ltr'>quae</span> <span class='ocrx_word' id='word_1_220' title='bbox 1297 3463 1458 3530; x_wconf 83' lang='lat' dir='ltr'>Pontifex</span> <span class='ocrx_word' id='word_1_221' title='bbox 1478 3483 1534 3530; x_wconf 91' lang='lat' dir='ltr'>non</span> 
     </span>
     <span class='ocr_line' id='line_1_27' title="bbox 365 3573 1532 3660; baseline 0 -18"><span class='ocrx_word' id='word_1_222' title='bbox 365 3575 557 3642; x_wconf 90' lang='lat' dir='ltr'>successerit</span> <span class='ocrx_word' id='word_1_223' title='bbox 576 3573 611 3656; x_wconf 80' lang='lat'>⁸,</span> <span class='ocrx_word' id='word_1_224' title='bbox 644 3575 805 3659; x_wconf 89' lang='lat' dir='ltr'>intrepide</span> <span class='ocrx_word' id='word_1_225' title='bbox 837 3577 1056 3657; x_wconf 88' lang='lat' dir='ltr'>affirmarunt,</span> <span class='ocrx_word' id='word_1_226' title='bbox 1092 3577 1185 3660; x_wconf 90' lang='lat' dir='ltr'>(utar</span> <span class='ocrx_word' id='word_1_227' title='bbox 1216 3574 1363 3658; x_wconf 87' lang='lat' dir='ltr'>ipsorum</span> <span class='ocrx_word' id='word_1_228' title='bbox 1389 3576 1532 3659; x_wconf 85' lang='lat' dir='ltr'>verbis),</span> 
     </span>
    </p>
   </div>
   <div class='ocr_carea' id='block_1_9' title="bbox 271 3687 1532 3770">
    <p class='ocr_par' dir='ltr' id='par_1_9' title="bbox 271 3687 1532 3770">
     <span class='ocr_line' id='line_1_28' title="bbox 271 3687 1532 3770; baseline 0 -18"><span class='ocrx_word' id='word_1_229' title='bbox 271 3703 273 3708; x_wconf 86' lang='lat'>·</span> <span class='ocrx_word' id='word_1_230' title='bbox 364 3687 558 3754; x_wconf 88' lang='lat' dir='ltr'>Pontificem</span> <span class='ocrx_word' id='word_1_231' title='bbox 587 3707 653 3754; x_wconf 92' lang='lat' dir='ltr'>non</span> <span class='ocrx_word' id='word_1_232' title='bbox 681 3707 753 3754; x_wconf 90' lang='lat' dir='ltr'>esse</span> <span class='ocrx_word' id='word_1_233' title='bbox 782 3687 949 3755; x_wconf 91' lang='lat' dir='ltr'>dominum</span> <span class='ocrx_word' id='word_1_234' title='bbox 980 3688 1111 3755; x_wconf 89' lang='lat' dir='ltr'>civilem</span> <span class='ocrx_word' id='word_1_235' title='bbox 1131 3703 1187 3753; x_wconf 87' lang='lat' dir='ltr'>aut</span> <span class='ocrx_word' id='word_1_236' title='bbox 1206 3689 1420 3770; x_wconf 83' lang='lat' dir='ltr'>temporalem</span> <span class='ocrx_word' id='word_1_237' title='bbox 1440 3687 1532 3754; x_wconf 83' lang='lat' dir='ltr'>totius</span> 
     </span>
    </p>
   </div>
   <div class='ocr_carea' id='block_1_10' title="bbox 365 3798 1531 3884">
    <p class='ocr_par' dir='ltr' id='par_1_10' title="bbox 365 3798 1531 3884">
     <span class='ocr_line' id='line_1_29' title="bbox 365 3798 1531 3884; baseline -0.001 -21"><span class='ocrx_word' id='word_1_238' title='bbox 365 3799 456 3866; x_wconf 93' lang='lat' dir='ltr'>orbis</span> <span class='ocrx_word' id='word_1_239' title='bbox 475 3799 505 3864; x_wconf 84' lang='lat'>⁸:</span> <span class='ocrx_word' id='word_1_240' title='bbox 538 3799 604 3866; x_wconf 93' lang='lat' dir='ltr'>imo</span> <span class='ocrx_word' id='word_1_241' title='bbox 640 3799 735 3865; x_wconf 91' lang='lat' dir='ltr'>etiam</span> <span class='ocrx_word' id='word_1_242' title='bbox 758 3799 786 3867; x_wconf 91' lang='lat' dir='ltr'>si</span> <span class='ocrx_word' id='word_1_243' title='bbox 811 3821 907 3882; x_wconf 87' lang='lat' dir='ltr'>quam</span> <span class='ocrx_word' id='word_1_244' title='bbox 931 3803 1028 3866; x_wconf 86' lang='lat' dir='ltr'>talem</span> <span class='ocrx_word' id='word_1_245' title='bbox 1050 3813 1247 3884; x_wconf 88' lang='lat' dir='ltr'>potestatem</span> <span class='ocrx_word' id='word_1_246' title='bbox 1272 3798 1306 3865; x_wconf 92' lang='lat' dir='ltr'>in</span> <span class='ocrx_word' id='word_1_247' title='bbox 1331 3800 1459 3866; x_wconf 88' lang='lat' dir='ltr'>nruudo</span> <span class='ocrx_word' id='word_1_248' title='bbox 1484 3800 1531 3864; x_wconf 84' lang='lat' dir='ltr'>ba·</span> 
     </span>
    </p>
   </div>
   <div class='ocr_carea' id='block_1_11' title="bbox 366 3993 558 4004">
    <p class='ocr_par' dir='ltr' id='par_1_11' title="bbox 366 3993 558 4004">
     <span class='ocr_line' id='line_1_30' title="bbox 366 3993 558 4004; baseline -0.005 0"><span class='ocrx_word' id='word_1_249' title='bbox 366 3993 558 4004; x_wconf 52' lang='grc' dir='ltr'><strong>Μ</strong></span> 
     </span>
    </p>
   </div>
   <div class='ocr_carea' id='block_1_12' title="bbox 399 4104 1593 4184">
    <p class='ocr_par' dir='ltr' id='par_1_12' title="bbox 399 4104 1593 4184">
     <span class='ocr_line' id='line_1_31' title="bbox 399 4104 1593 4184; baseline -0.008 -24"><span class='ocrx_word' id='word_1_250' title='bbox 399 4112 457 4160; x_wconf 89' lang='lat' dir='ltr'>¹V.</span> <span class='ocrx_word' id='word_1_251' title='bbox 475 4113 551 4171; x_wconf 87' lang='lat' dir='ltr'>Vasq.</span> <span class='ocrx_word' id='word_1_252' title='bbox 576 4110 601 4158; x_wconf 92' lang='lat' dir='ltr'>iu</span> <span class='ocrx_word' id='word_1_253' title='bbox 625 4110 730 4170; x_wconf 87' lang='lat' dir='ltr'>prnei&#39;nt.</span> <span class='ocrx_word' id='word_1_254' title='bbox 749 4122 773 4156; x_wconf 90' lang='lat' dir='ltr'>n.</span> <span class='ocrx_word' id='word_1_255' title='bbox 793 4121 815 4164; x_wconf 86' lang='lat'>5.</span> <span class='ocrx_word' id='word_1_256' title='bbox 849 4104 907 4157; x_wconf 52' lang='lat' dir='ltr'>RV.</span> <span class='ocrx_word' id='word_1_257' title='bbox 927 4109 1054 4157; x_wconf 88' lang='lat' dir='ltr'>Osoriunr.</span> <span class='ocrx_word' id='word_1_258' title='bbox 1089 4106 1176 4158; x_wconf 80' lang='lat' dir='ltr'>³inst.</span> <span class='ocrx_word' id='word_1_259' title='bbox 1196 4109 1226 4155; x_wconf 84' lang='lat' dir='ltr'>rie</span> <span class='ocrx_word' id='word_1_260' title='bbox 1245 4121 1294 4154; x_wconf 89' lang='lat' dir='ltr'>rer.</span> <span class='ocrx_word' id='word_1_261' title='bbox 1314 4108 1368 4156; x_wconf 86' lang='lat' dir='ltr'>div.</span> <span class='ocrx_word' id='word_1_262' title='bbox 1388 4112 1410 4166; x_wconf 69' lang='grc'>5.</span> <span class='ocrx_word' id='word_1_263' title='bbox 1428 4122 1473 4168; x_wconf 88' lang='lat' dir='ltr'>per</span> <span class='ocrx_word' id='word_1_264' title='bbox 1488 4119 1527 4153; x_wconf 87' lang='lat' dir='ltr'>na-</span> <span class='ocrx_word' id='word_1_265' title='bbox 1592 4161 1593 4184; x_wconf 15' lang='grc' dir='ltr'><em>Χ</em></span> 
     </span>
    </p>
   </div>
   <div class='ocr_carea' id='block_1_13' title="bbox 364 4197 1527 4540">
    <p class='ocr_par' dir='ltr' id='par_1_13' title="bbox 364 4197 1527 4540">
     <span class='ocr_line' id='line_1_32' title="bbox 364 4197 1527 4266; baseline -0.008 -14"><span class='ocrx_word' id='word_1_266' title='bbox 364 4204 497 4252; x_wconf 88' lang='lat' dir='ltr'>ditionem.</span> <span class='ocrx_word' id='word_1_267' title='bbox 526 4202 558 4266; x_wconf 89' lang='lat'>[1.</span> <span class='ocrx_word' id='word_1_268' title='bbox 583 4216 606 4250; x_wconf 86' lang='lat' dir='ltr'>a.</span> <span class='ocrx_word' id='word_1_269' title='bbox 632 4214 653 4249; x_wconf 91' lang='lat'>1.</span> <span class='ocrx_word' id='word_1_270' title='bbox 677 4204 699 4260; x_wconf 67' lang='grc' dir='ltr'>ς.</span> <span class='ocrx_word' id='word_1_271' title='bbox 723 4201 777 4262; x_wconf 87' lang='grc' dir='ltr'>4ο.]</span> <span class='ocrx_word' id='word_1_272' title='bbox 812 4197 902 4248; x_wconf 87' lang='lat' dir='ltr'>⁴Luc.</span> <span class='ocrx_word' id='word_1_273' title='bbox 930 4213 967 4248; x_wconf 86' lang='lat' dir='ltr'>ta.</span> <span class='ocrx_word' id='word_1_274' title='bbox 996 4213 1034 4260; x_wconf 84' lang='lat'>¹4·</span> <span class='ocrx_word' id='word_1_275' title='bbox 1052 4201 1110 4262; x_wconf 90' lang='lat' dir='ltr'>J0ir.</span> <span class='ocrx_word' id='word_1_276' title='bbox 1132 4202 1168 4247; x_wconf 89' lang='lat'>18.</span> <span class='ocrx_word' id='word_1_277' title='bbox 1188 4199 1227 4255; x_wconf 79' lang='lat'>36.</span> <span class='ocrx_word' id='word_1_278' title='bbox 1246 4198 1316 4246; x_wconf 90' lang='lat' dir='ltr'>Vict.</span> <span class='ocrx_word' id='word_1_279' title='bbox 1336 4200 1368 4247; x_wconf 91' lang='lat' dir='ltr'>de</span> <span class='ocrx_word' id='word_1_280' title='bbox 1387 4200 1456 4248; x_wconf 84' lang='lat' dir='ltr'>indis</span> <span class='ocrx_word' id='word_1_281' title='bbox 1472 4213 1494 4258; x_wconf 90' lang='lat' dir='ltr'>p.</span> <span class='ocrx_word' id='word_1_282' title='bbox 1510 4210 1527 4243; x_wconf 93' lang='lat'>1.</span> 
     </span>
     <span class='ocr_line' id='line_1_33' title="bbox 364 4290 1527 4352; baseline -0.011 -6"><span class='ocrx_word' id='word_1_283' title='bbox 364 4309 389 4346; x_wconf 89' lang='lat' dir='ltr'>n.</span> <span class='ocrx_word' id='word_1_284' title='bbox 414 4309 454 4352; x_wconf 77' lang='lat'>25.</span> <span class='ocrx_word' id='word_1_285' title='bbox 488 4295 498 4326; x_wconf 86' lang='lat'>⁵</span> <span class='ocrx_word' id='word_1_286' title='bbox 523 4295 591 4344; x_wconf 88' lang='lat' dir='ltr'>Vict.</span> <span class='ocrx_word' id='word_1_287' title='bbox 615 4293 660 4341; x_wconf 90' lang='lat' dir='ltr'>ibi.</span> <span class='ocrx_word' id='word_1_288' title='bbox 683 4307 708 4340; x_wconf 92' lang='lat' dir='ltr'>n.</span> <span class='ocrx_word' id='word_1_289' title='bbox 737 4306 777 4350; x_wconf 82' lang='lat'>27.</span> <span class='ocrx_word' id='word_1_290' title='bbox 811 4291 870 4338; x_wconf 80' lang='lat' dir='ltr'>⁶V.</span> <span class='ocrx_word' id='word_1_291' title='bbox 889 4293 963 4352; x_wconf 82' lang='lat' dir='ltr'>Vasq.</span> <span class='ocrx_word' id='word_1_292' title='bbox 983 4294 1070 4338; x_wconf 91' lang='lat' dir='ltr'>Contr.</span> <span class='ocrx_word' id='word_1_293' title='bbox 1090 4290 1166 4338; x_wconf 81' lang='lat' dir='ltr'>iihe.</span> <span class='ocrx_word' id='word_1_294' title='bbox 1185 4303 1225 4338; x_wconf 85' lang='lat' dir='ltr'>ar.</span> <span class='ocrx_word' id='word_1_295' title='bbox 1242 4291 1318 4337; x_wconf 89' lang='lat' dir='ltr'>Turr.</span> <span class='ocrx_word' id='word_1_296' title='bbox 1338 4292 1457 4338; x_wconf 79' lang='lat' dir='ltr'>Creoni.</span> <span class='ocrx_word' id='word_1_297' title='bbox 1475 4301 1527 4336; x_wconf 78' lang='lat' dir='ltr'>ar.</span> 
     </span>
     <span class='ocr_line' id='line_1_34' title="bbox 367 4379 1527 4446; baseline -0.008 -10"><span class='ocrx_word' id='word_1_298' title='bbox 367 4400 422 4444; x_wconf 82' lang='lat'>113.</span> <span class='ocrx_word' id='word_1_299' title='bbox 444 4388 527 4446; x_wconf 84' lang='lat' dir='ltr'>liugo.</span> <span class='ocrx_word' id='word_1_300' title='bbox 552 4386 592 4446; x_wconf 86' lang='lat'>69.</span> <span class='ocrx_word' id='word_1_301' title='bbox 617 4385 675 4434; x_wconf 84' lang='lat' dir='ltr'>dist.</span> <span class='ocrx_word' id='word_1_302' title='bbox 700 4397 757 4432; x_wconf 88' lang='lat' dir='ltr'>turn</span> <span class='ocrx_word' id='word_1_303' title='bbox 782 4385 813 4431; x_wconf 86' lang='lat' dir='ltr'>ad</span> <span class='ocrx_word' id='word_1_304' title='bbox 837 4396 934 4432; x_wconf 85' lang='lat' dir='ltr'>verum.</span> <span class='ocrx_word' id='word_1_305' title='bbox 960 4384 1034 4431; x_wconf 88' lang='lat' dir='ltr'>Bern.</span> <span class='ocrx_word' id='word_1_306' title='bbox 1059 4381 1086 4430; x_wconf 90' lang='lat' dir='ltr'>in</span> <span class='ocrx_word' id='word_1_307' title='bbox 1111 4383 1128 4430; x_wconf 91' lang='lat'>1.</span> <span class='ocrx_word' id='word_1_308' title='bbox 1155 4379 1527 4440; x_wconf 70' lang='lat' dir='ltr'>a.adEug.Vict.de1adis</span> 
     </span>
     <span class='ocr_line' id='line_1_35' title="bbox 364 4474 1073 4540; baseline -0.004 -16"><span class='ocrx_word' id='word_1_309' title='bbox 364 4493 390 4540; x_wconf 83' lang='lat' dir='ltr'>p.</span> <span class='ocrx_word' id='word_1_310' title='bbox 412 4492 433 4526; x_wconf 93' lang='lat' dir='ltr'>r.</span> <span class='ocrx_word' id='word_1_311' title='bbox 451 4492 475 4526; x_wconf 87' lang='lat' dir='ltr'>n.</span> <span class='ocrx_word' id='word_1_312' title='bbox 495 4490 534 4535; x_wconf 81' lang='lat'>27.</span> <span class='ocrx_word' id='word_1_313' title='bbox 553 4478 659 4525; x_wconf 83' lang='lat' dir='ltr'>Covurt.</span> <span class='ocrx_word' id='word_1_314' title='bbox 678 4474 704 4522; x_wconf 90' lang='lat' dir='ltr'>in</span> <span class='ocrx_word' id='word_1_315' title='bbox 721 4489 744 4523; x_wconf 90' lang='lat' dir='ltr'>c.</span> <span class='ocrx_word' id='word_1_316' title='bbox 762 4486 904 4535; x_wconf 83' lang='lat' dir='ltr'>peecatum.</span> <span class='ocrx_word' id='word_1_317' title='bbox 922 4477 944 4533; x_wconf 64' lang='grc' dir='ltr'>ς.</span> <span class='ocrx_word' id='word_1_318' title='bbox 963 4488 987 4536; x_wconf 85' lang='lat'>9.</span> <span class='ocrx_word' id='word_1_319' title='bbox 1007 4488 1031 4522; x_wconf 92' lang='lat' dir='ltr'>n.</span> <span class='ocrx_word' id='word_1_320' title='bbox 1050 4485 1073 4530; x_wconf 86' lang='lat'>7.</span> 
     </span>
    </p>
   </div>
   <div class='ocr_carea' id='block_1_14' title="bbox 0 0 1612 5512">
    <p class='ocr_par' dir='ltr' id='par_1_14' title="bbox 0 0 1612 5512">
     <span class='ocr_line' id='line_1_36' title="bbox 0 0 1612 5512; baseline 0 2"><span class='ocrx_word' id='word_1_321' title='bbox 0 0 1612 5512; x_wconf 95' lang='lat' dir='ltr'> </span> 
     </span>
    </p>
   </div>
  </div>
 </body>
</html>
