3362 5504
479 598 526 644 DE
550 597 644 664 JURE
670 596 853 644 PR'AEDAE.
880 596 959 644 CAP.
984 600 1040 644 XV.
1288 595 1350 661 327

180 771 286 822 totum
315 755 399 821 illud
427 753 568 837 vectigal
596 751 745 818 Indicum
774 751 907 835 peribit.
954 754 1007 820 Ex
1027 769 1169 838 utroque
1203 773 1270 820 non
1302 767 1352 818 est

180 868 359 933 obscurum
389 865 504 947 quanti
534 864 663 930 fructus
692 865 732 930 ad
761 865 993 948 rempublicam
1023 867 1238 949 perveniant,
1275 886 1349 932 cum

180 978 350 1062 pecuniam
379 997 515 1044 nervum
546 996 618 1042 esse
649 975 727 1041 belli
757 977 964 1042 notissimum
995 978 1060 1058 sit,
1093 997 1189 1061 quam
1220 993 1258 1044 ut
1286 978 1350 1044 sibi

181 1108 366 1174 comparare
394 1087 569 1152 maximum
598 1086 696 1152 habet
725 1101 949 1170 momentum,
985 1089 1029 1154 ita
1059 1087 1137 1154 huic
1165 1087 1349 1170 proximum

181 1218 231 1270 est
250 1202 392 1268 eamdem
412 1201 501 1269 hosti
514 1213 669 1268 avertere.
694 1199 825 1288 Quodsi
835 1200 978 1266 obtineri
998 1213 1107 1283 potest
1126 1214 1164 1265 ut
1172 1198 1350 1282 Philippa,

181 1314 269 1382 sieut
297 1315 331 1380 in
361 1313 544 1396 Europaeis
573 1312 771 1396 quibusdam
798 1311 1084 1396 possessionibus,
1107 1311 1153 1376 ita
1176 1310 1210 1376 in
1230 1309 1351 1376 Indicis

182 1440 364 1510 proventus
389 1426 580 1507 reditusque
608 1444 722 1492 omnes
750 1424 942 1506 aequalibus
970 1437 1147 1489 onerentur
1173 1421 1351 1504 impensis,

184 1559 243 1604 nae
271 1538 356 1604 illud
385 1536 534 1603 futurum
557 1552 627 1620 est,
651 1552 689 1602 ut
709 1538 814 1602 multo
839 1536 975 1618 posthac
994 1533 1195 1601 commodior
1213 1533 1257 1598 sit
1275 1533 1354 1598 belli

183 1649 432 1716 administratio.
457 1649 577 1731 Neque
590 1649 674 1714 enim
687 1647 830 1713 dubitari
842 1661 952 1730 potest
962 1647 995 1712 id
1006 1693 1017 1727 ,
1030 1646 1121 1729 quod
1140 1667 1182 1711 err
1194 1645 1354 1729 Hispania

184 1780 242 1843 per
271 1760 400 1826 Italicas
428 1759 637 1844 traiectiones
665 1759 916 1842 suppeditatur,
947 1759 1158 1842 praecipuum
1182 1777 1252 1824 esse
1276 1757 1354 1824 belli

184 1870 282 1937 istius
304 1871 504 1936 alimentum.
552 1872 637 1936 Nam
661 1857 688 1935 si
712 1891 786 1936 cum
810 1870 890 1937 solis
910 1870 1080 1954 Belgarum
1101 1869 1234 1938 alterius
1253 1869 1355 1952 partis

183 1981 400 2067 vectigalibus
430 1996 726 2065 componerentur,
757 1981 947 2065 jamdudum
971 2002 1037 2048 rem
1060 1980 1176 2047 factam
1199 1982 1356 2048 haberent

185 2092 310 2160 batavi.
357 2093 391 2160 Si
415 2093 516 2178 igitur
539 2093 770 2174 Hispaniarum
794 2092 919 2158 reditus
943 2107 975 2157 et
997 2113 1055 2176 per
1078 2092 1139 2158 hos
1163 2091 1355 2175 expediendi

185 2204 310 2290 argenti
340 2203 421 2272 fides
451 2203 630 2286 defecerit,
665 2205 746 2287 quid
773 2204 863 2270 aliud
883 2203 1137 2294 exspectandum
1160 2218 1231 2284 est,
1256 2223 1355 2285 quam

186 2331 224 2382 ut
254 2316 386 2382 militari
416 2316 578 2383 seditione
610 2335 723 2400 magna
756 2316 865 2397 aliqua'
898 2335 1006 2382 rerum
1035 2315 1175 2381 mutatio
1199 2314 1354 2382 eveniat?

186 2429 312 2511 Liquet
352 2428 438 2494 enim
479 2448 586 2495 rerum
628 2428 762 2493 istarum
802 2427 970 2493 historiam
1005 2426 1256 2508 evolventibus,
1291 2415 1358 2491 fere

187 2540 351 2623 quidquid
373 2540 504 2606 Batavis
525 2538 605 2605 felix
624 2539 781 2606 hactenus
802 2555 834 2606 et
852 2558 1044 2622 prosperum
1064 2537 1150 2618 fnit,
1175 2537 1210 2603 id
1228 2515 1356 2604 causam

188 2669 220 2719 et
242 2652 401 2737 originem
431 2673 471 2717 ex
502 2651 616 2717 hostili
639 2651 749 2735 inopia
771 2651 938 2718 habuisse.
986 2651 1053 2715 Pax
1076 2649 1303 2717 Gandavensis
1326 2665 1359 2715 et

189 2765 243 2831 illa
266 2764 368 2831 totius
391 2762 458 2830 fere
481 2762 585 2848 Relgii
609 2763 764 2829 adversus
788 2761 1003 2845 Hispanicum
1026 2743 1381 2847 nomen'conjunctio,

188 2897 239 2944 res
261 2896 363 2960 prope
387 2875 517 2942 afflictas
539 2895 597 2957 per
619 2874 765 2941 hostium
789 2873 983 2941 seditionem
1014 2873 1107 2956 (nata
1142 2886 1250 2938 autem
1277 2873 1356 2938 haec

190 3002 258 3053 erat
279 3008 318 3052 ex
341 2987 454 3052 aerarii
475 2987 687 3071 paupertate)
704 2985 737 3051 in
761 2985 1012 3069 pulcherrimam
1035 2983 1175 3067 speciem
1198 2983 1356 3050 restituit.

191 3098 292 3186 Quod
320 3120 338 3164 a
370 3098 536 3164 Parmensi
567 3097 692 3163 tamdiu
723 3097 804 3164 victi
845 3096 982 3162 totidem
1016 3116 1073 3179 per
1107 3115 1209 3162 annos
1244 3095 1360 3178 optimi

191 3209 285 3276 ducis
317 3209 441 3276 virtute
472 3211 590 3275 iterum
623 3209 793 3290 vincunt,
816 3207 902 3274 unde
935 3222 1004 3289 est,
1037 3206 1100 3275 nisi
1131 3208 1223 3289 quod
1245 3207 1361 3292 ingens

191 3321 224 3386 in
246 3321 443 3387 Britanniam
463 3321 575 3389 classis
595 3335 627 3386 et
646 3320 828 3405 gravissimi
849 3335 979 3386 sumtus
999 3319 1033 3385 in
1053 3320 1174 3386 bellum
1196 3319 1361 3386 Gallicum

192 3433 237 3498 ita
258 3453 335 3516 opes
356 3433 493 3500 hostiles
514 3447 769 3516 oppresserunt,
793 3446 832 3498 ut
852 3431 988 3497 recreari
1009 3431 1145 3498 vixdum
1161 3431 1360 3514 potuerint?

194 3543 282 3610 Hinc
307 3543 452 3610 adfines
475 3543 623 3611 Gallicos
645 3544 743 3610 toties
764 3545 998 3609 tumultuatum
1021 3557 1053 3608 et
1073 3544 1227 3610 Italorum
1250 3545 1363 3609 Siche-

193 3656 299 3722 nriana
330 3655 449 3721 seditio
479 3655 633 3738 versique
665 3656 777 3722 hostes
800 3654 833 3719 in
858 3670 988 3722 mutuas
1011 3655 1140 3722 caedes:
1164 3655 1241 3722 hinc
1265 3655 1364 3722 Sant-

194 3767 369 3833 tandreana
391 3766 533 3834 defectio
553 3781 585 3832 et
600 3787 658 3850 per
675 3767 754 3834 alias
766 3767 884 3833 iterum
897 3768 1008 3833 turbas
1021 3766 1179 3851 patefacta
1191 3769 1364 3850 Flandria,

195 3895 229 3946 et
251 3880 345 3945 datus
377 3879 497 3946 illustri
528 3880 650 3962 praelio
683 3882 793 3946 locus:
818 3879 894 3944 hinc
919 3879 1181 3946 Hoochstratarra
1204 3880 1365 3960 rebellio,

196 4011 280 4075 quae
312 3992 508 4058 Batavorum
533 3993 594 4058 sub
619 3991 762 4075 imperiis
792 4009 870 4057 suos
903 4010 997 4076 agros
1026 4006 1177 4057 vastaret.
1223 3992 1366 4074 Aequo

196 4123 284 4170 nunc
314 4122 389 4187 spes
421 4104 476 4170 ille
506 4105 644 4188 majores
676 4103 862 4189 aggreditur
884 4118 982 4186 atque
1003 4103 1098 4181 etiam
1123 4104 1218 4169 maris
1238 4121 1366 4187 posses·

198 4217 345 4297 sionem,
370 4237 454 4299 quae
475 4217 606 4301 propria
626 4232 675 4284 est
685 4216 839 4298 Batavis,
864 4230 968 4281 tentat
984 4215 1159 4297 invadere,
1184 4216 1247 4282 hoc
1265 4217 1370 4302 magis

197 4328 409 4394 annitendum
440 4343 489 4394 est
517 4343 555 4394 ut
575 4328 729 4412 impensis
749 4328 820 4396 aliis
839 4347 937 4411 super
954 4328 1026 4394 illas
1046 4329 1206 4412 impensas
1226 4329 1369 4410 additis,

199 4440 307 4506 medio
335 4440 368 4508 in
399 4455 520 4506 conatu
549 4440 688 4506 deficiat.
734 4441 813 4527 Quo
842 4459 1046 4523 summopere
1077 4441 1255 4524 pertinebit
1274 4461 1370 4524 quam
