3310 5482
468 619 515 666 DE
537 619 637 686 Juxta
656 617 839 666 annuunt.
863 619 943 666 CAP.
967 617 1008 665 11.
1280 619 1321 682 29

154 772 350 840 devolvitur.
396 773 476 838 Non
498 773 599 858 igitur
621 773 706 841 sicut
728 773 761 839 in
784 772 949 858 republica
967 773 1206 858 unajudexjus
1222 769 1322 852 iacit,

153 885 196 950 ita
218 885 273 950 hic
294 885 390 950 etiam
414 885 713 968 quomodocunque
734 885 897 970 judicasse
920 883 1067 952 sufficiet.
1112 884 1214 950 Nulla
1237 884 1321 949 enim

152 1011 199 1063 est
221 997 420 1079 reipublicae
451 996 484 1062 in
517 997 749 1080 rempublicam
771 1010 917 1079 potestas
941 1016 981 1062 ex
999 996 1241 1077 conventione,
1265 995 1323 1060 sed

151 1127 189 1172 ex
209 1122 348 1189 natura,
372 1128 455 1190 quae
475 1109 530 1192 jus
556 1127 651 1174 suurn
674 1108 827 1191 persequi
849 1107 1029 1190 unicuique
1050 1107 1218 1190 permittit.
1261 1105 1322 1190 Jus

152 1221 251 1306 igitur
282 1205 451 1305 praecedat
478 1239 609 1287 necesse
640 1235 704 1286 est.
749 1220 826 1285 Huc
856 1218 938 1286 illud
965 1218 1130 1302 pertinet,
1163 1218 1254 1300 quod
1281 1218 1321 1284 ab

151 1331 303 1398 omnibus
327 1334 336 1366 ¹
358 1332 511 1398 traditum
534 1344 606 1412 est,
629 1333 759 1397 alteram
769 1330 1000 1414 rempublicam
1012 1329 1144 1396 alterius
1156 1329 1319 1396 subditam

152 1442 218 1508 fieri
239 1444 472 1525 delinquendo.
515 1441 601 1509 Nam
619 1442 771 1525 quisquis
789 1445 913 1528 justum
933 1443 1054 1508 bellum
1076 1441 1172 1527 gerit,
1191 1461 1321 1509 necesse

151 1569 198 1620 est
229 1570 364 1622 eatenus
393 1556 494 1641 J'udex
524 1554 583 1620 fiat
615 1555 812 1637 adversarii,
846 1553 939 1635 sive,
972 1569 1009 1620 ut
1040 1554 1133 1620 Plato
1168 1555 1180 1591 ¹
1212 1553 1320 1634 dixit,

149 1671 360 1754 σωφρονιστής,
383 1688 496 1732 censor
516 1680 615 1749 atque
637 1670 837 1754 castigator.
885 1664 1119 1732 Rediturenim
1139 1664 1320 1732 necessario

150 1776 188 1842 ad
205 1779 260 1862 jus
280 1793 433 1861 naturae,
455 1798 522 1861 quo
542 1778 771 1861 unusquisque
792 1779 825 1842 in
847 1797 905 1844 sua
927 1795 1023 1842 causa
1032 1774 1177 1860 judicare
1190 1775 1322 1859 permit-

150 1889 288 1954 tebatur.
322 1889 490 1955 Hactenus
513 1892 602 1976 leges
623 1889 773 1956 instituto
797 1889 1027 1956 convenientes
1038 1887 1321 1971 praescripsimus:

150 2021 230 2084 quae
249 2016 329 2068 sunt
352 2021 462 2067 omnes
488 2004 650 2087 generales
671 2016 704 2067 et
725 2001 945 2082 necessariae,
970 1999 1032 2067 nisi
1056 1999 1146 2082 quod
1169 2019 1234 2065 una
1254 1999 1319 2066 illis

151 2114 298 2198 exceptio
328 2112 518 2180 naturaliter
549 2113 634 2181 inest
661 2114 699 2194 ⁸,
735 2128 772 2180 ut
804 2113 832 2182 si
865 2113 996 2196 quando
1029 2111 1164 2194 aliquod
1197 2110 1319 2177 facturn

149 2225 277 2291 eveniat
300 2225 333 2288 in
358 2245 424 2307 quo
448 2227 535 2310 leges
558 2225 640 2291 inter
670 2246 704 2290 se
728 2225 902 2311 confligere
926 2225 1120 2307 videantur,
1144 2244 1241 2307 quarn
1260 2244 1320 2290 vo-

148 2352 220 2401 cant
250 2337 397 2402 rhetores
428 2341 480 2415 τὴν
508 2344 588 2407 κατὰ
615 2344 780 2422 περίστασιν
799 2342 926 2422 μάχην,
944 2351 1094 2424 pugnam
1116 2357 1156 2403 ax
1178 2341 1320 2404 circum-

147 2451 295 2527 stantia,
330 2463 399 2513 tum
430 2449 606 2532 superioris
638 2449 720 2515 ratio
750 2448 906 2514 habeatur
940 2447 1092 2515 inferiore
1123 2449 1317 2532 postposita.

148 2558 272 2643 Legum
294 2557 396 2643 igitur
416 2574 604 2626 cunctarum
626 2561 719 2644 quasi
742 2562 795 2625 lex
817 2559 878 2626 erit
900 2559 981 2627 ista:
1005 2560 1051 2624 Ut
1074 2560 1131 2626 ubi
1154 2561 1256 2626 simul
1266 2561 1318 2627 ob·
1339 2574 1477 2622 isaexnr.

147 2674 278 2738 seruari
293 2685 431 2757 possunt
453 2671 690 2740 observantur:
714 2673 771 2737 ubi
793 2670 832 2737 id
839 2669 919 2753 ficri
940 2693 1003 2737 non
1016 2687 1148 2759 potest,
1172 2686 1242 2738 tum
1260 2688 1320 2759 po-

147 2785 212 2845 tior
234 2787 279 2846 sit
301 2804 386 2868 quae
407 2798 454 2850 est
474 2783 619 2878 dignior.
666 2783 739 2849 Hoc
762 2783 869 2866 ipsum
890 2803 992 2864 vem,
1017 2805 1100 2866 quae
1111 2783 1240 2870 dignior
1251 2784 1318 2865 sit,

148 2905 212 2957 tum
237 2913 277 2958 ex
289 2895 438 2980 origine,
462 2910 530 2961 turn
544 2916 583 2961 ex
595 2895 660 2960 fine
672 2893 809 2980 intelligi
821 2909 940 2978 potest.
963 2893 1013 2960 Ex
1024 2895 1150 2980 origine
1162 2894 1246 2960 enim
1262 2897 1318 2980 jus

147 3003 293 3071 divinum
315 3007 380 3090 juri
402 3009 568 3089 humanu,
590 3009 644 3092 jus
665 3009 842 3073 humanum
861 3007 926 3094 juri
950 3006 1040 3073 civili
1056 3021 1196 3090 praestat
1216 3014 1239 3073 ⁵.
1264 3007 1317 3072 Ex

147 3114 208 3182 fine
239 3117 297 3200 id,
332 3119 423 3202 quod
451 3120 492 3185 ad
512 3120 635 3185 bonurn
659 3120 779 3202 cuique
803 3139 898 3186 suum
921 3118 1084 3201 pertinet,
1108 3118 1138 3184 ei
1162 3118 1254 3201 quod
1277 3118 1318 3184 ad

146 3227 283 3294 alienum
316 3228 519 3312 praefertur,
553 3243 585 3295 et
617 3232 740 3296 bonum
764 3232 868 3315 majus
890 3229 1007 3296 minori
1031 3246 1063 3296 et
1091 3231 1166 3297 mali
1187 3229 1318 3315 majoris

145 3340 281 3405 remotio
296 3340 414 3405 minori
435 3342 533 3407 bono.
579 3341 731 3424 Exempli
756 3341 857 3426 gratia
879 3341 908 3406 si
931 3341 965 3407 in
986 3341 1164 3408 solitudine
1188 3341 1317 3408 insultu

146 3450 281 3536 alicujus
303 3453 342 3516 de
364 3451 432 3518 vita
462 3452 676 3535 pericliteris,
700 3452 755 3518 hic
775 3473 849 3518 cum
872 3452 952 3518 adiri
973 3452 1116 3536 judicem
1141 3472 1247 3535 neque
1268 3455 1317 3518 lo·

147 3581 200 3627 cus
229 3582 336 3644 neque
365 3577 496 3646 tempus
519 3563 623 3646 ferat,
649 3566 795 3649 neglecta
815 3564 885 3648 lege
906 3583 992 3628 nona
1010 3564 1050 3630 de
1070 3563 1226 3650 JudiciiS,
1250 3585 1318 3630 me-

146 3673 205 3738 rito
227 3688 328 3739 temet
350 3674 418 3757 ipse
438 3673 594 3742 defendes
617 3670 643 3742 ⁸.
689 3676 758 3742 Into
779 3695 819 3742 ne
843 3674 936 3740 tertia
959 3675 1090 3757 quidem
1113 3676 1166 3741 lex
1188 3676 1316 3742 obstare

176 3979 184 4012 ¹
202 3983 290 4031 innoc.
307 3983 334 4030 in
347 3996 369 4032 c.
382 3983 524 4044 postulasti.
539 3987 570 4034 de
583 3986 642 4034 foro
656 4000 742 4047 comp.
758 3987 896 4048 [Decretal.
916 4002 939 4036 a.
956 4001 978 4038 a.
995 3988 1046 4052 14]
1072 3985 1152 4044 Caiet.
1170 3988 1201 4036 ad
1221 3988 1313 4035 summ.

145 4071 232 4120 Thom.
258 4087 282 4125 α.
308 4087 330 4122 a.
347 4087 372 4134 q.
389 4087 430 4136 40.
446 4087 492 4123 art.
516 4089 537 4124 r.
555 4077 650 4137 etipse
667 4077 757 4126 Thom.
775 4091 798 4126 a.
817 4092 840 4126 a.
858 4092 883 4138 q.
899 4079 940 4137 67.
958 4090 1003 4127 art.
1023 4093 1045 4129 1.
1062 4081 1094 4128 ad
1110 4078 1221 4126 tertium.
1238 4077 1311 4125 Bald.

145 4162 211 4220 quib.
227 4165 297 4213 mod.
316 4164 385 4214 feud.
411 4166 545 4216 amittatur.
570 4181 595 4215 n.
618 4180 643 4228 4.
669 4167 708 4229 [F.
734 4180 755 4217 1.
779 4179 802 4224 5.
829 4168 879 4231 17.]
903 4170 990 4218 Franc.
1017 4169 1084 4218 Vict.
1110 4170 1141 4217 de
1164 4165 1219 4226 iure
1243 4167 1314 4215 belli.

145 4263 168 4299 n.
189 4266 227 4311 17.
251 4267 289 4315 19·
312 4255 354 4316 46.
376 4266 401 4303 et
426 4257 465 4312 ⁵6.
499 4253 558 4306 ²de
576 4271 630 4318 rep.
644 4259 661 4306 1.
680 4269 703 4314 5.
718 4258 756 4320 [p.
770 4271 829 4321 471.
845 4260 879 4321 a]
914 4258 1004 4309 ⁸Sllv.
1020 4260 1046 4308 in
1064 4274 1089 4309 v.
1104 4260 1166 4308 Lex.
1185 4262 1197 4318 5
1217 4260 1240 4307 Β.
1258 4258 1312 4317 lbi,

145 4343 191 4393 hoc
203 4328 295 4393 tamen.
326 4343 338 4376 ⁴
355 4348 443 4396 scotus
462 4359 502 4396 ar.
524 4347 583 4397 dist.
602 4361 643 4409 41.
666 4347 721 4398 Cic.
742 4351 774 4398 de
791 4351 889 4400 invent.
910 4352 927 4399 l.
946 4365 970 4399 2.
994 4350 1030 4412 [c.
1049 4350 1103 4413 49.]
1147 4347 1159 4380 ⁵
1176 4350 1207 4398 V.
1226 4363 1249 4398 c.
1267 4345 1312 4410 qui

145 4434 243 4484 resistit.
262 4436 350 4497 [Decr.
374 4439 442 4486 Grat.
460 4453 485 4499 p.
504 4449 527 4487 a.
547 4451 585 4488 11·
604 4451 627 4496 3·
644 4438 696 4504 97.]
733 4439 778 4489 ο1.
796 4454 821 4502 4.
847 4453 872 4490 et
897 4453 920 4498 s.
937 4441 963 4491 ff.
982 4443 1014 4491 ad
1030 4444 1048 4490 l.
1063 4440 1148 4502 Aquil.
1168 4439 1213 4502 [D.
1231 4453 1256 4502 9.
1274 4439 1310 4501 a]

146 4535 167 4572 et
184 4527 201 4574 l.
220 4525 389 4586 scientiam}
406 4542 431 4592 4.
448 4543 480 4578 eo
497 4529 537 4578 tit.
554 4529 598 4592 [D.
616 4544 640 4593 9.
655 4545 679 4579 α.
693 4531 748 4594 45.]
767 4531 823 4582 Cic.
840 4546 888 4594 pro
906 4532 1015 4583 Milone.
1034 4532 1071 4596 [c.
1087 4544 1112 4594 4.
1128 4535 1143 4593 ς
1163 4543 1201 4581 10.
1217 4531 1268 4595 sq]
