<?xml version="1.0" encoding="UTF-8"?>
<!DOCTYPE html PUBLIC "-//W3C//DTD XHTML 1.0 Transitional//EN"
    "http://www.w3.org/TR/xhtml1/DTD/xhtml1-transitional.dtd">
<html xmlns="http://www.w3.org/1999/xhtml" xml:lang="en" lang="en">
 <head>
  <title>
</title>
<meta http-equiv="Content-Type" content="text/html;charset=utf-8" />
  <meta name='ocr-system' content='tesseract 3.04.00' />
  <meta name='ocr-capabilities' content='ocr_page ocr_carea ocr_par ocr_line ocrx_word'/>
</head>
<body>
  <div class='ocr_page' id='page_1' title='image "./ledroitdeprised01hamagoog_0095.png"; bbox 0 0 3316 5494; ppageno 0'>
   <div class='ocr_carea' id='block_1_1' title="bbox 447 591 1319 664">
    <p class='ocr_par' dir='ltr' id='par_1_1' title="bbox 447 591 1319 664">
     <span class='ocr_line' id='line_1_1' title="bbox 447 591 1319 664; baseline -0.001 -24"><span class='ocrx_word' id='word_1_1' title='bbox 447 594 495 644; x_wconf 71' lang='lat' dir='ltr'><strong>DE</strong></span> <span class='ocrx_word' id='word_1_2' title='bbox 517 594 611 662; x_wconf 74' lang='lat' dir='ltr'><strong>June</strong></span> <span class='ocrx_word' id='word_1_3' title='bbox 636 591 819 640; x_wconf 78' lang='lat' dir='ltr'><strong>PRAEDAE.</strong></span> <span class='ocrx_word' id='word_1_4' title='bbox 844 594 923 642; x_wconf 82' lang='lat' dir='ltr'><strong>CAP.</strong></span> <span class='ocrx_word' id='word_1_5' title='bbox 948 591 1013 642; x_wconf 85' lang='lat' dir='ltr'><strong>vll.</strong></span> <span class='ocrx_word' id='word_1_6' title='bbox 1278 599 1319 664; x_wconf 76' lang='lat'><strong>73</strong></span> 
     </span>
    </p>
   </div>
   <div class='ocr_carea' id='block_1_2' title="bbox 45 746 1324 4072">
    <p class='ocr_par' dir='ltr' id='par_1_2' title="bbox 45 746 1324 4072">
     <span class='ocr_line' id='line_1_2' title="bbox 147 746 1321 834; baseline 0.003 -19"><span class='ocrx_word' id='word_1_7' title='bbox 147 747 245 815; x_wconf 88' lang='lat' dir='ltr'>Sicut</span> <span class='ocrx_word' id='word_1_8' title='bbox 263 748 318 834; x_wconf 84' lang='lat' dir='ltr'><strong>jus</strong></span> <span class='ocrx_word' id='word_1_9' title='bbox 341 767 411 816; x_wconf 87' lang='lat' dir='ltr'><strong>esse</strong></span> <span class='ocrx_word' id='word_1_10' title='bbox 434 749 601 830; x_wconf 83' lang='lat' dir='ltr'><strong>diximus,</strong></span> <span class='ocrx_word' id='word_1_11' title='bbox 634 748 726 831; x_wconf 95' lang='lat' dir='ltr'><strong>quod</strong></span> <span class='ocrx_word' id='word_1_12' title='bbox 748 746 813 832; x_wconf 88' lang='lat' dir='ltr'><strong>legi</strong></span> <span class='ocrx_word' id='word_1_13' title='bbox 835 747 957 831; x_wconf 84' lang='lat' dir='ltr'>primae</span> <span class='ocrx_word' id='word_1_14' title='bbox 980 763 1012 815; x_wconf 91' lang='lat' dir='ltr'><strong>et</strong></span> <span class='ocrx_word' id='word_1_15' title='bbox 1039 749 1221 831; x_wconf 87' lang='lat' dir='ltr'><strong>secundae,</strong></span> <span class='ocrx_word' id='word_1_16' title='bbox 1245 749 1321 818; x_wconf 89' lang='lat' dir='ltr'><strong>item</strong></span> 
     </span>
     <span class='ocr_line' id='line_1_3' title="bbox 145 858 1324 946; baseline 0.002 -20"><span class='ocrx_word' id='word_1_17' title='bbox 145 861 241 943; x_wconf 92' lang='lat' dir='ltr'><strong>quod</strong></span> <span class='ocrx_word' id='word_1_18' title='bbox 271 861 406 944; x_wconf 86' lang='lat' dir='ltr'>quintae</span> <span class='ocrx_word' id='word_1_19' title='bbox 438 875 471 926; x_wconf 93' lang='lat' dir='ltr'><strong>et</strong></span> <span class='ocrx_word' id='word_1_20' title='bbox 500 876 609 928; x_wconf 84' lang='lat' dir='ltr'>sextae</span> <span class='ocrx_word' id='word_1_21' title='bbox 640 860 818 940; x_wconf 89' lang='lat' dir='ltr'><strong>convenit,</strong></span> <span class='ocrx_word' id='word_1_22' title='bbox 851 858 896 924; x_wconf 84' lang='lat' dir='ltr'><strong>ita</strong></span> <span class='ocrx_word' id='word_1_23' title='bbox 925 860 1044 946; x_wconf 88' lang='lat' dir='ltr'><strong>injuria</strong></span> <span class='ocrx_word' id='word_1_24' title='bbox 1075 877 1128 928; x_wconf 90' lang='lat' dir='ltr'><strong>est</strong></span> <span class='ocrx_word' id='word_1_25' title='bbox 1150 861 1207 945; x_wconf 89' lang='lat' dir='ltr'><strong>id,</strong></span> <span class='ocrx_word' id='word_1_26' title='bbox 1231 863 1324 945; x_wconf 92' lang='lat' dir='ltr'><strong>quod</strong></span> 
     </span>
     <span class='ocr_line' id='line_1_4' title="bbox 143 972 1323 1059; baseline 0.002 -22"><span class='ocrx_word' id='word_1_27' title='bbox 143 993 221 1038; x_wconf 90' lang='lat' dir='ltr'><strong>cum</strong></span> <span class='ocrx_word' id='word_1_28' title='bbox 243 975 316 1058; x_wconf 87' lang='lat' dir='ltr'><strong>lege</strong></span> <span class='ocrx_word' id='word_1_29' title='bbox 337 973 480 1040; x_wconf 90' lang='lat' dir='ltr'><strong>secunda</strong></span> <span class='ocrx_word' id='word_1_30' title='bbox 501 988 559 1039; x_wconf 91' lang='lat' dir='ltr'><strong>aut</strong></span> <span class='ocrx_word' id='word_1_31' title='bbox 582 987 721 1056; x_wconf 86' lang='lat' dir='ltr'><strong>quarta,</strong></span> <span class='ocrx_word' id='word_1_32' title='bbox 745 972 822 1039; x_wconf 89' lang='lat' dir='ltr'><strong>item</strong></span> <span class='ocrx_word' id='word_1_33' title='bbox 846 990 917 1038; x_wconf 89' lang='lat' dir='ltr'><strong>cum</strong></span> <span class='ocrx_word' id='word_1_34' title='bbox 941 972 1057 1054; x_wconf 88' lang='lat' dir='ltr'><strong>quinta</strong></span> <span class='ocrx_word' id='word_1_35' title='bbox 1078 988 1112 1039; x_wconf 91' lang='lat' dir='ltr'><strong>et</strong></span> <span class='ocrx_word' id='word_1_36' title='bbox 1130 987 1220 1040; x_wconf 89' lang='lat' dir='ltr'><strong>sexta</strong></span> <span class='ocrx_word' id='word_1_37' title='bbox 1238 993 1323 1059; x_wconf 83' lang='lat' dir='ltr'><strong>pug-</strong></span> 
     </span>
     <span class='ocr_line' id='line_1_5' title="bbox 143 1083 1319 1171; baseline 0.002 -23"><span class='ocrx_word' id='word_1_38' title='bbox 143 1099 215 1150; x_wconf 85' lang='lat' dir='ltr'>nat.</span> <span class='ocrx_word' id='word_1_39' title='bbox 264 1083 351 1150; x_wconf 90' lang='lat' dir='ltr'><strong>Nam</strong></span> <span class='ocrx_word' id='word_1_40' title='bbox 381 1087 469 1171; x_wconf 85' lang='lat' dir='ltr'><strong>leges</strong></span> <span class='ocrx_word' id='word_1_41' title='bbox 503 1084 599 1168; x_wconf 89' lang='lat' dir='ltr'><strong>primi</strong></span> <span class='ocrx_word' id='word_1_42' title='bbox 634 1099 666 1150; x_wconf 92' lang='lat' dir='ltr'><strong>et</strong></span> <span class='ocrx_word' id='word_1_43' title='bbox 696 1083 832 1152; x_wconf 87' lang='lat' dir='ltr'><strong>secundi</strong></span> <span class='ocrx_word' id='word_1_44' title='bbox 867 1084 992 1152; x_wconf 87' lang='lat' dir='ltr'>ordinis</span> <span class='ocrx_word' id='word_1_45' title='bbox 1026 1084 1189 1169; x_wconf 84' lang='lat' dir='ltr'><strong>simplices</strong></span> <span class='ocrx_word' id='word_1_46' title='bbox 1223 1100 1319 1165; x_wconf 88' lang='lat' dir='ltr'><strong>sunt,</strong></span> 
     </span>
     <span class='ocr_line' id='line_1_6' title="bbox 141 1193 1318 1280; baseline 0.003 -19"><span class='ocrx_word' id='word_1_47' title='bbox 141 1196 233 1262; x_wconf 87' lang='lat' dir='ltr'><strong>tertii</strong></span> <span class='ocrx_word' id='word_1_48' title='bbox 263 1211 371 1262; x_wconf 89' lang='lat' dir='ltr'><strong>autern</strong></span> <span class='ocrx_word' id='word_1_49' title='bbox 394 1197 519 1263; x_wconf 86' lang='lat' dir='ltr'><strong>ordinis</strong></span> <span class='ocrx_word' id='word_1_50' title='bbox 540 1195 757 1280; x_wconf 87' lang='lat' dir='ltr'><strong>compositae:</strong></span> <span class='ocrx_word' id='word_1_51' title='bbox 782 1193 856 1260; x_wconf 92' lang='lat' dir='ltr'><strong>ideo</strong></span> <span class='ocrx_word' id='word_1_52' title='bbox 878 1195 930 1272; x_wconf 88' lang='lat' dir='ltr'><strong>bis</strong></span> <span class='ocrx_word' id='word_1_53' title='bbox 950 1211 1137 1264; x_wconf 90' lang='lat' dir='ltr'><strong>sumuntur.</strong></span> <span class='ocrx_word' id='word_1_54' title='bbox 1184 1196 1220 1263; x_wconf 86' lang='lat' dir='ltr'><strong>Si</strong></span> <span class='ocrx_word' id='word_1_55' title='bbox 1241 1196 1318 1279; x_wconf 89' lang='lat' dir='ltr'><strong>quis</strong></span> 
     </span>
     <span class='ocr_line' id='line_1_7' title="bbox 143 1306 1321 1391; baseline 0.003 -21"><span class='ocrx_word' id='word_1_56' title='bbox 143 1306 247 1391; x_wconf 85' lang='lat' dir='ltr'><strong>igitur</strong></span> <span class='ocrx_word' id='word_1_57' title='bbox 277 1307 466 1390; x_wconf 82' lang='lat' dir='ltr'><strong>somnians,</strong></span> <span class='ocrx_word' id='word_1_58' title='bbox 500 1308 593 1390; x_wconf 90' lang='lat' dir='ltr'><strong>quod</strong></span> <span class='ocrx_word' id='word_1_59' title='bbox 613 1309 776 1374; x_wconf 89' lang='lat' dir='ltr'><strong>Doctores</strong></span> <span class='ocrx_word' id='word_1_60' title='bbox 799 1306 932 1389; x_wconf 92' lang='lat' dir='ltr'><strong>quidam</strong></span> <span class='ocrx_word' id='word_1_61' title='bbox 957 1317 967 1350; x_wconf 85' lang='lat'><strong>¹</strong></span> <span class='ocrx_word' id='word_1_62' title='bbox 988 1323 1118 1376; x_wconf 87' lang='lat' dir='ltr'><strong>narrant</strong></span> <span class='ocrx_word' id='word_1_63' title='bbox 1139 1307 1321 1388; x_wconf 87' lang='lat' dir='ltr'><strong>accidisse,</strong></span> 
     </span>
     <span class='ocr_line' id='line_1_8' title="bbox 144 1417 1323 1504; baseline 0 -20"><span class='ocrx_word' id='word_1_64' title='bbox 144 1417 321 1485; x_wconf 88' lang='lat' dir='ltr'><strong>autetiam</strong></span> <span class='ocrx_word' id='word_1_65' title='bbox 343 1417 511 1500; x_wconf 83' lang='lat' dir='ltr'><strong>furiosus,</strong></span> <span class='ocrx_word' id='word_1_66' title='bbox 536 1418 627 1502; x_wconf 93' lang='lat' dir='ltr'><strong>quod</strong></span> <span class='ocrx_word' id='word_1_67' title='bbox 650 1419 796 1486; x_wconf 88' lang='lat' dir='ltr'><strong>accidere</strong></span> <span class='ocrx_word' id='word_1_68' title='bbox 809 1417 966 1500; x_wconf 64' lang='lat' dir='ltr'><strong>tquotidie</strong></span> <span class='ocrx_word' id='word_1_69' title='bbox 986 1433 1117 1503; x_wconf 89' lang='lat' dir='ltr'><strong>potest,</strong></span> <span class='ocrx_word' id='word_1_70' title='bbox 1140 1420 1323 1504; x_wconf 87' lang='lat' dir='ltr'><strong>periculum</strong></span> 
     </span>
     <span class='ocr_line' id='line_1_9' title="bbox 143 1529 1322 1615; baseline -0.002 -19"><span class='ocrx_word' id='word_1_71' title='bbox 143 1530 228 1596; x_wconf 90' lang='lat' dir='ltr'><strong>mihi</strong></span> <span class='ocrx_word' id='word_1_72' title='bbox 249 1531 410 1613; x_wconf 82' lang='lat' dir='ltr'><strong>intentet,</strong></span> <span class='ocrx_word' id='word_1_73' title='bbox 433 1531 649 1598; x_wconf 89' lang='lat' dir='ltr'><strong>dubitandum</strong></span> <span class='ocrx_word' id='word_1_74' title='bbox 661 1549 727 1598; x_wconf 91' lang='lat' dir='ltr'><strong>non</strong></span> <span class='ocrx_word' id='word_1_75' title='bbox 740 1544 811 1611; x_wconf 86' lang='lat' dir='ltr'><strong>est,</strong></span> <span class='ocrx_word' id='word_1_76' title='bbox 835 1529 915 1612; x_wconf 92' lang='lat' dir='ltr'><strong>quin</strong></span> <span class='ocrx_word' id='word_1_77' title='bbox 927 1529 994 1596; x_wconf 93' lang='lat' dir='ltr'><strong>vim</strong></span> <span class='ocrx_word' id='word_1_78' title='bbox 1007 1531 1042 1597; x_wconf 86' lang='lat' dir='ltr'><strong>vi</strong></span> <span class='ocrx_word' id='word_1_79' title='bbox 1053 1546 1139 1598; x_wconf 88' lang='lat' dir='ltr'><strong>tecte</strong></span> <span class='ocrx_word' id='word_1_80' title='bbox 1152 1531 1322 1615; x_wconf 86' lang='lat' dir='ltr'><strong>repellam,</strong></span> 
     </span>
     <span class='ocr_line' id='line_1_10' title="bbox 144 1641 1323 1727; baseline -0.002 -20"><span class='ocrx_word' id='word_1_81' title='bbox 144 1657 180 1707; x_wconf 89' lang='lat' dir='ltr'><strong>et</strong></span> <span class='ocrx_word' id='word_1_82' title='bbox 201 1642 230 1708; x_wconf 88' lang='lat' dir='ltr'><strong>si</strong></span> <span class='ocrx_word' id='word_1_83' title='bbox 252 1661 319 1709; x_wconf 91' lang='lat' dir='ltr'><strong>non</strong></span> <span class='ocrx_word' id='word_1_84' title='bbox 350 1642 413 1708; x_wconf 86' lang='lat' dir='ltr'><strong>alia</strong></span> <span class='ocrx_word' id='word_1_85' title='bbox 443 1657 591 1727; x_wconf 78' lang='lat' dir='ltr'><strong>superest</strong></span> <span class='ocrx_word' id='word_1_86' title='bbox 620 1642 736 1710; x_wconf 89' lang='lat' dir='ltr'><strong>salutis</strong></span> <span class='ocrx_word' id='word_1_87' title='bbox 757 1643 834 1726; x_wconf 77' lang='lat' dir='ltr'><strong>via,</strong></span> <span class='ocrx_word' id='word_1_88' title='bbox 860 1643 957 1710; x_wconf 91' lang='lat' dir='ltr'><strong>etiam</strong></span> <span class='ocrx_word' id='word_1_89' title='bbox 978 1641 1171 1710; x_wconf 87' lang='lat' dir='ltr'><strong>interficiam</strong></span> <span class='ocrx_word' id='word_1_90' title='bbox 1191 1647 1217 1707; x_wconf 84' lang='lat'><strong>¹.</strong></span> <span class='ocrx_word' id='word_1_91' title='bbox 1262 1643 1323 1706; x_wconf 84' lang='lat' dir='ltr'><strong>At·</strong></span> 
     </span>
     <span class='ocr_line' id='line_1_11' title="bbox 145 1753 1324 1840; baseline -0.003 -20"><span class='ocrx_word' id='word_1_92' title='bbox 145 1769 256 1820; x_wconf 90' lang='lat' dir='ltr'><strong>tamen</strong></span> <span class='ocrx_word' id='word_1_93' title='bbox 282 1753 366 1821; x_wconf 90' lang='lat' dir='ltr'><strong>nihil</strong></span> <span class='ocrx_word' id='word_1_94' title='bbox 398 1754 454 1820; x_wconf 90' lang='lat' dir='ltr'><strong>ille</strong></span> <span class='ocrx_word' id='word_1_95' title='bbox 486 1754 606 1840; x_wconf 87' lang='lat' dir='ltr'><strong>injuria</strong></span> <span class='ocrx_word' id='word_1_96' title='bbox 636 1753 739 1836; x_wconf 82' lang='lat' dir='ltr'><strong>facit,</strong></span> <span class='ocrx_word' id='word_1_97' title='bbox 772 1773 880 1838; x_wconf 91' lang='lat' dir='ltr'><strong>neque</strong></span> <span class='ocrx_word' id='word_1_98' title='bbox 911 1755 995 1820; x_wconf 89' lang='lat' dir='ltr'><strong>enim</strong></span> <span class='ocrx_word' id='word_1_99' title='bbox 1025 1768 1095 1820; x_wconf 91' lang='lat' dir='ltr'><strong>tum</strong></span> <span class='ocrx_word' id='word_1_100' title='bbox 1118 1771 1252 1836; x_wconf 90' lang='lat' dir='ltr'><strong>compos</strong></span> <span class='ocrx_word' id='word_1_101' title='bbox 1272 1765 1324 1817; x_wconf 90' lang='lat' dir='ltr'><strong>est</strong></span> 
     </span>
     <span class='ocr_line' id='line_1_12' title="bbox 145 1863 1324 1952; baseline -0.004 -19"><span class='ocrx_word' id='word_1_102' title='bbox 145 1865 261 1933; x_wconf 81' lang='lat' dir='ltr'><strong>animi.</strong></span> <span class='ocrx_word' id='word_1_103' title='bbox 307 1866 393 1933; x_wconf 88' lang='lat' dir='ltr'><strong>Satis</strong></span> <span class='ocrx_word' id='word_1_104' title='bbox 415 1881 465 1934; x_wconf 88' lang='lat' dir='ltr'><strong>est</strong></span> <span class='ocrx_word' id='word_1_105' title='bbox 497 1867 587 1948; x_wconf 93' lang='lat' dir='ltr'><strong>quod</strong></span> <span class='ocrx_word' id='word_1_106' title='bbox 616 1866 772 1948; x_wconf 89' lang='lat' dir='ltr'><strong>adversus</strong></span> <span class='ocrx_word' id='word_1_107' title='bbox 801 1868 904 1952; x_wconf 85' lang='lat' dir='ltr'><strong>legem</strong></span> <span class='ocrx_word' id='word_1_108' title='bbox 937 1865 1063 1933; x_wconf 81' lang='lat' dir='ltr'><strong>tertiam</strong></span> <span class='ocrx_word' id='word_1_109' title='bbox 1096 1879 1146 1931; x_wconf 94' lang='lat' dir='ltr'><strong>est</strong></span> <span class='ocrx_word' id='word_1_110' title='bbox 1176 1863 1210 1930; x_wconf 94' lang='lat' dir='ltr'><strong>id</strong></span> <span class='ocrx_word' id='word_1_111' title='bbox 1232 1863 1324 1946; x_wconf 92' lang='lat' dir='ltr'><strong>quod</strong></span> 
     </span>
     <span class='ocr_line' id='line_1_13' title="bbox 145 1975 1323 2063; baseline -0.001 -20"><span class='ocrx_word' id='word_1_112' title='bbox 145 1977 239 2044; x_wconf 83' lang='lat' dir='ltr'><strong>facit.</strong></span> <span class='ocrx_word' id='word_1_113' title='bbox 281 1977 342 2063; x_wconf 89' lang='lat' dir='ltr'><strong>Jus</strong></span> <span class='ocrx_word' id='word_1_114' title='bbox 364 1977 451 2044; x_wconf 89' lang='lat' dir='ltr'><strong>enim</strong></span> <span class='ocrx_word' id='word_1_115' title='bbox 473 1978 578 2045; x_wconf 89' lang='lat' dir='ltr'><strong>habeo</strong></span> <span class='ocrx_word' id='word_1_116' title='bbox 598 1977 794 2061; x_wconf 89' lang='lat' dir='ltr'><strong>prohibendi</strong></span> <span class='ocrx_word' id='word_1_117' title='bbox 815 1978 878 2043; x_wconf 89' lang='lat' dir='ltr'><strong>hoc</strong></span> <span class='ocrx_word' id='word_1_118' title='bbox 900 1976 1020 2060; x_wconf 87' lang='lat' dir='ltr'><strong>quovis</strong></span> <span class='ocrx_word' id='word_1_119' title='bbox 1040 1976 1139 2042; x_wconf 89' lang='lat' dir='ltr'><strong>modo</strong></span> <span class='ocrx_word' id='word_1_120' title='bbox 1160 1994 1201 2041; x_wconf 84' lang='lat' dir='ltr'><strong>ex</strong></span> <span class='ocrx_word' id='word_1_121' title='bbox 1219 1975 1323 2059; x_wconf 86' lang='lat' dir='ltr'><strong>prima</strong></span> 
     </span>
     <span class='ocr_line' id='line_1_14' title="bbox 146 2087 1322 2174; baseline -0.003 -20"><span class='ocrx_word' id='word_1_122' title='bbox 146 2091 244 2174; x_wconf 83' lang='lat' dir='ltr'><strong>lege,</strong></span> <span class='ocrx_word' id='word_1_123' title='bbox 268 2109 353 2172; x_wconf 87' lang='lat' dir='ltr'><strong>quae</strong></span> <span class='ocrx_word' id='word_1_124' title='bbox 381 2109 432 2155; x_wconf 90' lang='lat' dir='ltr'><strong>me</strong></span> <span class='ocrx_word' id='word_1_125' title='bbox 452 2089 535 2156; x_wconf 89' lang='lat' dir='ltr'><strong>mihi</strong></span> <span class='ocrx_word' id='word_1_126' title='bbox 558 2088 654 2156; x_wconf 90' lang='lat' dir='ltr'><strong>etiam</strong></span> <span class='ocrx_word' id='word_1_127' title='bbox 679 2109 755 2172; x_wconf 85' lang='lat' dir='ltr'><strong>prae</strong></span> <span class='ocrx_word' id='word_1_128' title='bbox 777 2088 849 2156; x_wconf 86' lang='lat' dir='ltr'><strong>aliis</strong></span> <span class='ocrx_word' id='word_1_129' title='bbox 870 2087 1086 2154; x_wconf 87' lang='lat' dir='ltr'><strong>commendat.</strong></span> <span class='ocrx_word' id='word_1_130' title='bbox 1131 2087 1322 2152; x_wconf 77' lang='lat' dir='ltr'><strong>Necessitas</strong></span> 
     </span>
     <span class='ocr_line' id='line_1_15' title="bbox 147 2197 1322 2286; baseline -0.004 -18"><span class='ocrx_word' id='word_1_131' title='bbox 147 2201 259 2282; x_wconf 85' lang='lat' dir='ltr'><strong>enim,</strong></span> <span class='ocrx_word' id='word_1_132' title='bbox 290 2216 330 2267; x_wconf 93' lang='lat' dir='ltr'><strong>ut</strong></span> <span class='ocrx_word' id='word_1_133' title='bbox 360 2201 449 2286; x_wconf 89' lang='lat' dir='ltr'><strong>apud</strong></span> <span class='ocrx_word' id='word_1_134' title='bbox 479 2202 634 2268; x_wconf 84' lang='lat' dir='ltr'><strong>Senecam</strong></span> <span class='ocrx_word' id='word_1_135' title='bbox 658 2199 669 2236; x_wconf 83' lang='lat'>⁸</span> <span class='ocrx_word' id='word_1_136' title='bbox 690 2214 762 2281; x_wconf 85' lang='lat' dir='ltr'><strong>cst,</strong></span> <span class='ocrx_word' id='word_1_137' title='bbox 795 2221 952 2286; x_wconf 74' lang='lat' dir='ltr'><strong>inagnum</strong></span> <span class='ocrx_word' id='word_1_138' title='bbox 985 2201 1151 2264; x_wconf 80' lang='lat' dir='ltr'><strong>humanae</strong></span> <span class='ocrx_word' id='word_1_139' title='bbox 1176 2197 1322 2263; x_wconf 80' lang='lat' dir='ltr'><strong>imbecil-</strong></span> 
     </span>
     <span class='ocr_line' id='line_1_16' title="bbox 146 2309 1322 2400; baseline -0.003 -22"><span class='ocrx_word' id='word_1_140' title='bbox 146 2311 261 2378; x_wconf 80' lang='lat' dir='ltr'><strong>litatis</strong></span> <span class='ocrx_word' id='word_1_141' title='bbox 278 2315 527 2400; x_wconf 82' lang='lat' dir='ltr'><strong>patrocinium,</strong></span> <span class='ocrx_word' id='word_1_142' title='bbox 540 2331 661 2378; x_wconf 82' lang='lat' dir='ltr'><strong>oamam</strong></span> <span class='ocrx_word' id='word_1_143' title='bbox 681 2311 781 2398; x_wconf 81' lang='lat' dir='ltr'><strong>legam</strong></span> <span class='ocrx_word' id='word_1_144' title='bbox 793 2309 947 2398; x_wconf 80' lang='lat' dir='ltr'><strong>frangit.</strong></span> <span class='ocrx_word' id='word_1_145' title='bbox 993 2310 1057 2377; x_wconf 90' lang='lat' dir='ltr'><strong>Est</strong></span> <span class='ocrx_word' id='word_1_146' title='bbox 1078 2323 1186 2376; x_wconf 91' lang='lat' dir='ltr'><strong>autem</strong></span> <span class='ocrx_word' id='word_1_147' title='bbox 1208 2328 1322 2375; x_wconf 90' lang='lat' dir='ltr'><strong>neces-</strong></span> 
     </span>
     <span class='ocr_line' id='line_1_17' title="bbox 145 2415 1323 2510; baseline -0.003 -22"><span class='ocrx_word' id='word_1_148' title='bbox 145 2423 228 2490; x_wconf 83' lang='lat' dir='ltr'><strong>sitas</strong></span> <span class='ocrx_word' id='word_1_149' title='bbox 247 2426 302 2510; x_wconf 87' lang='lat' dir='ltr'><strong>jus</strong></span> <span class='ocrx_word' id='word_1_150' title='bbox 322 2423 405 2491; x_wconf 91' lang='lat' dir='ltr'><strong>illud</strong></span> <span class='ocrx_word' id='word_1_151' title='bbox 426 2424 567 2507; x_wconf 92' lang='lat' dir='ltr'><strong>primum</strong></span> <span class='ocrx_word' id='word_1_152' title='bbox 589 2438 742 2504; x_wconf 85' lang='lat' dir='ltr'><strong>naturae,</strong></span> <span class='ocrx_word' id='word_1_153' title='bbox 765 2422 848 2490; x_wconf 87' lang='lat' dir='ltr'><strong>utin</strong></span> <span class='ocrx_word' id='word_1_154' title='bbox 859 2421 1021 2506; x_wconf 89' lang='lat' dir='ltr'><strong>principio</strong></span> <span class='ocrx_word' id='word_1_155' title='bbox 1044 2420 1187 2487; x_wconf 86' lang='lat' dir='ltr'><strong>diximus</strong></span> <span class='ocrx_word' id='word_1_156' title='bbox 1210 2415 1234 2487; x_wconf 74' lang='lat'><strong>⁴.</strong></span> <span class='ocrx_word' id='word_1_157' title='bbox 1270 2420 1323 2486; x_wconf 91' lang='lat' dir='ltr'><strong>Si-</strong></span> 
     </span>
     <span class='ocr_line' id='line_1_18' title="bbox 148 2533 1322 2618; baseline -0.002 -18"><span class='ocrx_word' id='word_1_158' title='bbox 148 2535 270 2600; x_wconf 88' lang='lat' dir='ltr'><strong>militer</strong></span> <span class='ocrx_word' id='word_1_159' title='bbox 299 2554 318 2600; x_wconf 87' lang='lat' dir='ltr'><strong>a</strong></span> <span class='ocrx_word' id='word_1_160' title='bbox 350 2536 456 2602; x_wconf 90' lang='lat' dir='ltr'><strong>bonae</strong></span> <span class='ocrx_word' id='word_1_161' title='bbox 486 2534 562 2600; x_wconf 89' lang='lat' dir='ltr'><strong>fidei</strong></span> <span class='ocrx_word' id='word_1_162' title='bbox 593 2553 780 2618; x_wconf 90' lang='lat' dir='ltr'><strong>possessore</strong></span> <span class='ocrx_word' id='word_1_163' title='bbox 804 2553 856 2601; x_wconf 91' lang='lat' dir='ltr'><strong>res</strong></span> <span class='ocrx_word' id='word_1_164' title='bbox 888 2533 1089 2613; x_wconf 66' lang='lat' dir='ltr'><strong>vindicatum</strong></span> <span class='ocrx_word' id='word_1_165' title='bbox 1124 2551 1322 2615; x_wconf 89' lang='lat' dir='ltr'><strong>quamquam</strong></span> 
     </span>
     <span class='ocr_line' id='line_1_19' title="bbox 45 2631 1323 2732; baseline -0.004 -18"><span class='ocrx_word' id='word_1_166' title='bbox 45 2631 47 2637; x_wconf 50' lang='grc'>’</span> <span class='ocrx_word' id='word_1_167' title='bbox 149 2647 236 2714; x_wconf 87' lang='lat' dir='ltr'><strong>enim</strong></span> <span class='ocrx_word' id='word_1_168' title='bbox 259 2646 314 2712; x_wconf 90' lang='lat' dir='ltr'><strong>ille</strong></span> <span class='ocrx_word' id='word_1_169' title='bbox 336 2648 490 2714; x_wconf 89' lang='lat' dir='ltr'><strong>adversus</strong></span> <span class='ocrx_word' id='word_1_170' title='bbox 511 2648 615 2732; x_wconf 84' lang='lat' dir='ltr'><strong>legem</strong></span> <span class='ocrx_word' id='word_1_171' title='bbox 635 2662 781 2729; x_wconf 89' lang='lat' dir='ltr'><strong>quartam</strong></span> <span class='ocrx_word' id='word_1_172' title='bbox 799 2665 867 2712; x_wconf 90' lang='lat' dir='ltr'><strong>non</strong></span> <span class='ocrx_word' id='word_1_173' title='bbox 884 2659 1000 2730; x_wconf 87' lang='lat' dir='ltr'><strong>peccat</strong></span> <span class='ocrx_word' id='word_1_174' title='bbox 1018 2659 1158 2729; x_wconf 86' lang='lat' dir='ltr'><strong>sponte,</strong></span> <span class='ocrx_word' id='word_1_175' title='bbox 1181 2642 1323 2710; x_wconf 84' lang='lat' dir='ltr'><strong>exerceri</strong></span> 
     </span>
     <span class='ocr_line' id='line_1_20' title="bbox 146 2754 1322 2839; baseline -0.003 -15"><span class='ocrx_word' id='word_1_176' title='bbox 146 2773 255 2824; x_wconf 88' lang='lat' dir='ltr'><strong>tamen</strong></span> <span class='ocrx_word' id='word_1_177' title='bbox 287 2773 400 2824; x_wconf 89' lang='lat' dir='ltr'><strong>contra</strong></span> <span class='ocrx_word' id='word_1_178' title='bbox 430 2759 524 2824; x_wconf 92' lang='lat' dir='ltr'><strong>illum</strong></span> <span class='ocrx_word' id='word_1_179' title='bbox 556 2758 699 2824; x_wconf 88' lang='lat' dir='ltr'><strong>secunda</strong></span> <span class='ocrx_word' id='word_1_180' title='bbox 730 2757 837 2824; x_wconf 89' lang='lat' dir='ltr'><strong>debet.</strong></span> <span class='ocrx_word' id='word_1_181' title='bbox 882 2757 996 2823; x_wconf 90' lang='lat' dir='ltr'><strong>Potest</strong></span> <span class='ocrx_word' id='word_1_182' title='bbox 1028 2771 1061 2822; x_wconf 89' lang='lat' dir='ltr'><strong>et</strong></span> <span class='ocrx_word' id='word_1_183' title='bbox 1082 2755 1200 2839; x_wconf 91' lang='lat' dir='ltr'><strong>aliquis</strong></span> <span class='ocrx_word' id='word_1_184' title='bbox 1223 2754 1322 2822; x_wconf 91' lang='lat' dir='ltr'><strong>variis</strong></span> 
     </span>
     <span class='ocr_line' id='line_1_21' title="bbox 146 2867 1321 2953; baseline -0.004 -17"><span class='ocrx_word' id='word_1_185' title='bbox 146 2870 188 2936; x_wconf 91' lang='lat' dir='ltr'><strong>de</strong></span> <span class='ocrx_word' id='word_1_186' title='bbox 220 2869 328 2936; x_wconf 87' lang='lat' dir='ltr'><strong>causis</strong></span> <span class='ocrx_word' id='word_1_187' title='bbox 357 2869 485 2952; x_wconf 89' lang='lat' dir='ltr'><strong>aliquid</strong></span> <span class='ocrx_word' id='word_1_188' title='bbox 514 2869 595 2935; x_wconf 89' lang='lat' dir='ltr'><strong>milri</strong></span> <span class='ocrx_word' id='word_1_189' title='bbox 626 2869 767 2952; x_wconf 86' lang='lat' dir='ltr'><strong>debere,</strong></span> <span class='ocrx_word' id='word_1_190' title='bbox 800 2869 892 2953; x_wconf 91' lang='lat' dir='ltr'><strong>quod</strong></span> <span class='ocrx_word' id='word_1_191' title='bbox 922 2868 992 2952; x_wconf 89' lang='lat' dir='ltr'><strong>ipse</strong></span> <span class='ocrx_word' id='word_1_192' title='bbox 1022 2867 1167 2948; x_wconf 88' lang='lat' dir='ltr'><strong>nesciat,</strong></span> <span class='ocrx_word' id='word_1_193' title='bbox 1190 2882 1271 2950; x_wconf 88' lang='lat' dir='ltr'><strong>puta</strong></span> <span class='ocrx_word' id='word_1_194' title='bbox 1292 2867 1321 2935; x_wconf 90' lang='lat' dir='ltr'><strong>si</strong></span> 
     </span>
     <span class='ocr_line' id='line_1_22' title="bbox 146 2979 1321 3068; baseline -0.003 -22"><span class='ocrx_word' id='word_1_195' title='bbox 146 2982 258 3047; x_wconf 87' lang='lat' dir='ltr'><strong>haeres</strong></span> <span class='ocrx_word' id='word_1_196' title='bbox 292 2982 345 3050; x_wconf 83' lang='lat' dir='ltr'><strong>sit</strong></span> <span class='ocrx_word' id='word_1_197' title='bbox 398 2983 484 3048; x_wconf 90' lang='lat' dir='ltr'><strong>Cum</strong></span> <span class='ocrx_word' id='word_1_198' title='bbox 513 2981 617 3068; x_wconf 80' lang='lat' dir='ltr'><strong>igitur</strong></span> <span class='ocrx_word' id='word_1_199' title='bbox 648 2999 715 3048; x_wconf 90' lang='lat' dir='ltr'><strong>non</strong></span> <span class='ocrx_word' id='word_1_200' title='bbox 748 2981 908 3048; x_wconf 89' lang='lat' dir='ltr'><strong>solvendo</strong></span> <span class='ocrx_word' id='word_1_201' title='bbox 941 2979 1042 3046; x_wconf 88' lang='lat' dir='ltr'><strong>faciat</strong></span> <span class='ocrx_word' id='word_1_202' title='bbox 1073 2993 1187 3044; x_wconf 89' lang='lat' dir='ltr'><strong>contra</strong></span> <span class='ocrx_word' id='word_1_203' title='bbox 1218 2979 1321 3061; x_wconf 85' lang='lat' dir='ltr'><strong>legem</strong></span> 
     </span>
     <span class='ocr_line' id='line_1_23' title="bbox 147 3087 1321 3177; baseline -0.005 -18"><span class='ocrx_word' id='word_1_204' title='bbox 147 3108 294 3176; x_wconf 84' lang='lat' dir='ltr'><strong>sextam,</strong></span> <span class='ocrx_word' id='word_1_205' title='bbox 324 3093 385 3160; x_wconf 90' lang='lat' dir='ltr'><strong>etsi</strong></span> <span class='ocrx_word' id='word_1_206' title='bbox 417 3111 484 3160; x_wconf 92' lang='lat' dir='ltr'><strong>non</strong></span> <span class='ocrx_word' id='word_1_207' title='bbox 515 3107 652 3177; x_wconf 88' lang='lat' dir='ltr'><strong>sponte,</strong></span> <span class='ocrx_word' id='word_1_208' title='bbox 676 3093 757 3160; x_wconf 90' lang='lat' dir='ltr'><strong>mihi</strong></span> <span class='ocrx_word' id='word_1_209' title='bbox 780 3108 887 3158; x_wconf 87' lang='lat' dir='ltr'><strong>tamen</strong></span> <span class='ocrx_word' id='word_1_210' title='bbox 910 3092 981 3176; x_wconf 89' lang='lat' dir='ltr'><strong>ejus</strong></span> <span class='ocrx_word' id='word_1_211' title='bbox 1004 3090 1084 3177; x_wconf 83' lang='lat' dir='ltr'><strong>legis</strong></span> <span class='ocrx_word' id='word_1_212' title='bbox 1107 3109 1187 3156; x_wconf 89' lang='lat' dir='ltr'><strong>usus</strong></span> <span class='ocrx_word' id='word_1_213' title='bbox 1211 3087 1321 3173; x_wconf 85' lang='lat' dir='ltr'><strong>negari</strong></span> 
     </span>
     <span class='ocr_line' id='line_1_24' title="bbox 146 3201 1321 3288; baseline -0.007 -15"><span class='ocrx_word' id='word_1_214' title='bbox 146 3225 214 3273; x_wconf 91' lang='lat' dir='ltr'><strong>non</strong></span> <span class='ocrx_word' id='word_1_215' title='bbox 245 3205 362 3272; x_wconf 88' lang='lat' dir='ltr'><strong>debet:</strong></span> <span class='ocrx_word' id='word_1_216' title='bbox 395 3205 477 3288; x_wconf 90' lang='lat' dir='ltr'><strong>quid</strong></span> <span class='ocrx_word' id='word_1_217' title='bbox 508 3203 711 3284; x_wconf 52' lang='lat' dir='ltr'><strong>enimsesset</strong></span> <span class='ocrx_word' id='word_1_218' title='bbox 738 3203 884 3287; x_wconf 87' lang='lat' dir='ltr'><strong>iniquius</strong></span> <span class='ocrx_word' id='word_1_219' title='bbox 909 3222 1006 3286; x_wconf 93' lang='lat' dir='ltr'><strong>quam</strong></span> <span class='ocrx_word' id='word_1_220' title='bbox 1029 3201 1126 3269; x_wconf 90' lang='lat' dir='ltr'><strong>alicui</strong></span> <span class='ocrx_word' id='word_1_221' title='bbox 1147 3204 1202 3287; x_wconf 80' lang='lat' dir='ltr'><strong>jus</strong></span> <span class='ocrx_word' id='word_1_222' title='bbox 1224 3219 1321 3267; x_wconf 91' lang='lat' dir='ltr'><strong>suum</strong></span> 
     </span>
     <span class='ocr_line' id='line_1_25' title="bbox 147 3312 1323 3400; baseline -0.005 -18"><span class='ocrx_word' id='word_1_223' title='bbox 147 3317 252 3400; x_wconf 89' lang='lat' dir='ltr'><strong>petire</strong></span> <span class='ocrx_word' id='word_1_224' title='bbox 284 3317 328 3382; x_wconf 95' lang='lat' dir='ltr'><strong>ob</strong></span> <span class='ocrx_word' id='word_1_225' title='bbox 350 3316 484 3383; x_wconf 86' lang='lat' dir='ltr'><strong>alterius</strong></span> <span class='ocrx_word' id='word_1_226' title='bbox 520 3316 687 3382; x_wconf 74' lang='lat' dir='ltr'><strong>errorem?</strong></span> <span class='ocrx_word' id='word_1_227' title='bbox 734 3315 824 3381; x_wconf 91' lang='lat' dir='ltr'><strong>Haec</strong></span> <span class='ocrx_word' id='word_1_228' title='bbox 846 3329 953 3382; x_wconf 90' lang='lat' dir='ltr'><strong>autem</strong></span> <span class='ocrx_word' id='word_1_229' title='bbox 978 3328 1016 3380; x_wconf 93' lang='lat' dir='ltr'><strong>ut</strong></span> <span class='ocrx_word' id='word_1_230' title='bbox 1038 3313 1072 3380; x_wconf 92' lang='lat' dir='ltr'><strong>in</strong></span> <span class='ocrx_word' id='word_1_231' title='bbox 1093 3312 1247 3399; x_wconf 84' lang='lat' dir='ltr'><strong>legitimis</strong></span> <span class='ocrx_word' id='word_1_232' title='bbox 1270 3330 1323 3378; x_wconf 90' lang='lat' dir='ltr'><strong>ac·</strong></span> 
     </span>
     <span class='ocr_line' id='line_1_26' title="bbox 148 3425 1322 3510; baseline -0.004 -16"><span class='ocrx_word' id='word_1_233' title='bbox 148 3429 297 3496; x_wconf 90' lang='lat' dir='ltr'><strong>tionibus</strong></span> <span class='ocrx_word' id='word_1_234' title='bbox 328 3429 375 3495; x_wconf 87' lang='lat' dir='ltr'><strong>ita</strong></span> <span class='ocrx_word' id='word_1_235' title='bbox 398 3428 431 3493; x_wconf 91' lang='lat' dir='ltr'><strong>in</strong></span> <span class='ocrx_word' id='word_1_236' title='bbox 455 3429 541 3494; x_wconf 90' lang='lat' dir='ltr'><strong>bello</strong></span> <span class='ocrx_word' id='word_1_237' title='bbox 563 3429 672 3495; x_wconf 90' lang='lat' dir='ltr'><strong>locum</strong></span> <span class='ocrx_word' id='word_1_238' title='bbox 695 3427 826 3495; x_wconf 86' lang='lat' dir='ltr'><strong>habent.</strong></span> <span class='ocrx_word' id='word_1_239' title='bbox 870 3427 908 3494; x_wconf 90' lang='lat' dir='ltr'><strong>In</strong></span> <span class='ocrx_word' id='word_1_240' title='bbox 931 3429 1001 3493; x_wconf 87' lang='lat' dir='ltr'><strong>sola</strong></span> <span class='ocrx_word' id='word_1_241' title='bbox 1022 3427 1094 3510; x_wconf 84' lang='lat' dir='ltr'><strong>lege</strong></span> <span class='ocrx_word' id='word_1_242' title='bbox 1126 3425 1242 3506; x_wconf 89' lang='lat' dir='ltr'><strong>quinta</strong></span> <span class='ocrx_word' id='word_1_243' title='bbox 1272 3443 1322 3489; x_wconf 91' lang='lat' dir='ltr'><strong>re·</strong></span> 
     </span>
     <span class='ocr_line' id='line_1_27' title="bbox 148 3537 1321 3625; baseline -0.009 -16"><span class='ocrx_word' id='word_1_244' title='bbox 148 3556 282 3625; x_wconf 90' lang='lat' dir='ltr'><strong>spectus</strong></span> <span class='ocrx_word' id='word_1_245' title='bbox 311 3541 450 3606; x_wconf 89' lang='lat' dir='ltr'><strong>habetur</strong></span> <span class='ocrx_word' id='word_1_246' title='bbox 479 3538 671 3607; x_wconf 86' lang='lat' dir='ltr'><strong>voluntatis.</strong></span> <span class='ocrx_word' id='word_1_247' title='bbox 717 3541 834 3621; x_wconf 89' lang='lat' dir='ltr'><strong>Itaque</strong></span> <span class='ocrx_word' id='word_1_248' title='bbox 856 3537 973 3605; x_wconf 88' lang='lat' dir='ltr'><strong>delicta</strong></span> <span class='ocrx_word' id='word_1_249' title='bbox 996 3537 1058 3603; x_wconf 92' lang='lat' dir='ltr'><strong>nisi</strong></span> <span class='ocrx_word' id='word_1_250' title='bbox 1093 3549 1210 3620; x_wconf 89' lang='lat' dir='ltr'><strong>sponte</strong></span> <span class='ocrx_word' id='word_1_251' title='bbox 1232 3553 1321 3600; x_wconf 91' lang='lat' dir='ltr'><strong>com·</strong></span> 
     </span>
     <span class='ocr_line' id='line_1_28' title="bbox 148 3645 1321 3735; baseline -0.008 -17"><span class='ocrx_word' id='word_1_252' title='bbox 148 3653 245 3719; x_wconf 87' lang='lat' dir='ltr'><strong>missa</strong></span> <span class='ocrx_word' id='word_1_253' title='bbox 266 3670 335 3717; x_wconf 91' lang='lat' dir='ltr'><strong>non</strong></span> <span class='ocrx_word' id='word_1_254' title='bbox 356 3651 548 3735; x_wconf 90' lang='lat' dir='ltr'><strong>puniuntur.</strong></span> <span class='ocrx_word' id='word_1_255' title='bbox 593 3650 695 3718; x_wconf 88' lang='lat' dir='ltr'><strong>Ratio</strong></span> <span class='ocrx_word' id='word_1_256' title='bbox 721 3665 771 3718; x_wconf 90' lang='lat' dir='ltr'><strong>est</strong></span> <span class='ocrx_word' id='word_1_257' title='bbox 792 3650 870 3733; x_wconf 86' lang='lat' dir='ltr'><strong>quia</strong></span> <span class='ocrx_word' id='word_1_258' title='bbox 890 3651 1009 3716; x_wconf 92' lang='lat' dir='ltr'><strong>malum</strong></span> <span class='ocrx_word' id='word_1_259' title='bbox 1028 3646 1217 3731; x_wconf 89' lang='lat' dir='ltr'><strong>rependitur</strong></span> <span class='ocrx_word' id='word_1_260' title='bbox 1233 3645 1321 3711; x_wconf 88' lang='lat' dir='ltr'><strong>sonti</strong></span> 
     </span>
     <span class='ocr_line' id='line_1_29' title="bbox 147 3757 1321 3846; baseline -0.003 -17"><span class='ocrx_word' id='word_1_261' title='bbox 147 3782 206 3846; x_wconf 92' lang='lat' dir='ltr'><strong>pro</strong></span> <span class='ocrx_word' id='word_1_262' title='bbox 225 3763 337 3844; x_wconf 85' lang='lat' dir='ltr'><strong>bon0‚</strong></span> <span class='ocrx_word' id='word_1_263' title='bbox 361 3763 452 3845; x_wconf 93' lang='lat' dir='ltr'><strong>quod</strong></span> <span class='ocrx_word' id='word_1_264' title='bbox 472 3782 538 3829; x_wconf 92' lang='lat' dir='ltr'><strong>non</strong></span> <span class='ocrx_word' id='word_1_265' title='bbox 561 3776 647 3829; x_wconf 89' lang='lat' dir='ltr'><strong>recte</strong></span> <span class='ocrx_word' id='word_1_266' title='bbox 669 3761 815 3846; x_wconf 90' lang='lat' dir='ltr'><strong>percepit</strong></span> <span class='ocrx_word' id='word_1_267' title='bbox 835 3757 870 3843; x_wconf 79' lang='lat'><strong>⁵,</strong></span> <span class='ocrx_word' id='word_1_268' title='bbox 891 3780 934 3827; x_wconf 84' lang='lat' dir='ltr'><strong>ex</strong></span> <span class='ocrx_word' id='word_1_269' title='bbox 953 3762 1038 3827; x_wconf 86' lang='lat' dir='ltr'><strong>malo</strong></span> <span class='ocrx_word' id='word_1_270' title='bbox 1060 3758 1186 3826; x_wconf 92' lang='lat' dir='ltr'><strong>scilicet</strong></span> <span class='ocrx_word' id='word_1_271' title='bbox 1204 3757 1321 3825; x_wconf 83' lang='lat' dir='ltr'><strong>alieno.</strong></span> 
     </span>
     <span class='ocr_line' id='line_1_30' title="bbox 148 3871 1322 3957; baseline -0.004 -17"><span class='ocrx_word' id='word_1_272' title='bbox 148 3876 227 3942; x_wconf 90' lang='lat' dir='ltr'><strong>Non</strong></span> <span class='ocrx_word' id='word_1_273' title='bbox 248 3888 359 3957; x_wconf 86' lang='lat' dir='ltr'><strong>potest</strong></span> <span class='ocrx_word' id='word_1_274' title='bbox 375 3888 483 3941; x_wconf 90' lang='lat' dir='ltr'><strong>autem</strong></span> <span class='ocrx_word' id='word_1_275' title='bbox 503 3873 620 3942; x_wconf 87' lang='lat' dir='ltr'><strong>lucrari</strong></span> <span class='ocrx_word' id='word_1_276' title='bbox 637 3875 772 3941; x_wconf 87' lang='lat' dir='ltr'><strong>alterius</strong></span> <span class='ocrx_word' id='word_1_277' title='bbox 790 3871 1032 3940; x_wconf 89' lang='lat' dir='ltr'><strong>incommodum</strong></span> <span class='ocrx_word' id='word_1_278' title='bbox 1052 3871 1228 3954; x_wconf 89' lang='lat' dir='ltr'><strong>quisquam</strong></span> <span class='ocrx_word' id='word_1_279' title='bbox 1247 3889 1322 3936; x_wconf 89' lang='lat' dir='ltr'><strong>cen-</strong></span> 
     </span>
     <span class='ocr_line' id='line_1_31' title="bbox 147 3981 1321 4072; baseline -0.005 -20"><span class='ocrx_word' id='word_1_280' title='bbox 147 3987 233 4068; x_wconf 83' lang='lat' dir='ltr'><strong>seri,</strong></span> <span class='ocrx_word' id='word_1_281' title='bbox 258 3986 318 4069; x_wconf 86' lang='lat' dir='ltr'><strong>qui</strong></span> <span class='ocrx_word' id='word_1_282' title='bbox 337 3985 408 4072; x_wconf 85' lang='lat' dir='ltr'><strong>ejus</strong></span> <span class='ocrx_word' id='word_1_283' title='bbox 427 4004 495 4054; x_wconf 91' lang='lat' dir='ltr'><strong>non</strong></span> <span class='ocrx_word' id='word_1_284' title='bbox 519 4002 636 4072; x_wconf 90' lang='lat' dir='ltr'><strong>sponte</strong></span> <span class='ocrx_word' id='word_1_285' title='bbox 657 4000 771 4054; x_wconf 90' lang='lat' dir='ltr'><strong>auctor</strong></span> <span class='ocrx_word' id='word_1_286' title='bbox 792 3984 869 4052; x_wconf 89' lang='lat' dir='ltr'><strong>fuit.</strong></span> <span class='ocrx_word' id='word_1_287' title='bbox 914 3983 992 4050; x_wconf 90' lang='lat' dir='ltr'><strong>Huc</strong></span> <span class='ocrx_word' id='word_1_288' title='bbox 1015 3981 1117 4069; x_wconf 85' lang='lat' dir='ltr'><strong>igitur</strong></span> <span class='ocrx_word' id='word_1_289' title='bbox 1135 4001 1203 4049; x_wconf 91' lang='lat' dir='ltr'><strong>non</strong></span> <span class='ocrx_word' id='word_1_290' title='bbox 1224 4000 1321 4048; x_wconf 89' lang='lat' dir='ltr'><strong>omne</strong></span> 
     </span>
    </p>
   </div>
   <div class='ocr_carea' id='block_1_3' title="bbox 154 4229 1320 4564">
    <p class='ocr_par' dir='ltr' id='par_1_3' title="bbox 154 4229 1320 4564">
     <span class='ocr_line' id='line_1_32' title="bbox 187 4229 1320 4298; baseline -0.004 -16"><span class='ocrx_word' id='word_1_291' title='bbox 187 4232 280 4282; x_wconf 85' lang='lat' dir='ltr'><strong>¹Bart.</strong></span> <span class='ocrx_word' id='word_1_292' title='bbox 298 4234 331 4283; x_wconf 89' lang='lat' dir='ltr'><strong>ad</strong></span> <span class='ocrx_word' id='word_1_293' title='bbox 347 4236 365 4281; x_wconf 91' lang='lat'><strong>1.</strong></span> <span class='ocrx_word' id='word_1_294' title='bbox 382 4244 410 4283; x_wconf 93' lang='lat' dir='ltr'><strong>ut</strong></span> <span class='ocrx_word' id='word_1_295' title='bbox 425 4232 530 4298; x_wconf 68' lang='lat' dir='ltr'><strong>vimff.</strong></span> <span class='ocrx_word' id='word_1_296' title='bbox 548 4235 579 4283; x_wconf 90' lang='lat' dir='ltr'><strong>de</strong></span> <span class='ocrx_word' id='word_1_297' title='bbox 596 4233 653 4292; x_wconf 79' lang='lat' dir='ltr'><strong>just.</strong></span> <span class='ocrx_word' id='word_1_298' title='bbox 668 4235 711 4298; x_wconf 92' lang='lat' dir='ltr'><strong>[D.</strong></span> <span class='ocrx_word' id='word_1_299' title='bbox 732 4248 753 4283; x_wconf 91' lang='lat'><strong>1.</strong></span> <span class='ocrx_word' id='word_1_300' title='bbox 774 4249 795 4284; x_wconf 87' lang='lat' dir='ltr'><strong>r.</strong></span> <span class='ocrx_word' id='word_1_301' title='bbox 814 4234 849 4296; x_wconf 78' lang='lat'><strong>³·]</strong></span> <span class='ocrx_word' id='word_1_302' title='bbox 865 4247 890 4282; x_wconf 90' lang='lat' dir='ltr'><strong>n.</strong></span> <span class='ocrx_word' id='word_1_303' title='bbox 911 4246 932 4281; x_wconf 93' lang='lat'><strong>1.</strong></span> <span class='ocrx_word' id='word_1_304' title='bbox 950 4233 1019 4280; x_wconf 77' lang='lat' dir='ltr'><strong>Bald.</strong></span> <span class='ocrx_word' id='word_1_305' title='bbox 1035 4232 1074 4279; x_wconf 90' lang='lat' dir='ltr'><strong>ad.</strong></span> <span class='ocrx_word' id='word_1_306' title='bbox 1085 4231 1102 4277; x_wconf 94' lang='lat' dir='ltr'><strong>l.</strong></span> <span class='ocrx_word' id='word_1_307' title='bbox 1121 4242 1142 4277; x_wconf 91' lang='lat'><strong>1.</strong></span> <span class='ocrx_word' id='word_1_308' title='bbox 1160 4231 1190 4278; x_wconf 87' lang='lat' dir='ltr'><strong>C.</strong></span> <span class='ocrx_word' id='word_1_309' title='bbox 1203 4231 1270 4278; x_wconf 91' lang='lat' dir='ltr'><strong>unde</strong></span> <span class='ocrx_word' id='word_1_310' title='bbox 1283 4229 1320 4279; x_wconf 89' lang='lat' dir='ltr'><strong>vi.</strong></span> 
     </span>
     <span class='ocr_line' id='line_1_33' title="bbox 155 4317 1319 4388; baseline -0.002 -16"><span class='ocrx_word' id='word_1_311' title='bbox 155 4323 196 4385; x_wconf 86' lang='lat' dir='ltr'><strong>[C.</strong></span> <span class='ocrx_word' id='word_1_312' title='bbox 220 4327 243 4373; x_wconf 89' lang='lat'><strong>8.</strong></span> <span class='ocrx_word' id='word_1_313' title='bbox 256 4325 295 4388; x_wconf 91' lang='lat'><strong>4.]</strong></span> <span class='ocrx_word' id='word_1_314' title='bbox 312 4338 338 4373; x_wconf 90' lang='lat' dir='ltr'><strong>n.</strong></span> <span class='ocrx_word' id='word_1_315' title='bbox 360 4336 400 4381; x_wconf 86' lang='lat' dir='ltr'><strong>so.</strong></span> <span class='ocrx_word' id='word_1_316' title='bbox 434 4321 444 4356; x_wconf 77' lang='lat'>²</span> <span class='ocrx_word' id='word_1_317' title='bbox 462 4337 485 4374; x_wconf 92' lang='lat' dir='ltr'><strong>c.</strong></span> <span class='ocrx_word' id='word_1_318' title='bbox 502 4324 524 4374; x_wconf 88' lang='lat' dir='ltr'><strong>si</strong></span> <span class='ocrx_word' id='word_1_319' title='bbox 539 4324 658 4374; x_wconf 88' lang='lat' dir='ltr'><strong>furiosus.</strong></span> <span class='ocrx_word' id='word_1_320' title='bbox 677 4327 707 4374; x_wconf 91' lang='lat' dir='ltr'><strong>de</strong></span> <span class='ocrx_word' id='word_1_321' title='bbox 724 4325 819 4375; x_wconf 89' lang='lat' dir='ltr'><strong>lromic.</strong></span> <span class='ocrx_word' id='word_1_322' title='bbox 838 4326 931 4386; x_wconf 86' lang='lat' dir='ltr'><strong>[clem.</strong></span> <span class='ocrx_word' id='word_1_323' title='bbox 952 4325 969 4370; x_wconf 92' lang='lat' dir='ltr'><strong>l.</strong></span> <span class='ocrx_word' id='word_1_324' title='bbox 988 4334 1011 4379; x_wconf 86' lang='lat'><strong>5.</strong></span> <span class='ocrx_word' id='word_1_325' title='bbox 1029 4333 1047 4370; x_wconf 87' lang='lat' dir='ltr'><strong>t.</strong></span> <span class='ocrx_word' id='word_1_326' title='bbox 1064 4320 1102 4383; x_wconf 83' lang='lat'><strong>4.]</strong></span> <span class='ocrx_word' id='word_1_327' title='bbox 1136 4317 1147 4350; x_wconf 79' lang='lat'>⁸</span> <span class='ocrx_word' id='word_1_328' title='bbox 1165 4321 1277 4368; x_wconf 83' lang='lat' dir='ltr'><strong>Declam.</strong></span> <span class='ocrx_word' id='word_1_329' title='bbox 1294 4335 1319 4383; x_wconf 87' lang='lat'><strong>9.</strong></span> 
     </span>
     <span class='ocr_line' id='line_1_34' title="bbox 154 4411 1319 4479; baseline -0.003 -15"><span class='ocrx_word' id='word_1_330' title='bbox 154 4414 223 4476; x_wconf 87' lang='lat' dir='ltr'><strong>[Non</strong></span> <span class='ocrx_word' id='word_1_331' title='bbox 237 4427 275 4464; x_wconf 87' lang='lat' dir='ltr'><strong>est</strong></span> <span class='ocrx_word' id='word_1_332' title='bbox 288 4415 313 4464; x_wconf 90' lang='lat' dir='ltr'><strong>in</strong></span> <span class='ocrx_word' id='word_1_333' title='bbox 326 4417 439 4464; x_wconf 88' lang='lat' dir='ltr'><strong>Declam.</strong></span> <span class='ocrx_word' id='word_1_334' title='bbox 451 4429 493 4479; x_wconf 90' lang='lat'><strong>9.‚</strong></span> <span class='ocrx_word' id='word_1_335' title='bbox 511 4418 555 4467; x_wconf 89' lang='lat' dir='ltr'><strong>sed</strong></span> <span class='ocrx_word' id='word_1_336' title='bbox 573 4416 599 4466; x_wconf 91' lang='lat' dir='ltr'><strong>in</strong></span> <span class='ocrx_word' id='word_1_337' title='bbox 618 4418 743 4466; x_wconf 86' lang='lat' dir='ltr'><strong>Controv.</strong></span> <span class='ocrx_word' id='word_1_338' title='bbox 761 4419 778 4464; x_wconf 92' lang='lat' dir='ltr'><strong>l.</strong></span> <span class='ocrx_word' id='word_1_339' title='bbox 798 4430 823 4478; x_wconf 90' lang='lat'><strong>4.</strong></span> <span class='ocrx_word' id='word_1_340' title='bbox 836 4429 903 4465; x_wconf 91' lang='lat' dir='ltr'><strong>num.</strong></span> <span class='ocrx_word' id='word_1_341' title='bbox 916 4427 956 4473; x_wconf 82' lang='lat'><strong>27.</strong></span> <span class='ocrx_word' id='word_1_342' title='bbox 974 4428 1000 4476; x_wconf 87' lang='lat' dir='ltr'><strong>p.</strong></span> <span class='ocrx_word' id='word_1_343' title='bbox 1019 4412 1088 4474; x_wconf 69' lang='lat' dir='ltr'><strong>aaa]</strong></span> <span class='ocrx_word' id='word_1_344' title='bbox 1122 4411 1177 4460; x_wconf 91' lang='lat' dir='ltr'><strong>⁴ad</strong></span> <span class='ocrx_word' id='word_1_345' title='bbox 1189 4413 1205 4458; x_wconf 92' lang='lat' dir='ltr'><strong>l.</strong></span> <span class='ocrx_word' id='word_1_346' title='bbox 1221 4425 1242 4460; x_wconf 90' lang='lat'><strong>1.</strong></span> <span class='ocrx_word' id='word_1_347' title='bbox 1255 4421 1280 4459; x_wconf 89' lang='lat' dir='ltr'><strong>et</strong></span> <span class='ocrx_word' id='word_1_348' title='bbox 1296 4426 1319 4460; x_wconf 83' lang='lat' dir='ltr'><strong>a.</strong></span> 
     </span>
     <span class='ocr_line' id='line_1_35' title="bbox 155 4505 416 4564; baseline 0 -10"><span class='ocrx_word' id='word_1_349' title='bbox 155 4505 268 4556; x_wconf 69' lang='lat' dir='ltr'><strong>⁸videl.</strong></span> <span class='ocrx_word' id='word_1_350' title='bbox 283 4506 416 4564; x_wconf 85' lang='lat' dir='ltr'><strong>5.i11c.2.</strong></span> 
     </span>
    </p>
   </div>
   <div class='ocr_carea' id='block_1_4' title="bbox 0 0 1662 5494">
    <p class='ocr_par' dir='ltr' id='par_1_4' title="bbox 0 0 1662 5494">
     <span class='ocr_line' id='line_1_36' title="bbox 0 0 1662 5494; baseline 0 0"><span class='ocrx_word' id='word_1_351' title='bbox 0 0 1662 5494; x_wconf 95' lang='lat' dir='ltr'><strong> </strong></span> 
     </span>
    </p>
   </div>
  </div>
 </body>
</html>
