3362 5504
427 615 473 660 DE
497 616 590 680 JURE
616 617 798 662 PRAEDAE·
822 617 902 663 CAP.
928 617 1000 662 XIV.
1220 622 1225 631 “
1255 613 1318 680 305

136 771 272 854 jurium
295 782 365 833 tom
389 784 436 835 est
458 772 495 833 io
520 773 623 850 titio,
648 782 747 854 quom
770 771 829 835 ille
852 775 910 856 qui
925 771 1030 854 fucit.
1077 771 1122 835 Et
1144 770 1231 836 sicut
1255 772 1317 836 hoc

145 881 184 946 de
197 881 308 960 socio,
322 880 365 946 ita
378 882 418 946 de
441 881 545 964 patria
567 883 734 947 luculenta
758 897 835 947 sunt
858 882 917 947 ista
931 881 1037 947 Tullii
1054 886 1062 918 ¹
1077 881 1109 947 in
1125 882 1318 948 Catilinam:

147 993 184 1057 Si
207 1015 263 1058 uos
287 999 323 1058 io
346 994 616 1074 bisbomiuibus,
642 998 700 1078 qui
723 994 874 1080 singulos
898 995 1318 1079 uniuscujusqueuostrum

147 1103 255 1169 domos
279 1119 309 1169 et
334 1107 391 1169 boe
416 1109 607 1172 uuiversum
632 1105 833 1190 reipublicae
856 1105 1058 1171 domicilium
1080 1106 1188 1172 delere
1208 1110 1321 1170 eonati

148 1229 249 1297 suot,
274 1218 547 1282 uehementissimi
560 1217 755 1301 fuerimus,
781 1217 1007 1283 misericordes
1028 1219 1246 1282 habebimur:
1271 1221 1322 1282 siu

151 1331 352 1392 remissiores
387 1349 451 1393 esse
484 1329 714 1410 uoluerimus,
735 1350 879 1394 summoe
914 1330 1004 1394 uobis
1037 1328 1253 1395 crudelitatis
1286 1333 1323 1393 iro

147 1444 288 1526 patrioe
310 1443 495 1525 civiumque
512 1441 801 1525 perniciemfomo
814 1441 983 1507 subeundo
996 1456 1053 1506 est.
1076 1441 1121 1506 Et
1132 1440 1322 1526 Augustino

150 1552 262 1636 judice
287 1552 349 1616 hoc
374 1551 431 1633 qui
455 1550 554 1632 facit,
579 1572 653 1618 reus
678 1567 727 1618 est
750 1552 875 1635 imperii
893 1553 1017 1619 deserti
1037 1568 1136 1636 atque
1156 1553 1323 1618 contemti.

152 1665 297 1749 ltaque,
331 1665 468 1750 subjicit
488 1667 522 1744 ²,
557 1664 642 1730 uuo'e
668 1668 817 1748 punitur
850 1669 878 1729 si
906 1665 1031 1749 fhoerit
1055 1667 1223 1751 injussus,
1248 1664 1325 1730 inde

147 1780 315 1862 punietur
332 1781 361 1840 si
380 1799 443 1840 ooo
455 1778 580 1861 feeerit
591 1778 719 1860 jussus.
757 1777 873 1842 Altero
894 1778 968 1843 loco
988 1777 1206 1860 inspiciendae
1227 1792 1324 1856 sunt,

153 1903 188 1952 ut
221 1887 313 1969 dixi,
338 1908 513 1971 personae,
537 1908 620 1970 quae
651 1887 777 1970 priores
810 1905 1006 1955 nocuerunt.
1053 1890 1140 1954 Nam
1170 1890 1198 1954 si
1222 1890 1326 1972 liquet

156 2020 208 2067 eas
242 2000 375 2085 lenitate
407 2020 473 2066 non
505 2000 647 2084 corrigi,
681 2000 708 2065 si
743 2020 778 2065 ea
803 2017 881 2067 sunt
904 2001 1002 2066 animi
1026 2001 1232 2084 pervicacia,
1265 2017 1324 2082 ut,

153 2113 246 2194 quod
271 2113 304 2177 in
327 2113 426 2178 mimo
451 2093 519 2192 est,

324 2224 473 2290 Veterem
497 2224 641 2309 ferendo
674 2227 838 2310 iujuriam
872 2229 993 2305 invites
1025 2246 1164 2308 uotum,

157 2336 240 2402 ultio
266 2325 353 2402 sane*
362 2337 413 2404 sui
434 2337 570 2402 honesta
591 2351 655 2418 est,
677 2337 755 2419 quia
773 2337 965 2404 necessaria.
1012 2338 1049 2402 In
1075 2358 1171 2419 quam
1197 2352 1325 2404 senten-

152 2430 230 2513 tiam
245 2448 596 2532 Thucydides³multa
621 2451 781 2530 praeclare
805 2449 913 2529 dixit,
939 2463 971 2514 et
991 2450 1076 2514 inter
1096 2465 1218 2514 caetera
1243 2449 1326 2514 illud

153 2561 186 2624 in
201 2561 337 2625 Cleonis
350 2561 507 2626 concione
520 2561 702 2644 sapienter,
726 2561 948 2627 misericordia
970 2576 1001 2628 et
1023 2562 1156 2627 lenitate
1182 2583 1322 2644 aequum

154 2693 223 2739 esse
248 2673 281 2737 in
305 2673 379 2739 illos
402 2673 473 2753 uti,
494 2674 551 2754 qui
577 2689 608 2738 et
631 2673 694 2755 ipsi
714 2673 858 2739 vicissim
881 2673 1103 2738 misericordia
1125 2689 1323 2754 moventur,

153 2800 210 2850 aut
227 2805 311 2867 quos
327 2805 401 2868 spes
423 2801 471 2852 est
489 2807 524 2850 ea
545 2807 578 2850 re
597 2787 637 2851 ad
657 2786 830 2851 amicitiam
847 2786 991 2868 pertrahi
1008 2804 1126 2868 posse,
1147 2805 1213 2850 non
1227 2786 1323 2851 etiam

154 2896 187 2961 in
211 2897 295 2976 hos,
316 2899 439 2979 quibus
459 2912 615 2980 perpetua
637 2898 704 2964 odii
727 2917 823 2964 causa
847 2912 918 2977 est,
940 2898 1087 2980 quique,
1105 2897 1131 2963 si
1150 2896 1229 2980 ipsis
1248 2919 1321 2980 par-

153 3023 268 3088 catur,
287 3029 353 3075 non
378 3030 415 3075 eo
438 3009 540 3093 magis
561 3012 674 3076 hostes
698 3030 769 3076 esse
793 3009 952 3075 desinent.
999 3008 1069 3096 Qui
1094 3024 1125 3074 et
1148 3009 1225 3074 alibi
1245 3009 1256 3044 ⁴
1277 3009 1326 3074 in-

155 3122 285 3201 culcat,
309 3121 391 3187 nihil
424 3121 511 3188 hosti
535 3122 805 3202 concedendum,
830 3142 869 3186 ne
897 3142 932 3186 se
951 3122 1052 3205 Jactet
1075 3121 1271 3188 insolentius
1296 3136 1328 3186 et

155 3235 294 3299 oblatam
308 3234 370 3299 sibi
394 3235 532 3319 gaudeat
552 3235 757 3300 occasionem
783 3235 885 3300 aliena
906 3233 1052 3300 bonitate
1072 3233 1235 3300 abutendi.
1261 3236 1327 3299 Ac-

155 3345 245 3410 cedit
268 3347 359 3427 quod
382 3342 612 3412 existimamur
627 3317 837 3412 infirmitatis*
854 3347 966 3429 potius
990 3361 1118 3412 nostrae
1131 3346 1330 3413 conscientia

156 3457 308 3522 hostibus
328 3458 501 3525 obstinatis
523 3458 730 3541 pepercisse,
752 3479 848 3541 quam
865 3459 956 3540 quod
969 3458 1096 3524 veniam
1111 3461 1199 3524 ultro
1211 3457 1330 3525 facere-

156 3590 252 3652 mus,
286 3571 385 3636 etita
417 3571 564 3636 affectata
596 3570 741 3636 lenitatis
769 3569 852 3636 fama
886 3571 919 3635 in
945 3585 1144 3637 contemtum
1170 3571 1329 3637 vertitur:

156 3683 242 3747 unde
277 3681 364 3764 apud
398 3683 622 3749 Herodianum
658 3683 818 3749 Severus:
853 3683 942 3767 ὥςπερ
975 3688 1005 3752 δὲ
1037 3684 1132 3752 toruo
1164 3689 1197 3752 rb
1230 3685 1330 3768 ἄρχειν

89 3855 98 3864 .
155 3798 242 3879 ἔργων
285 3804 422 3878 πονηρῶν,
466 3797 552 3870 obrue
593 3796 724 3879 ἄνανδρον
754 3799 787 3864 rb
819 3799 860 3878 pir
893 3799 1052 3877 ἀμύνεσθαι
1087 3799 1330 3878 προνδνκρύρνεννν.

160 3906 270 3971 Sicuti
290 3908 451 3992 injustum
472 3921 516 3970 est
530 3907 632 3991 foetu
653 3911 755 3971 noxio
771 3911 921 3993 priorem
941 3911 1099 3993 eoepisse,
1124 3911 1176 3971 ito
1205 3906 1333 3971 imbelle

164 4040 228 4083 ooo
253 4019 369 4083 ulcisci
391 4019 511 4084 illotos
536 4021 699 4103 injurios.
747 4018 860 4105 Quid,
897 4018 924 4082 si
948 4032 980 4082 et
1004 4018 1172 4101 ipsorum,
1197 4017 1255 4099 qui
1279 4017 1333 4082 de·

160 4258 343 4266 —.--——-—-

199 4407 206 4438 ¹
229 4406 255 4454 in
275 4406 351 4454 Catil.
367 4419 391 4466 4.
413 4404 448 4468 [c.
467 4407 490 4452 6.
509 4409 530 4462 §.
552 4405 602 4466 sa]
639 4402 649 4436 ²
667 4407 697 4453 de
719 4405 791 4454 civit.
807 4405 865 4452 Dei.
882 4404 927 4452 lib.
946 4418 967 4452 1.
983 4417 1005 4452 c.
1022 4403 1061 4451 ab.
1097 4401 1107 4434 ³
1123 4403 1168 4450 lib.
1186 4415 1208 4460 3.
1228 4402 1263 4466 [c.
1280 4402 1334 4466 4o.]

160 4497 170 4527 ⁴
194 4498 310 4557 Thucyd.
329 4497 375 4545 lib.
395 4509 418 4552 5.
437 4496 463 4543 in
482 4499 543 4543 coll.
560 4499 618 4543 Ath.
636 4508 660 4544 et
676 4498 738 4544 Mel.
759 4495 793 4558 [c.
809 4509 849 4559 95.
865 4507 890 4544 et
907 4510 928 4543 c.
941 4496 994 4557 97.]
1072 4555 1073 4560 ¹

1165 4606 1205 4651 20
