3310 5482
664 625 825 668 eustatio.
1305 633 1335 674 rx

159 797 214 854 lari
236 795 431 869 contendant3
454 795 577 856 Batavos
598 808 701 856 contra
721 798 786 872 jure
806 799 913 858 bellurn
935 798 1043 860 inferre
1066 801 1229 874 Lusitanis,
1250 805 1330 878 quod

159 901 205 958 illi
228 901 347 960 liberam
368 917 447 959 suant
468 901 682 976 navigationem
704 902 844 977 impedire
865 902 1010 963 studeant.

201 1005 317 1062 Ultima
345 1005 401 1062 tria
428 1021 501 1078 quae
521 1016 684 1078 sequuntur
704 1008 798 1081 capita
819 1005 979 1066 ostendunt
999 1008 1108 1067 bellurn
1129 1011 1159 1068 in
1178 1012 1337 1070 Lusitanos

159 1120 190 1167 et
219 1107 436 1182 praedationem
454 1126 519 1179 ‚non
550 1121 663 1169 tantum
691 1111 794 1185 iustam
823 1129 899 1183 esse,
927 1111 974 1172 sed
1005 1114 1151 1172 honestam
1173 1125 1203 1172 et
1225 1115 1338 1174 utilem.

160 1213 224 1271 Vix
252 1229 326 1286 opus
345 1224 388 1271 est
406 1229 539 1282 monere,
566 1213 655 1289 ipsam
684 1231 797 1300 causam
817 1216 865 1273 hic
885 1217 931 1290 agi
950 1227 980 1275 et
1009 1232 1106 1276 rerum
1128 1227 1234 1277 statum
1258 1219 1337 1278 illius

161 1317 301 1390 temporis
329 1316 465 1376 describi.
507 1318 587 1376 Haec
615 1334 680 1393 pars
706 1335 764 1378 non
792 1319 887 1393 magni
916 1320 1054 1378 momenti
1081 1333 1138 1392 est,
1167 1319 1217 1380 sed
1243 1333 1336 1380 tamen

160 1431 286 1496 propter
312 1419 444 1484 vividum
474 1434 636 1497 temporum
664 1423 832 1497 imaginem,
854 1439 942 1497 quarn
963 1423 1047 1481 nobis
1070 1424 1098 1482 in
1120 1439 1153 1481 ea
1185 1426 1338 1498 proposuit

166 1537 287 1595 auctor,
308 1523 395 1583 hodie
415 1541 532 1600 quoque
554 1527 611 1600 legi
632 1538 769 1586 merctur.

203 1629 321 1687 Auctor
350 1629 597 1688 Commentarium
625 1630 743 1704 scripsit
772 1630 865 1688 hieme
894 1630 963 1688 anni
995 1630 1071 1704 1604
1098 1641 1127 1688 et
1148 1631 1247 1704 primis
1268 1632 1337 1690 anni

162 1733 312 1806 sequentis
332 1732 487 1792 mensibus.
517 1734 582 1808 Ipsa
601 1733 663 1807 ejus
684 1733 773 1792 verba
795 1733 825 1792 id
847 1732 1007 1792 declarant.
1038 1733 1197 1792 Mauritius
1220 1734 1337 1793 Clusam

162 1848 281 1912 ceperat
310 1835 358 1896 die
387 1853 422 1896 21
455 1838 559 1896 mensis
588 1838 734 1911 Augusti,
762 1853 839 1895 anno
872 1838 958 1911 1604.
1000 1835 1033 1894 ld
1055 1851 1070 1895 a
1091 1838 1199 1896 Grotio
1229 1836 1338 1898 dicitur

161 1953 267 2016 „capta
288 1957 382 2015 nuper
404 1940 525 2001 Clusa’'.
566 1941 650 2000 Nihil
672 1943 702 1999 ln
725 1953 809 2000 textu
820 1942 945 2000 mutavit
955 1939 1127 2001 veladdidit
1138 1953 1204 2015 post
1214 1958 1337 2001 mensem

162 2045 363 2104 Nouembrem
384 2046 452 2103 anni
479 2046 571 2116 1608,
590 2062 650 2119 quo
671 2057 801 2120 tempore
822 2056 911 2120 caput
924 2045 987 2118 ejus
999 2043 1201 2104 duodecimum
1212 2062 1338 2107 seorsum

162 2151 277 2224 vulgari
298 2149 393 2223 jussit.

203 2252 293 2312 Unde
322 2253 432 2312 factum
461 2253 514 2322 sit,
535 2265 569 2312 ut
589 2269 682 2327 opus,
704 2251 785 2327 quod
807 2252 933 2328 scriptor
955 2264 1049 2313 toturn
1071 2255 1257 2323 absolvisset,
1278 2272 1336 2314 non

162 2356 318 2429 ederetur,
339 2356 426 2416 hodie
447 2374 502 2432 pro
522 2369 605 2416 certo
626 2355 723 2416 dicere
744 2374 803 2415 non
826 2373 986 2432 possumus.
1017 2358 1154 2418 Fruinius
1175 2360 1338 2433 suspicatur

165 2463 320 2521 Societatis
349 2473 476 2521 rectores
503 2449 696 2531 intellexisse,
726 2460 858 2536 praedam
885 2463 986 2522 melius
1006 2461 1149 2522 vindicari
1170 2464 1288 2522 silentio
1308 2475 1338 2522 et

164 2567 354 2642 possessionis
376 2566 558 2637 inhaesione,
578 2583 663 2640 quarn
685 2567 805 2640 scripto.
838 2564 941 2626 Codex
953 2567 1039 2626 etiam
1050 2567 1080 2625 in
1092 2568 1200 2626 scrinio
1210 2567 1339 2642 jacebat,

163 2688 230 2729 cum
261 2683 392 2744 tempora
422 2671 592 2744 scriptorem
621 2673 791 2738 moverunt,
821 2681 854 2729 ut
884 2671 1035 2744 separatim
1056 2689 1147 2730 unum
1167 2672 1228 2745 ejus
1249 2682 1338 2746 caput

165 2778 310 2848 vulgaret
331 2778 399 2854 Quo
410 2776 534 2833 consilio
545 2773 575 2832 id
586 2773 710 2834 ediderit
722 2775 902 2834 manifestum
914 2791 929 2832 e
941 2778 1025 2845 loco,
1044 2792 1131 2848 quem
1143 2775 1337 2848 Visseringius

165 2881 272 2939 citavit
293 2897 330 2938 ex
351 2880 450 2938 Grotii
471 2881 563 2938 Maris
585 2880 669 2937 liberi
690 2878 858 2938 defensione
878 2877 1014 2938 adversus
1035 2877 1238 2947 Welwodum,
1257 2878 1337 2951 quod

164 2988 337 3059 opusculum
368 2985 430 3058 ejus
469 2985 553 3042 simul
584 2999 652 3042 cum
685 2983 893 3042 Commentarii
925 2983 1106 3057 autographo
1137 2983 1337 3042 Bibliothecae

67 3171 71 3180 .
165 3087 313 3164 Lugduno
335 3091 459 3148 Batavae
480 3100 588 3147 emtum
609 3100 662 3147 est.
704 3087 748 3145 lbi
770 3090 909 3162 leguntur
930 3087 1017 3145 haec:

204 3296 289 3355 Ante
310 3315 399 3356 annos
419 3299 549 3370 aliquot,
570 3315 632 3356 cum
652 3295 779 3354 riderem
800 3298 925 3369 ingentis
947 3311 1003 3351 esse
1025 3297 1159 3353 momenti
1166 3293 1209 3351 ad
1212 3297 1337 3369 patriae

164 3409 354 3462 securitatem
381 3402 503 3473 Indiae,
531 3419 607 3474 quae
638 3401 799 3458 Orientalis
824 3399 951 3468 dicitur,
979 3403 1189 3467 commercium,
1221 3397 1253 3456 id
1270 3416 1336 3455 uero

164 3511 361 3566 commercium
382 3511 454 3565 satis
474 3517 634 3583 appareret
655 3505 856 3564 obsistentibus
872 3516 927 3578 per
947 3507 1005 3560 uim
1026 3513 1116 3574 atque
1136 3501 1254 3560 insidias
1277 3500 1336 3559 Lu·

164 3617 269 3671 titanis
298 3617 358 3670 sine
386 3617 477 3669 armis
503 3615 630 3670 retineri
657 3627 711 3666 non
736 3621 832 3684 posse,
859 3621 974 3683 operam
1001 3606 1067 3665 dedi
1094 3618 1129 3664 ut
1156 3606 1199 3664 ad
1226 3606 1336 3664 tuenda

161 3714 307 3791 fortiter,
328 3734 404 3789 quae
413 3727 477 3774 tarn
485 3712 620 3789 feliciter
629 3718 800 3790 coepissent,
821 3724 982 3770 nostrorum
992 3716 1101 3772 animus
1111 3710 1337 3785 inflammarem,

161 3825 310 3896 proposita
339 3822 373 3878 ob
402 3821 491 3878 ocutos
519 3837 624 3877 causae
653 3823 739 3894 ipsius
764 3818 888 3892 justitia
909 3828 939 3874 et
960 3820 1130 3888 aequitate,
1161 3814 1236 3874 unde
1257 3819 1338 3872 nasci

164 3923 198 3979 τὰ
219 3921 323 3980 εὔελπι
344 3936 422 3982 recte
442 3941 463 3980 a
483 3925 630 3982 ueteribus
650 3922 796 3980 traditum
813 3921 1028 3980 existimabam.
1047 3921 1149 3993 Igitur
1159 3931 1189 3977 et
1199 3923 1335 3977 uniuersa

166 4030 235 4087 belli
249 4027 438 4105 praedaeque
452 4028 529 4102 jura
550 4040 580 4086 et
601 4025 753 4086 historiam
775 4043 888 4095 eorum,
909 4043 984 4098 quae
1006 4023 1144 4082 Lusitani
1154 4041 1235 4082 saeue
1245 4036 1335 4096 atque

164 4133 322 4191 crudeliter
343 4137 373 4190 t'n
396 4144 503 4191 nostros
519 4143 754 4208 perpetrassent,
776 4133 926 4202 multaque
943 4131 1007 4187 alia
1018 4128 1060 4186 ad
1069 4125 1120 4186 hoc
1130 4141 1335 4204 argumentum

160 4241 346 4312 pertinentia
378 4254 460 4295 eram
486 4249 654 4313 persecutus
680 4237 773 4310 amplo
804 4239 876 4293 satis
904 4237 1122 4301 commentario,
1150 4250 1232 4305 quem
1253 4231 1335 4290 edere

166 4340 307 4401 hactenus
328 4340 481 4416 supersedi.
521 4340 568 4398 Aa
596 4359 659 4398 cum
676 4352 740 4414 post
761 4341 913 4411 aliquanto
934 4339 974 4394 ab
996 4336 1133 4412 Hispanis
1154 4350 1211 4412 spes
1231 4338 1334 4410 aliqua

164 4450 284 4520 patriae
304 4458 505 4504 ostentaretur
522 4450 603 4520 pacis
624 4458 679 4504 aut
697 4444 897 4512 induciarum,
920 4441 969 4500 sed
977 4443 1016 4500 ab
1027 4440 1124 4500 iisdem
1130 4443 1334 4517 postularetur
