3316 5494
456 633 503 682 on
527 632 620 703 June
646 625 829 682 annuntio.
854 635 936 682 car.
958 633 992 682 x.
1258 636 1317 702 159

646 790 803 877 Superest
821 797 885 877 pr'o
908 793 1072 877 sauguine
1092 809 1236 870 merces,
1281 792 1319 876 'ii

225 896 334 982 Quam
352 913 541 965 monstrare
563 921 668 966 meum
686 915 731 966 est
744 923 756 966 :
779 923 836 966 nee
859 905 944 966 euim
968 900 1094 968 donare
1112 903 1232 970 roaaba
1303 954 1305 958 .

225 1009 323 1096 Quod
340 1013 406 1077 stur
426 1015 563 1098 quisque
585 1011 682 1078 dabre
702 1011 725 1078 ¹.

187 1123 283 1190 liello
315 1123 407 1189 civili
441 1123 505 1189 alio
535 1122 683 1190 Flaviani
708 1123 749 1189 ad
770 1124 962 1190 Cremonam
984 1124 1096 1209 ducti,
1121 1143 1317 1208 quamquam

143 1253 213 1302 nox
248 1235 412 1318 instabat,
447 1234 610 1301 coloniam
641 1235 776 1302 divitem
799 1234 924 1319 impetu
941 1238 1061 1304 volunt
1083 1257 1218 1321 capere,
1240 1237 1319 1320 quia

144 1348 251 1434 major
281 1362 366 1414 esset
393 1367 452 1430 per
478 1348 626 1414 tenebras
645 1346 792 1430 rapiendi
813 1346 965 1415 licentia:
989 1348 1087 1414 veriti
1108 1349 1257 1432 alioquin
1278 1367 1318 1414 ne

144 1479 227 1542 opes
248 1457 520 1525 Cremonensium
542 1458 576 1524 in
593 1459 668 1524 sinu
679 1457 916 1542 praefectorum
930 1461 1179 1544 legatorumque
1191 1476 1316 1527 essent:

144 1569 205 1635 ubi
236 1569 383 1636 nobilem
415 1569 503 1635 illam
534 1569 726 1636 sententiam
761 1570 901 1642 Tacitus
921 1575 933 1612 ²
955 1571 1067 1637 addit:
1104 1586 1318 1659 expugnatae

146 1681 242 1746 urbis
257 1681 424 1766 praedam
448 1679 496 1748 ad
515 1681 678 1762 militem,
702 1679 836 1747 deditae
857 1680 905 1747 ad
918 1681 1014 1749 duces
1026 1687 1210 1769 pertinere.
1237 1683 1316 1748 Mos

143 1793 303 1876 paulatim
326 1792 360 1858 in
380 1794 436 1877 jus
459 1791 606 1858 transiit:
631 1806 664 1859 et
685 1811 761 1858 sane
778 1795 867 1878 justa
890 1794 999 1860 aderat
1021 1794 1125 1875 ratio,
1148 1795 1229 1861 nesi
1242 1809 1319 1877 post

144 1923 288 1989 pugnam
309 1904 428 1987 praeda
449 1919 644 1988 negaretur,
667 1905 699 1971 in
722 1905 792 1988 ipsa
814 1925 925 1990 pugna
946 1905 1039 1974 miles
1057 1906 1189 1973 omissis
1212 1906 1317 1972 hosti·

144 2016 208 2082 bus
232 2015 351 2098 praeda
371 2032 486 2083 manus
509 2015 704 2099 impediret,
727 2037 811 2099 quae
832 2037 897 2082 una
919 2017 1058 2084 aviditas
1081 2019 1200 2084 multas
1222 2037 1316 2101 saepe

143 2127 305 2194 victorias
336 2127 494 2210 corrupit.
540 2128 612 2193 Hac
644 2128 684 2193 de
707 2146 808 2194 causa
826 2127 858 2194 in
878 2127 1067 2195 Britannico
1087 2129 1211 2213 praelio
1235 2131 1317 2196 Sue-

145 2239 260 2305 tonius
281 2239 293 2276 ⁸
315 2241 466 2305 hortatur
488 2258 588 2322 suos,
613 2253 651 2304 ut
674 2239 801 2305 caedem
825 2240 1020 2306 continuent
1041 2243 1177 2323 praedae
1193 2241 1317 2306 'imme-

144 2371 277 2432 mores,
310 2351 431 2418 addens
462 2365 553 2434 parta
583 2350 723 2417 victoria
754 2365 872 2418 cuncta
905 2351 984 2434 ipsis
1007 2368 1154 2419 cessura:
1176 2353 1267 2434 quod
1284 2366 1318 2418 et

145 2463 224 2530 alibi
257 2462 377 2546 passim
411 2461 563 2546 reperias.
619 2463 719 2546 Apud
749 2463 946 2547 Procopium
970 2462 982 2498 ⁴
1002 2463 1133 2530 Salomo
1157 2463 1315 2530 Praetorii

145 2572 333 2657 praefectus
353 2574 535 2655 militibus,
558 2574 615 2658 qui
636 2591 730 2659 agros
754 2589 882 2658 ereptos
900 2575 1060 2641 Vandalis
1082 2574 1145 2640 sibi
1167 2575 1316 2642 vindica·

145 2687 226 2752 bant
254 2685 300 2750 ita
332 2685 531 2769 respondet,
564 2701 603 2752 ut
632 2685 812 2770 distinguat
833 2686 918 2752 inter
935 2704 986 2752 res
1006 2687 1068 2754 soli
1089 2701 1122 2753 et
1142 2706 1194 2754 tes
1210 2688 1317 2752 mobi-

146 2799 212 2864 les:
238 2798 297 2863 has
321 2797 405 2862 enim
428 2797 590 2864 militibus
608 2782 777 2882 permitti,
801 2795 873 2865 illas
892 2813 1000 2864 autem
1020 2817 1118 2881 penes
1139 2799 1316 2881 rempubli-

146 2929 215 2975 cam
239 2929 391 2991 manete,
415 2924 555 2994 quaeat
573 2909 664 2992 ipsos
681 2910 817 2980 aluisset
839 2909 923 2976 etin
944 2926 1063 2976 nomen
1092 2909 1317 2992 honoremque

145 3020 288 3086 militum
310 3035 518 3104 cooptasset,
541 3041 606 3087 non
625 3036 663 3086 ut
683 3005 766 3104 quae
786 3021 930 3087 barbaris
960 3021 1117 3088 adversus
1137 3020 1315 3087 Romanam

146 3132 344 3217 majestatem
367 3115 613 3216 insurgentibus
633 3132 845 3199 abstulissent
863 3117 993 3216 praedia
1012 3132 1074 3216 ipsi
1086 3133 1315 3216 possiderent,

145 3244 202 3310 scd
224 3243 315 3311 utin
338 3227 507 3326 publicum
529 3264 565 3309 ea
584 3243 830 3329 redigerentur,
849 3243 937 3309 unde
959 3257 993 3309 et
1014 3243 1095 3327 ipsis
1112 3245 1314 3327 etcaeteris,

147 3356 203 3423 ubi
233 3373 314 3423 usus
346 3371 451 3439 esset,
475 3373 603 3421 annona
626 3370 834 3439 suppeteret:
858 3355 910 3420 his
937 3354 1021 3421 inter
1042 3355 1103 3422 alia
1125 3357 1257 3424 verbis:
1279 3362 1317 3433 aia

144 3471 185 3537 rai
203 3471 259 3550 μὲν
280 3468 445 3552 ἀνδράποδιι
467 3470 516 3536 uui
539 3471 580 3536 rai
600 3467 683 3535 ἄλλοι
699 3468 964 3551 πάνταχρήματα
983 3479 1042 3543 τοῖς
1064 3471 1254 3552 στρατιώταις
1276 3471 1317 3542 eie

144 3561 267 3666 λάφυρα
292 3561 364 3646 ⁴ie'rau
394 3585 445 3646 οὐκ
463 3582 581 3655 ἀπεικὸς
604 3579 686 3647 tirus·
709 3589 766 3658 mir
785 3581 880 3660 μέντοι
899 3581 990 3656 ababa
1007 3582 1132 3660 βασιλεῖ
1148 3605 1182 3645 ce
1204 3579 1253 3644 uui
1277 3587 1316 3662 rii
1367 3601 1368 3604 ’

145 3692 294 3771 Ῥωμαίων
322 3693 401 3774 ἀρχῇ
432 3694 586 3774 προςήκει.
634 3687 789 3775 Captiuos
817 3709 896 3756 saue
915 3703 946 3755 et
967 3709 1019 3753 res
1041 3687 1131 3753 alias
1153 3686 1316 3752 mittebas

141 3799 293 3885 praedae
322 3799 388 3865 loeo
408 3799 520 3866 cedere
541 3815 750 3887 nequaquam
773 3798 953 3866 absurdum
975 3797 1087 3866 rideri
1099 3821 1112 3863 :
1132 3797 1189 3863 sed
1209 3801 1315 3884 ipsum

146 3910 249 3976 solum
270 3893 318 3978 ad
334 3911 524 3998 Principem
546 3916 785 3999 imperiumque
806 3911 994 3976 Romanum
1009 3913 1193 3997 pertinere.
1237 3909 1316 3996 Quo

144 4023 217 4088 loco
230 4006 300 4106 ¹jus¹
312 4023 477 4105 quoddam
497 4022 681 4090 universale
699 4023 876 4108 significari
888 4024 941 4089 vel
954 4021 1030 4087 hinc
1049 4032 1202 4105 apparet,
1216 4011 1316 4101 'quod
1409 4040 1413 4048 ·

146 4147 236 4199 extra
265 4133 412 4198 ordinem
436 4153 531 4219 agros
556 4134 652 4200 etiam
674 4133 836 4200 militibus
858 4133 1013 4219 assignari
1036 4132 1169 4198 minime
1192 4147 1315 4195 rrovttm

179 4353 323 4403 ιιιιςιιιιιιι
347 4357 364 4403 l.
389 4367 413 4414 7.
439 4356 490 4418 [vs.
515 4359 573 4414 7³8·
598 4357 665 4420 sqq.]
700 4353 794 4407 ’llice
819 4358 836 4404 l.
861 4353 1012 4420 ³.[c.19.]
1047 4353 1138 4403 ⁸Tac.
1155 4355 1223 4402 nnn.
1239 4354 1257 4400 l.
1277 4365 1316 4414 ¹4·

150 4442 184 4506 [c.
204 4445 258 4508 sd]
291 4441 305 4476 '⁴
322 4447 339 4494 1.
362 4447 410 4496 ult.
434 4447 466 4495 de
488 4444 566 4497 bello·
581 4449 662 4498 Vand.
681 4445 762 4510 [Edit.
781 4447 858 4496 Paris.
876 4449 930 4496 vol.
950 4459 971 4496 ι.
988 4459 1014 4506 p.
1032 4447 1089 4508 eoo.
1106 4444 1144 4507 b.]
1164 4444 1257 4494 cltattu
1275 4447 1316 4504 a'p.

148 4535 235 4593 cujac.
254 4537 316 4586 Oba.
334 4540 351 4585 1.
371 4551 410 4600 19.
429 4552 451 4586 c.
470 4551 494 4596 7.
