3362 5504
352 560 414 637 276
644 577 691 621 DE
714 577 808 640 JURE
836 576 1022 621 tunsone,
1047 577 1130 622 CAI’.
1154 578 1235 623 XIII.

351 730 507 794 civilibus
530 729 660 814 prodita
683 745 756 810 est,
780 732 824 796 ob
847 731 1043 815 legationem
1066 734 1221 796 violatam
1236 732 1273 796 ¹?
1298 731 1392 818 Quid
1416 747 1527 797 autern

352 857 401 908 cst
423 841 587 907 concitare
610 842 759 907 bellum?
784 842 871 906 Mari
895 857 929 908 et
951 845 1113 924 portubus
1138 862 1205 908 non
1229 843 1429 909 admittere?
1454 844 1529 908 Lu-

350 954 447 1018 sitani
483 968 642 1034 quantum
679 953 712 1018 in
748 953 826 1035 ipsis
862 968 934 1035 est,
975 955 1070 1018 etiam
1105 954 1315 1036 depulerunt.
1363 955 1528 1021 Homines

351 1065 492 1147 capere?
517 1066 570 1129 At
588 1065 636 1129 illi
661 1079 774 1146 captos
796 1085 837 1130 ne
860 1065 976 1130 redimi
999 1067 1133 1147 quidem
1150 1066 1235 1148 passi
1249 1082 1338 1132 sunt.
1363 1067 1528 1132 Homines

350 1176 524 1242 occidere?
549 1177 653 1263 Quod
664 1177 730 1242 illis
741 1197 855 1259 parurn
868 1175 956 1256 fuit,
980 1177 1044 1242 nisi
1056 1192 1131 1242 ante
1144 1177 1343 1244 cruciatibus
1355 1177 1525 1242 laniarent.

351 1288 442 1353 Bello
464 1307 663 1370 quemquam
694 1288 873 1370 appetere?
916 1288 1051 1374 Quanto
1084 1305 1191 1355 autem
1224 1290 1355 1356 saevius
1388 1292 1526 1357 allectos

350 1399 457 1481 specie
480 1399 569 1481 pacis
595 1399 812 1464 atrocioribus
835 1399 952 1478 malis,
976 1420 1074 1481 quam
1087 1400 1172 1465 bella
1182 1417 1330 1482 norunt,
1354 1402 1523 1485 affligere?

192 1525 233 1570 ns
255 1526 338 1571 rom.
351 1512 417 1576 Sed
439 1531 506 1578 non
530 1512 674 1576 onerabo
686 1510 1009 1594 chartasrepetendis
1030 1532 1114 1593 quae
1126 1526 1183 1577 aut
1194 1532 1234 1576 ex
1247 1512 1455 1594 narratione,
1468 1529 1526 1578 aut

189 1579 274 1679 ibere:
293 1592 339 1641 μ’
351 1642 390 1687 ex
410 1623 530 1705 privati
555 1623 633 1688 belli
656 1623 803 1688 examine
816 1622 938 1688 hauriri
951 1639 1114 1705 possunt,
1127 1643 1202 1688 cum
1214 1624 1349 1688 omnino
1362 1624 1447 1688 idern
1469 1627 1525 1710 jus

206 1687 246 1731 Ex
266 1690 337 1734 concl.

191 1742 337 1841 filimi
351 1734 443 1816 quod
465 1735 555 1801 cives
577 1734 777 1812 habuerint,
800 1734 952 1799 habuerit
973 1755 1034 1817 pro
1057 1734 1188 1800 civibus
1211 1735 1407 1817 respublica.
1443 1736 1523 1819 Jure

204 1850 244 1947 {4²
264 1853 336 1950 2¹55}
351 1846 453 1930 igitur
475 1846 587 1912 hostes
609 1845 767 1911 llollandi
791 1846 913 1910 habent
935 1861 968 1909 et
990 1846 1180 1928 Philippum
1205 1863 1238 1912 et
1262 1847 1470 1912 Castellanos
1491 1862 1527 1912 et

204 1935 246 2002 11:
329 1938 554 2038 Lusitanos,
585 1959 656 2023 suis
688 1978 854 2039 quemque
887 1958 929 2022 de
952 1958 1083 2036 causis,
1106 1957 1150 2022 ob
1174 1957 1312 2041 injurias
1335 1959 1460 2039 quibus
1482 1959 1524 2023 ab

350 2068 430 2150 ipsis
449 2069 557 2134 affecti
580 2084 668 2134 sunt.
693 2070 764 2153 Jam
788 2090 869 2135 vero
893 2069 1019 2134 etiamsi
1043 2069 1075 2132 in
1100 2069 1280 2134 Lusitanos
1291 2071 1402 2135 nullae
1415 2086 1524 2135 essent

349 2180 499 2263 propriae
531 2201 671 2260 causae,
702 2195 809 2244 tamen
838 2180 984 2246 hostium
1017 2182 1091 2244 loco
1124 2201 1193 2246 esse
1226 2181 1524 2247 demonstravimus

186 2303 334 2415 saligam·
349 2291 494 2356 hostium
517 2306 575 2356 aut
598 2292 730 2371 socios,
752 2306 809 2356 aut
840 2292 1006 2357 subditos.
1053 2293 1201 2357 Fuerunt
1234 2307 1342 2357 autem
1366 2293 1522 2358 Lusitani

190 2389 250 2454 111?
328 2389 471 2470 'suborti
494 2403 641 2486 Philippi
664 2403 807 2468 Secundi
831 2404 917 2486 regn
941 2418 974 2466 et
996 2422 1084 2466 nunc
1112 2418 1191 2468 sunt
1216 2403 1342 2468 subdor
1373 2403 1518 2486 Philippi

348 2513 480 2594 Tertii,
513 2515 571 2595 qui
603 2515 686 2596 patri
707 2515 740 2579 in
761 2535 897 2598 regnum
928 2529 961 2579 et
979 2515 1101 2580 bellum
1124 2514 1313 2580 Batavicum
1335 2517 1520 2581 successit:

184 2631 334 2743 pfhslhll:
347 2627 387 2691 ad
410 2627 502 2706 quod
529 2627 651 2691 bellum
687 2626 783 2691 etiam
804 2626 928 2690 tributa
951 2625 1081 2689 illorum
1103 2624 1332 2690 conferuntur.
1379 2627 1467 2691 Sunt
1491 2641 1523 2690 ct

189 2740 217 2784 V·
346 2738 428 2804 socii
459 2739 722 2804 Castellanorum
750 2758 914 2820 opemque
943 2752 1091 2802 mutuam
1121 2736 1279 2802 adversus
1300 2737 1442 2803 Batavos
1465 2754 1522 2804 aut

346 2865 532 2931 praestant,
555 2865 612 2914 aut
634 2849 834 2931 implorant,
857 2864 897 2913 ut
919 2849 952 2913 in
976 2851 1079 2913 classe
1102 2848 1281 2930 Hispanica
1300 2850 1411 2931 patuit
1434 2864 1468 2913 et
1488 2851 1522 2914 in

346 2963 445 3028 rebus
474 2962 597 3026 Indicis
624 2975 789 3026 narratum
811 2975 873 3026 est.
920 2961 1023 3046 Quod
1045 2976 1154 3025 autem
1178 2960 1319 3026 dicimus
1339 2960 1523 3026 Lusitanos

346 3076 458 3139 hostes
491 3093 583 3154 esse,
618 3073 651 3137 id
682 3092 749 3137 non
783 3071 893 3138 minus
916 3073 957 3136 de
980 3071 1141 3155 singulis,
1165 3091 1263 3153 quam
1287 3072 1328 3136 de
1351 3073 1522 3154 republica

345 3185 594 3269 intelligendum
617 3184 760 3250 rationes
781 3185 945 3248 declarant
967 3183 1067 3248 toties
1086 3185 1152 3266 jam
1165 3183 1334 3264 positae²‚
1358 3198 1399 3247 ut
1410 3183 1521 3249 iterari

207 3315 243 3358 nt
263 3317 332 3362 coner.
345 3316 412 3363 non
444 3297 595 3361 debeant.
641 3296 767 3361 Bellum
797 3309 905 3360 autern
938 3295 978 3358 ab
1012 3295 1188 3359 Hollandis
1222 3309 1254 3358 et
1286 3295 1319 3358 in
1348 3293 1520 3360 Albanum

188 3369 243 3468 Ir's'
261 3382 332 3416 ‘'m‘'
346 3429 420 3474 cum
434 3408 653 3486 Castellanis,
677 3423 710 3472 et
720 3425 796 3471 mox
808 3407 841 3470 in
854 3407 1065 3489 Philippum,
1090 3421 1123 3470 et
1135 3406 1168 3470 in
1181 3401 1362 3472 Lusitanos
1375 3407 1521 3488 denique

343 3522 435 3605 justo
469 3519 593 3598 modu,
628 3540 667 3583 ex
702 3517 905 3584 necessitatis
939 3517 1065 3584 scilicet
1099 3519 1192 3601 lege,
1229 3533 1420 3600 susceptum
1456 3533 1518 3584 est.

187 3646 332 3704 antonne.
347 3631 561 3696 Ostendimus
581 3631 667 3695 enim
689 3629 718 3695 ei
742 3629 800 3711 qui
819 3630 906 3694 bello
926 3629 1016 3711 prio'r
1035 3629 1228 3710 Impetitur,
1251 3649 1312 3693 nec
1331 3628 1519 3713 clarigatio·

187 3703 298 3747 ''m''
346 3762 442 3822 nem,
475 3763 535 3808 nec
566 3742 731 3806 decretum
763 3760 833 3806 csse
865 3740 1095 3806 necessarium.
1142 3738 1251 3822 Atqui
1276 3739 1517 3822 apertissimum

347 3870 398 3920 est
426 3856 594 3919 Albanum
622 3873 696 3917 cum
721 3853 869 3917 exercitu
890 3851 1154 3917 licentiosissimo
1178 3851 1395 3917 intervenisse
1420 3853 1518 3917 rebus

346 3987 385 4032 eo
409 3981 553 4048 tempore
574 3965 720 4048 pacatis,
745 3979 777 4028 ct
789 3964 979 4046 Philippum
1000 3984 1087 4028 arma
1105 3963 1261 4029 intulisse
1280 3963 1516 4043 Batavis‚cum

343 4151 541 4160 ...—--—-—-

378 4255 385 4286 ¹
405 4258 468 4302 Sam.
485 4267 508 4301 2.
525 4267 548 4300 c.
569 4266 607 4300 ιο.
624 4263 649 4298 ct
665 4253 734 4310 apud
758 4265 847 4298 omncs
870 4252 1017 4298 historicos.
1042 4253 1059 4296 l.
1078 4253 1124 4297 ult.
1148 4249 1175 4296 ll.
1199 4252 1231 4298 de
1255 4254 1329 4308 legat.
1357 4249 1402 4309 [D.
1422 4261 1462 4303 50.
1480 4247 1513 4310 7.]

342 4343 353 4376 ²
377 4348 408 4394 ael
431 4348 456 4394 d.
479 4345 551 4392 artic.
577 4357 602 4392 a.
628 4345 657 4390 Et
683 4357 708 4390 v.
727 4355 803 4402 snpra
828 4355 851 4389 c.
872 4356 909 4389 12.
927 4355 1032 4388 eramen
1051 4355 1083 4388 ex
1101 4343 1192 4389 eodem
1210 4339 1337 4398 articulo,
1357 4351 1381 4386 et
1401 4339 1467 4386 infra
1484 4352 1512 4386 ex

343 4439 427 4484 concl.
445 4449 468 4494 7.
487 4436 558 4486 artic.
577 4447 600 4490 3.
620 4447 677 4482 cum
696 4436 788 4480 coroll.
