3326 5506
346 597 408 657 218
637 612 684 657 ns
708 611 802 678 June
828 611 1014 660 rannone.
1041 612 1120 658 ene.
1147 613 1213 660 xu.

347 768 428 853 tigit
459 764 497 831 id
525 770 662 852 quisque
693 779 814 832 teneat.
873 767 999 832 Contra
1031 781 1138 834 autem
1172 767 1387 851 Thucydides
1419 771 1521 832 ¹eam

346 892 486 958 terram,
510 897 595 960 quae
618 876 836 944 indivisione
859 880 985 962 populo
1008 878 1092 946 nulli
1108 879 1264 960 obvenit,
1284 883 1431 964 lupercos,
1458 881 1523 946 hoc

348 1005 397 1056 cst
428 987 629 1056 indefinitam
657 1003 689 1055 et
711 988 872 1056 limitibus
894 991 995 1056 nullis
1016 990 1293 1075 circumscriptam
1318 1006 1423 1058 vocat.

390 1102 443 1166 Ex
455 1102 506 1168 his
519 1102 774 1184 quaehactenus
785 1099 984 1182 dictasunt,
1009 1103 1075 1170 duo
1088 1103 1226 1188 intelligi
1236 1119 1389 1186 possunt.
1423 1102 1523 1170 Prius

347 1227 396 1280 est
419 1234 472 1279 eas
493 1232 567 1295 res,
585 1233 668 1296 quae
690 1213 844 1296 occupari
864 1233 930 1279 non
952 1230 1093 1297 possunt
1104 1229 1160 1280 aut
1171 1231 1329 1298 occupata
1340 1235 1523 1298 numquam

346 1340 446 1408 sunt,
471 1325 595 1392 nullius
617 1320 766 1410 proprias
787 1345 858 1392 esse
880 1345 977 1409 posse
1000 1326 1032 1406 ',
1056 1327 1135 1410 quia
1153 1328 1259 1394 omnis
1280 1327 1464 1412 proprietas
1482 1327 1524 1393 ab

346 1437 561 1521 occupatione
579 1436 734 1520 coeperit.
780 1438 930 1504 Alterum
948 1458 1029 1505 vero
1053 1457 1106 1504 eas
1128 1459 1178 1506 res
1201 1459 1339 1520 onmes,
1362 1459 1449 1533 quae
1477 1439 1523 1504 ita

347 1569 365 1614 a
388 1563 503 1614 natura
532 1563 734 1631 comparatae
759 1563 863 1628 sunt,
886 1563 924 1614 ut
943 1549 1055 1631 aliquo
1078 1564 1190 1616 utente
1211 1551 1427 1618 nihilominus
1448 1550 1523 1616 aliis

348 1660 522 1743 quibusvis
553 1660 593 1725 ad
622 1680 718 1727 usum
740 1659 926 1744 promiscue
951 1661 1138 1744 sufficiant,
1164 1665 1234 1748 ejus
1258 1664 1423 1746 hodieque
1444 1683 1524 1728 con·

348 1774 483 1841 ditionis
515 1791 585 1840 esse
618 1789 650 1838 ct
681 1787 842 1856 perpetuo
875 1791 946 1840 esse
977 1773 1121 1856 debere,
1152 1776 1247 1859 cujus
1276 1774 1421 1855 fuerint,
1445 1795 1522 1841 cum

348 1886 489 1969 primurn
514 1905 531 1950 a
558 1899 674 1951 natura
705 1884 854 1968 proditae
883 1899 973 1951 sunt.
1019 1883 1094 1951 Hoc
1126 1885 1245 1953 Cicero
1268 1888 1280 1923 ⁸
1309 1886 1436 1953 voluit:
1471 1885 1524 1950 Ac

349 1997 512 2062 latissime
542 1995 672 2082 quidem
691 2009 813 2082 patens
835 1997 1020 2089 hominibus
1041 2000 1132 2061 inter
1154 2001 1239 2084 ipsos
1261 1999 1406 2064 omnibus
1430 2003 1524 2064 inter

349 2129 453 2173 omnes
486 2111 623 2173 societas
655 2108 735 2172 haec
766 2119 838 2189 est,
871 2111 907 2172 in
937 2128 1004 2192 qua
1038 2111 1180 2173 ananiam
1207 2127 1345 2190 rerum,
1370 2129 1454 2194 quas
1478 2107 1527 2174 ad

348 2241 544 2284 communem
578 2240 672 2283 usum
704 2233 834 2284 natura
861 2223 1006 2306 genuit,
1029 2233 1077 2284 est
1104 2219 1272 2287 seruanda
1292 2228 1522 2284 communitas.

349 2332 434 2398 Sunt
468 2346 575 2398 autem
608 2351 721 2398 omnes
745 2351 796 2398 res
825 2333 925 2418 hujus
952 2331 1103 2416 generis,
1129 2331 1162 2397 in
1185 2329 1308 2413 quibus
1330 2330 1400 2398 sine
1423 2331 1523 2396 detri-

348 2461 459 2509 mento
503 2442 636 2510 alterius
678 2444 771 2510 alteri
810 2444 1010 2512 commodari
1037 2457 1163 2534 potest.
1218 2443 1306 2509 Hinc
1339 2442 1423 2508 illud
1453 2463 1523 2508 esse

349 2555 429 2620 dicit
460 2554 595 2621 Cicero:
632 2557 711 2620 Non
738 2557 919 2643 prohibere
949 2577 1040 2642 aqua
1067 2556 1264 2642 profluente.
1321 2554 1407 2619 Nam
1438 2575 1523 2637 aqua

335 2641 514 2753 'profluens
547 2689 612 2750 qua
645 2668 743 2748 talis,
772 2687 839 2734 non
869 2687 935 2750 qua
968 2667 1100 2732 hunten-
1121 2681 1192 2746 est,
1226 2666 1312 2732 inter
1335 2666 1522 2733 communia

347 2780 494 2848 omnium
516 2799 534 2845 a
554 2778 798 2865 jurisconsultis
818 2778 959 2845 refertur
980 2793 1013 2844 et
1034 2799 1051 2843 a
1071 2793 1169 2861 pocta
1192 2779 1224 2843 ⁴:

423 2893 515 2967 Quid
528 2893 713 2979 prohibetis
735 2893 872 2977 aquas?
896 2910 973 2955 usus
996 2893 1173 2955 coturnum's
1194 2909 1363 2975 aquarum
1385 2905 1434 2956 cst
1447 2913 1460 2955 .·

425 3006 498 3071 Nec
520 3001 615 3069 solem
633 3006 810 3089 proprium
835 3016 985 3083 natura,
1011 3023 1067 3066 nec
1090 3005 1175 3066 aira
1191 3001 1303 3085 facit,

425 3118 498 3183 Nec
521 3129 631 3182 tenues
655 3111 787 3181 undas:
811 3119 847 3179 in
866 3114 1005 3200 publica
1028 3133 1169 3178 munera
1188 3116 1275 3181 neni.

391 3230 485 3294 Dicit
506 3230 584 3294 haec
606 3246 673 3293 non
696 3246 766 3294 esse
787 3240 903 3292 natura
923 3225 1078 3309 propria,
1101 3226 1189 3290 sicut
1205 3223 1522 3307 Ulpianus⁵natura

349 3341 502 3408 omnibus
533 3354 666 3423 patere,
690 3354 759 3404 tum
792 3338 871 3420 quia
900 3337 1041 3420 primum
1066 3356 1083 3402 a
1106 3350 1220 3402 natura
1240 3336 1369 3419 prodita
1392 3351 1471 3402 sunt
1492 3351 1524 3401 et

349 3453 383 3518 in
412 3451 536 3518 nullius
566 3451 672 3517 adhuc
702 3448 883 3515 dominium
912 3463 1156 3532 pervenerunt,
1185 3462 1222 3514 ut
1245 3447 1395 3530 loquitur
1418 3447 1522 3513 Nera-

348 3566 415 3633 tius
432 3561 468 3645 ‘‚
492 3579 562 3630 tum
586 3562 687 3646 quia,
713 3575 749 3627 ut
774 3560 891 3627 Cicero
913 3563 925 3604 ²
948 3559 1053 3641 dicit,
1077 3559 1293 3626 anatura‘ad
1314 3579 1414 3626 usum
1435 3580 1523 3625 com-

349 3697 479 3742 munem
504 3674 613 3760 genita
639 3673 804 3740 videntur.
847 3673 983 3738 Publica
1007 3687 1113 3738 autern
1137 3686 1257 3753 vocat,
1280 3671 1437 3738 tralatitia
1459 3672 1523 3756 sig-

350 3788 537 3855 nificatione
568 3796 601 3870 ⁸,
634 3807 700 3854 non
732 3805 815 3870 quac
848 3785 888 3850 ad
911 3787 1071 3868 populum
1096 3783 1263 3868 aliquem,
1288 3785 1345 3851 sed
1375 3805 1460 3866 quae
1485 3785 1523 3850 ad

350 3901 538 3967 societatem
558 3899 732 3965 humanam
750 3897 938 3981 pertinent,
963 3917 1047 3980 quac
1069 3896 1203 3980 publica
1223 3897 1307 3982 juris
1330 3896 1477 3981 gentium
1490 3895 1521 3960 in

353 4092 542 4103 -.--·--

385 4213 392 4245 ¹
418 4215 435 4260 l.
463 4227 484 4261 ι.
510 4209 546 4275 [c.
574 4209 642 4275 ¹39·]
678 4208 688 4241 ²
714 4211 742 4258 V.
768 4211 843 4257 Duae.
869 4208 894 4256 in
919 4209 958 4256 tit.
982 4209 1008 4256 ff.
1036 4209 1067 4257 dc
1091 4221 1139 4256 rer.
1167 4207 1221 4256 div.
1248 4216 1272 4254 et
1291 4207 1357 4266 qual.
1378 4203 1424 4268 [D.
1447 4219 1467 4252 1.
1486 4204 1520 4266 8.]

351 4304 362 4338 ³
379 4307 403 4354 d.
421 4305 496 4353 libro.
517 4302 552 4368 [c.
574 4303 610 4351 16.
629 4305 651 4361 ς.
672 4299 724 4365 5ι.]
760 4298 771 4331 ⁴
789 4300 866 4348 ovid.
884 4301 988 4348 Metam.
1006 4302 1023 4346 l.
1042 4301 1066 4346 6.
1087 4297 1137 4362 [vs.
1156 4311 1213 4360 349.
1232 4296 1300 4361 sqq]
1338 4295 1348 4328 ⁵
1367 4291 1522 4345 luenditor.

350 4397 377 4445 ff.
395 4409 486 4445 comm.
502 4396 588 4456 praed.
606 4395 649 4456 [D.
666 4395 689 4440 8.
704 4406 729 4453 4.
748 4392 798 4453 13.]
833 4390 844 4422 ⁶
862 4393 879 4438 1.
894 4393 963 4450 quod
981 4389 1006 4438 in
1023 4391 1119 4438 littore.
1139 4389 1164 4438 ff.
1182 4389 1416 4448 deacqmeruon.
1429 4388 1473 4449 [D.
1484 4400 1522 4447 4¹·

354 4502 376 4538 1.
396 4488 446 4550 14]
483 4484 494 4521 ⁷
510 4489 570 4535 loco
588 4485 676 4534 citato.
710 4482 721 4514 ⁸
738 4485 769 4530 V.
787 4485 870 4531 Conn.
886 4484 984 4530 Comm.
1003 4481 1054 4530 civ.
1073 4483 1090 4528 l.
1107 4494 1129 4538 3.
1148 4494 1171 4529 c.
1191 4494 1213 4528 α.
1231 4479 1363 4527 Donellus.
1383 4481 1400 4526 l.
1418 4491 1443 4539 4.
1458 4492 1482 4526 c.
1500 4491 1520 4524 a.
