3362 5504
338 611 401 676 310
627 616 673 662 ΒΕ
696 615 789 683 June
816 615 1001 664 PRABDAE·
1028 617 1109 664 CAP·
1135 617 1210 664 XIV·

337 771 477 854 bantur,
511 793 585 840 cum
617 770 746 837 interim
771 771 907 853 batavi,
934 772 963 838 si
988 772 1045 855 qui
1069 774 1103 838 in
1126 773 1271 840 hostium
1295 792 1411 840 manus
1435 789 1512 838 ante

336 899 512 965 venerant,
537 883 742 952 foedissimis
754 883 914 950 custodiis
926 899 1176 950 macerarentur.
1200 885 1353 950 Praedam
1366 885 1513 952 victores

337 997 454 1063 sortito
479 997 641 1062 divisere:
666 1011 698 1061 et
720 1010 845 1062 tantum
869 1010 959 1076 erat,
983 996 1070 1061 unde
1082 1014 1148 1062 non
1162 996 1380 1079 prioramodo
1393 997 1512 1063 damna

336 1108 483 1174 resarciri
514 1109 571 1175 sed
603 1122 635 1172 et
666 1107 742 1172 belli
771 1107 935 1190 impensae
957 1107 1163 1173 mediocriter
1183 1108 1340 1175 sustineri
1362 1123 1511 1192 possent.

336 1220 398 1285 His
423 1221 515 1286 malis
545 1220 651 1286 victae
677 1219 826 1286 civitates
846 1219 1083 1303 Germanicae,
1110 1239 1184 1285 curn
1208 1217 1323 1288 verum
1348 1241 1419 1288 esse
1443 1225 1516 1286 mel

335 1346 487 1412 tuerent,
508 1332 599 1414 quod
619 1332 669 1398 vir
691 1332 826 1397 eximiae
851 1332 939 1423 apud
961 1331 1036 1398 illos
1059 1332 1263 1398 auctoritatis
1283 1333 1512 1415 praedixerat,

336 1443 479 1510 Leonem
511 1445 550 1510 ab
580 1443 660 1527 ipsis
690 1443 831 1525 irritari,
866 1464 962 1526 quem
987 1445 1085 1510 semel
1107 1444 1283 1510 excitatum
1305 1445 1395 1510 haud
1415 1444 1513 1511 facile

335 1556 504 1640 sopirent,
529 1557 570 1622 ad
592 1576 704 1640 pacem
727 1556 879 1622 orandam
902 1571 1074 1622 venerunt.
1120 1555 1193 1620 Nec
1214 1556 1389 1622 difficulter
1409 1556 1512 1641 impe·

336 1683 462 1734 trarunt
485 1670 525 1734 ab
548 1669 636 1748 illis,
661 1668 718 1750 qui
743 1668 776 1733 in
797 1669 887 1751 iusta
909 1667 1036 1733 ultione
1057 1682 1089 1733 et
1109 1668 1241 1753 egregio
1262 1669 1414 1750 quamvis
1433 1669 1512 1734 belli

335 1800 490 1848 successu
511 1795 673 1863 patentem
697 1799 823 1862 semper
846 1780 1027 1846 habuerant
1051 1779 1194 1846 animum
1215 1780 1421 1846 concordiae.
1457 1781 1512 1848 Ne

335 1893 475 1959 sollicite
504 1892 601 1958 nirnis
634 1906 766 1957 externa
801 1907 1013 1972 quaeramus:
1039 1891 1073 1956 in
1097 1892 1159 1956 hoc
1184 1911 1250 1958 uno
1274 1895 1427 1975 exemplo
1451 1894 1510 1959 do·

335 2005 470 2071 mestico
491 2006 594 2070 multa
614 2018 691 2070 sunt
710 2004 917 2070 documenta.
957 2003 1118 2069 Videmus
1138 2003 1171 2069 in
1191 2004 1403 2087 suscipiendo
1424 2006 1510 2070 bello

333 2117 512 2202 justitiam,
538 2116 571 2181 in
592 2116 735 2200 gerendo
756 2114 1004 2193 fortitudinem,
1029 2115 1063 2180 in
1083 2115 1276 2198 deponendo
1296 2116 1508 2198 aequitatem.

335 2229 439 2312 Igitur
459 2229 563 2294 eidem
584 2243 616 2294 et
636 2227 797 2293 vincendo
817 2226 1044 2293 misericordes
1065 2239 1097 2292 et
1114 2226 1508 2308 praedandoabstinentes

333 2356 436 2406 erant.
482 2342 531 2406 At
562 2340 588 2405 si
621 2340 696 2422 quis
729 2358 779 2404 res
812 2339 939 2404 Indicas
964 2359 981 2402 a
1004 2337 1100 2404 nobis
1131 2353 1203 2404 ante
1231 2339 1410 2422 descriptas
1434 2360 1508 2405 curn

334 2451 397 2518 ista
435 2452 619 2518 narratione
654 2449 823 2530 conferat,
865 2450 1010 2533 eiusdem
1053 2449 1176 2535 ingenii
1211 2470 1317 2516 mores
1352 2451 1509 2520 mansisse

335 2579 465 2630 centum
491 2579 522 2629 et
544 2562 711 2647 sexaginta
738 2577 814 2645 post
844 2581 945 2628 annos
965 2562 1054 2628 haud
1077 2561 1176 2627 dubie
1199 2561 1368 2628 fatebitur.
1416 2564 1507 2630 Haec

335 2675 436 2760 lgitur
468 2678 605 2741 honesta
639 2689 687 2740 est
719 2674 826 2753 ultio,
861 2687 944 2755 quae
975 2673 1060 2757 iuris
1083 2673 1135 2740 sui
1157 2675 1380 2755 consequendi
1405 2676 1509 2760 gratia

334 2801 517 2872 comparata
542 2803 599 2852 est.
637 2786 729 2852 Hanc
754 2785 897 2850 eamdem
922 2799 1114 2850 mercatores
1140 2781 1253 2850 Batavi
1274 2785 1307 2850 in
1326 2785 1507 2854 Lusitanos

333 2900 449 2966 merito
483 2912 651 2982 usurpant.
698 2899 904 2985 Quamquam
926 2916 992 2963 non
1026 2895 1156 2960 illorum
1193 2896 1351 2963 duntaxat
1384 2915 1506 2982 causa,

333 3014 392 3078 sed
423 3012 555 3095 publica
578 3027 611 3076 et
633 3009 798 3076 sociorum
831 3009 950 3094 agitur.
999 3007 1158 3089 Publica,
1196 3023 1265 3074 tum
1290 3009 1369 3091 quia
1393 3031 1508 3096 magna

334 3124 442 3206 aliqua
466 3122 688 3208 negotiatione
711 3141 796 3204 opus
819 3135 891 3202 est,
918 3141 1001 3203 quae
1026 3134 1058 3185 et
1080 3121 1208 3203 plebem
1230 3135 1263 3186 et
1284 3122 1400 3187 aerarii
1421 3123 1508 3190 vires

332 3250 518 3315 sustentet,
551 3250 620 3301 tum
654 3233 730 3316 quia
763 3247 892 3318 gentem
915 3233 1161 3314 Hispanorum,
1186 3253 1270 3314 quae
1300 3233 1333 3297 iu
1356 3235 1508 3319 vestigiis

334 3347 460 3413 dirutae
494 3346 617 3430 patriae
652 3344 867 3410 dominationi
901 3344 1022 3409 solium
1057 3343 1121 3409 sibi
1157 3344 1287 3426 quaerit
1320 3347 1508 3428 collocare,

334 3459 459 3540 ubique
491 3471 648 3524 tetrarum
673 3471 705 3522 et
728 3455 869 3540 opprimi
892 3471 925 3521 et
955 3455 1057 3522 everti
1089 3455 1235 3524 omnium
1272 3457 1431 3538 interest,
1468 3476 1508 3523 ne

334 3571 466 3653 quando
490 3572 530 3637 ad
550 3569 752 3654 subigendos
775 3568 914 3634 Batavos
935 3582 1097 3634 extremus
1120 3569 1215 3634 etiarn
1234 3569 1326 3636 orbis
1344 3570 1508 3637 tributum

333 3681 480 3748 conferre
503 3697 649 3766 cogatur.
697 3681 805 3745 Etiam
830 3680 1018 3760 sociorum,
1047 3683 1111 3746 hoc
1144 3695 1192 3744 est
1227 3697 1339 3766 regum
1363 3685 1508 3765 populo·

333 3813 472 3874 rumque
505 3792 639 3874 Indiae,
673 3811 758 3872 quos
781 3791 932 3857 Lusitani
957 3792 1000 3856 ob
1023 3793 1086 3858 hoc
1111 3811 1235 3873 unum,
1262 3794 1355 3875 quod
1374 3794 1508 3860 batavis

333 3905 457 3987 inimici
481 3924 546 3969 non
570 3917 670 3982 sunt,
695 3902 782 3968 ferro
806 3917 839 3968 et
861 3903 998 3968 flammis
1019 3919 1279 3986 prosequuntur.
1325 3905 1508 3972 Testantur
1591 3903 1594 3910 ’

332 4021 395 4084 hoc
409 4016 555 4082 Bantami
568 4013 767 4096 periculum,
793 4015 978 4080 Machianis
991 4015 1133 4094 cineres,
1159 4016 1332 4084 Bachianis
1346 4019 1505 4086 solitudo.

333 4129 403 4194 Has
427 4148 503 4211 ergo
527 4125 663 4210 injurias
687 4125 756 4190 sine
778 4144 902 4191 summa
923 4123 1054 4190 infamia
1076 4126 1241 4192 remittere
1262 4147 1358 4194 nemo
1381 4145 1504 4212 potest.

332 4240 425 4326 Quid
448 4239 534 4302 enim
559 4235 708 4319 turpius,
735 4257 831 4320 quarn
857 4251 914 4302 aut
935 4236 1071 4318 patriam
1096 4239 1292 4320 nobiscum,
1317 4255 1375 4306 aut
1396 4241 1506 4307 socios

332 4371 391 4434 pro
404 4349 498 4416 nobis
512 4349 732 4432 periclitantes
744 4350 908 4432 prodere?
934 4349 1092 4417 Romanis
1105 4351 1183 4418 olim
1198 4351 1323 4418 dictum
1336 4353 1462 4420 scimus
1475 4365 1483 4397 ¹
1496 4378 1503 4418 :

368 4513 373 4544 ¹
393 4512 481 4558 Livius
497 4511 541 4558 lib.
562 4521 601 4558 21.
622 4511 658 4572 [c.
677 4509 726 4573 19.]
