<?xml version="1.0" encoding="UTF-8"?>
<!DOCTYPE html PUBLIC "-//W3C//DTD XHTML 1.0 Transitional//EN"
    "http://www.w3.org/TR/xhtml1/DTD/xhtml1-transitional.dtd">
<html xmlns="http://www.w3.org/1999/xhtml" xml:lang="en" lang="en">
 <head>
  <title>
</title>
<meta http-equiv="Content-Type" content="text/html;charset=utf-8" />
  <meta name='ocr-system' content='tesseract 3.04.00' />
  <meta name='ocr-capabilities' content='ocr_page ocr_carea ocr_par ocr_line ocrx_word'/>
</head>
<body>
  <div class='ocr_page' id='page_1' title='image "./ledroitdeprised01hamagoog_0192.png"; bbox 0 0 3326 5506; ppageno 0'>
   <div class='ocr_carea' id='block_1_1' title="bbox 342 600 1194 667">
    <p class='ocr_par' dir='ltr' id='par_1_1' title="bbox 342 600 1194 667">
     <span class='ocr_line' id='line_1_1' title="bbox 342 600 1194 667; baseline 0.004 -22"><span class='ocrx_word' id='word_1_1' title='bbox 342 601 403 664; x_wconf 78' lang='lat'><strong>170</strong></span> <span class='ocrx_word' id='word_1_2' title='bbox 644 600 693 646; x_wconf 81' lang='lat' dir='ltr'><strong>DE</strong></span> <span class='ocrx_word' id='word_1_3' title='bbox 715 600 809 667; x_wconf 79' lang='lat' dir='ltr'><strong>Juxu</strong></span> <span class='ocrx_word' id='word_1_4' title='bbox 832 600 1017 648; x_wconf 74' lang='lat' dir='ltr'><strong>PRAEDAE·</strong></span> <span class='ocrx_word' id='word_1_5' title='bbox 1040 600 1121 648; x_wconf 76' lang='lat' dir='ltr'><strong>cAl‘.</strong></span> <span class='ocrx_word' id='word_1_6' title='bbox 1143 601 1194 648; x_wconf 79' lang='lat' dir='ltr'><strong>XI·</strong></span> 
     </span>
    </p>
   </div>
   <div class='ocr_carea' id='block_1_2' title="bbox 179 753 1545 4282">
    <p class='ocr_par' dir='ltr' id='par_1_2' title="bbox 337 753 1514 2066">
     <span class='ocr_line' id='line_1_2' title="bbox 338 753 1512 839; baseline 0.003 -20"><span class='ocrx_word' id='word_1_7' title='bbox 338 753 531 821; x_wconf 90' lang='lat' dir='ltr'><strong>verberibus</strong></span> <span class='ocrx_word' id='word_1_8' title='bbox 553 753 683 822; x_wconf 87' lang='lat' dir='ltr'><strong>attritos</strong></span> <span class='ocrx_word' id='word_1_9' title='bbox 705 769 795 822; x_wconf 89' lang='lat' dir='ltr'><strong>artus</strong></span> <span class='ocrx_word' id='word_1_10' title='bbox 819 755 939 821; x_wconf 88' lang='lat' dir='ltr'><strong>adora</strong></span> <span class='ocrx_word' id='word_1_11' title='bbox 961 753 1170 839; x_wconf 89' lang='lat' dir='ltr'><strong>popularium</strong></span> <span class='ocrx_word' id='word_1_12' title='bbox 1194 755 1388 822; x_wconf 86' lang='lat' dir='ltr'><strong>retulerunt.</strong></span> <span class='ocrx_word' id='word_1_13' title='bbox 1432 754 1512 822; x_wconf 90' lang='lat' dir='ltr'><strong>Pars</strong></span> 
     </span>
     <span class='ocr_line' id='line_1_3' title="bbox 337 866 1512 951; baseline 0.003 -21"><span class='ocrx_word' id='word_1_14' title='bbox 337 879 431 949; x_wconf 87' lang='lat' dir='ltr'><strong>capta</strong></span> <span class='ocrx_word' id='word_1_15' title='bbox 454 886 557 950; x_wconf 90' lang='lat' dir='ltr'>nuper</span> <span class='ocrx_word' id='word_1_16' title='bbox 580 867 684 932; x_wconf 90' lang='lat' dir='ltr'><strong>Clusa</strong></span> <span class='ocrx_word' id='word_1_17' title='bbox 702 882 735 934; x_wconf 92' lang='lat' dir='ltr'><strong>ct</strong></span> <span class='ocrx_word' id='word_1_18' title='bbox 754 866 943 951; x_wconf 87' lang='lat' dir='ltr'><strong>Spinolanis</strong></span> <span class='ocrx_word' id='word_1_19' title='bbox 962 867 1101 934; x_wconf 88' lang='lat' dir='ltr'><strong>navibus</strong></span> <span class='ocrx_word' id='word_1_20' title='bbox 1120 866 1209 934; x_wconf 89' lang='lat' dir='ltr'><strong>tristl</strong></span> <span class='ocrx_word' id='word_1_21' title='bbox 1228 867 1364 936; x_wconf 90' lang='lat' dir='ltr'><strong>servitio</strong></span> <span class='ocrx_word' id='word_1_22' title='bbox 1384 882 1512 934; x_wconf 86' lang='lat' dir='ltr'><strong>exemta</strong></span> 
     </span>
     <span class='ocr_line' id='line_1_4' title="bbox 339 977 1512 1065; baseline 0.002 -23"><span class='ocrx_word' id='word_1_23' title='bbox 339 992 398 1044; x_wconf 86' lang='lat' dir='ltr'><strong>est</strong></span> <span class='ocrx_word' id='word_1_24' title='bbox 443 977 529 1065; x_wconf 88' lang='lat' dir='ltr'><strong>Quis</strong></span> <span class='ocrx_word' id='word_1_25' title='bbox 561 977 646 1045; x_wconf 92' lang='lat' dir='ltr'><strong>enim</strong></span> <span class='ocrx_word' id='word_1_26' title='bbox 679 998 745 1046; x_wconf 95' lang='lat' dir='ltr'><strong>non</strong></span> <span class='ocrx_word' id='word_1_27' title='bbox 777 978 863 1045; x_wconf 92' lang='lat' dir='ltr'><strong>vidit</strong></span> <span class='ocrx_word' id='word_1_28' title='bbox 894 979 981 1046; x_wconf 90' lang='lat' dir='ltr'><strong>illam</strong></span> <span class='ocrx_word' id='word_1_29' title='bbox 1014 977 1229 1046; x_wconf 83' lang='lat' dir='ltr'><strong>miserabilem</strong></span> <span class='ocrx_word' id='word_1_30' title='bbox 1261 980 1415 1060; x_wconf 90' lang='lat' dir='ltr'><strong>turbam,</strong></span> <span class='ocrx_word' id='word_1_31' title='bbox 1440 978 1512 1046; x_wconf 87' lang='lat' dir='ltr'><strong>sive</strong></span> 
     </span>
     <span class='ocr_line' id='line_1_5' title="bbox 337 1088 1512 1176; baseline 0.003 -23"><span class='ocrx_word' id='word_1_32' title='bbox 337 1108 411 1154; x_wconf 90' lang='lat' dir='ltr'><strong>cum</strong></span> <span class='ocrx_word' id='word_1_33' title='bbox 435 1088 569 1172; x_wconf 91' lang='lat' dir='ltr'><strong>optimis</strong></span> <span class='ocrx_word' id='word_1_34' title='bbox 592 1088 776 1157; x_wconf 87' lang='lat' dir='ltr'>Ordinibus</span> <span class='ocrx_word' id='word_1_35' title='bbox 798 1110 858 1173; x_wconf 92' lang='lat' dir='ltr'><strong>pro</strong></span> <span class='ocrx_word' id='word_1_36' title='bbox 871 1110 996 1158; x_wconf 88' lang='lat' dir='ltr'><strong>summa</strong></span> <span class='ocrx_word' id='word_1_37' title='bbox 1008 1089 1210 1176; x_wconf 88' lang='lat' dir='ltr'><strong>benignitate</strong></span> <span class='ocrx_word' id='word_1_38' title='bbox 1223 1089 1343 1175; x_wconf 89' lang='lat' dir='ltr'><strong>gratias</strong></span> <span class='ocrx_word' id='word_1_39' title='bbox 1354 1104 1512 1174; x_wconf 88' lang='lat' dir='ltr'><strong>agerent,</strong></span> 
     </span>
     <span class='ocr_line' id='line_1_6' title="bbox 338 1199 1514 1285; baseline -0.001 -18"><span class='ocrx_word' id='word_1_40' title='bbox 338 1200 430 1283; x_wconf 92' lang='lat' dir='ltr'><strong>quod</strong></span> <span class='ocrx_word' id='word_1_41' title='bbox 457 1199 583 1268; x_wconf 84' lang='lat' dir='ltr'><strong>fessum</strong></span> <span class='ocrx_word' id='word_1_42' title='bbox 616 1215 666 1268; x_wconf 92' lang='lat' dir='ltr'><strong>tot</strong></span> <span class='ocrx_word' id='word_1_43' title='bbox 692 1201 786 1270; x_wconf 89' lang='lat' dir='ltr'><strong>malis</strong></span> <span class='ocrx_word' id='word_1_44' title='bbox 809 1200 959 1284; x_wconf 92' lang='lat' dir='ltr'><strong>spiritum</strong></span> <span class='ocrx_word' id='word_1_45' title='bbox 984 1201 1018 1268; x_wconf 94' lang='lat' dir='ltr'><strong>ln</strong></span> <span class='ocrx_word' id='word_1_46' title='bbox 1040 1201 1145 1285; x_wconf 87' lang='lat' dir='ltr'><strong>patria</strong></span> <span class='ocrx_word' id='word_1_47' title='bbox 1168 1201 1281 1285; x_wconf 89' lang='lat' dir='ltr'><strong>potius</strong></span> <span class='ocrx_word' id='word_1_48' title='bbox 1304 1221 1402 1284; x_wconf 88' lang='lat' dir='ltr'><strong>quam</strong></span> <span class='ocrx_word' id='word_1_49' title='bbox 1426 1200 1514 1268; x_wconf 90' lang='lat' dir='ltr'><strong>inter</strong></span> 
     </span>
     <span class='ocr_line' id='line_1_7' title="bbox 338 1312 1513 1398; baseline 0.002 -22"><span class='ocrx_word' id='word_1_50' title='bbox 338 1312 487 1378; x_wconf 85' lang='lat' dir='ltr'>crudeles</span> <span class='ocrx_word' id='word_1_51' title='bbox 498 1326 661 1379; x_wconf 89' lang='lat' dir='ltr'><strong>tortorum</strong></span> <span class='ocrx_word' id='word_1_52' title='bbox 674 1332 789 1380; x_wconf 88' lang='lat' dir='ltr'><strong>manus</strong></span> <span class='ocrx_word' id='word_1_53' title='bbox 800 1312 1008 1394; x_wconf 80' lang='lat' dir='ltr'><strong>emitterent,</strong></span> <span class='ocrx_word' id='word_1_54' title='bbox 1030 1313 1101 1380; x_wconf 89' lang='lat' dir='ltr'><strong>sive</strong></span> <span class='ocrx_word' id='word_1_55' title='bbox 1113 1333 1187 1380; x_wconf 92' lang='lat' dir='ltr'><strong>cum</strong></span> <span class='ocrx_word' id='word_1_56' title='bbox 1200 1328 1356 1398; x_wconf 89' lang='lat' dir='ltr'><strong>cognatos</strong></span> <span class='ocrx_word' id='word_1_57' title='bbox 1367 1312 1513 1396; x_wconf 90' lang='lat' dir='ltr'><strong>quisque</strong></span> 
     </span>
     <span class='ocr_line' id='line_1_8' title="bbox 339 1423 1513 1508; baseline 0.001 -19"><span class='ocrx_word' id='word_1_58' title='bbox 339 1441 418 1490; x_wconf 90' lang='lat' dir='ltr'><strong>suos</strong></span> <span class='ocrx_word' id='word_1_59' title='bbox 439 1439 472 1489; x_wconf 88' lang='lat' dir='ltr'><strong>et</strong></span> <span class='ocrx_word' id='word_1_60' title='bbox 492 1424 601 1491; x_wconf 89' lang='lat' dir='ltr'><strong>affines</strong></span> <span class='ocrx_word' id='word_1_61' title='bbox 621 1439 772 1507; x_wconf 86' lang='lat' dir='ltr'><strong>orarent,</strong></span> <span class='ocrx_word' id='word_1_62' title='bbox 795 1443 836 1491; x_wconf 93' lang='lat' dir='ltr'><strong>ne</strong></span> <span class='ocrx_word' id='word_1_63' title='bbox 856 1426 920 1490; x_wconf 88' lang='lat' dir='ltr'><strong>tale</strong></span> <span class='ocrx_word' id='word_1_64' title='bbox 942 1444 1098 1508; x_wconf 87' lang='lat' dir='ltr'><strong>umquam</strong></span> <span class='ocrx_word' id='word_1_65' title='bbox 1118 1423 1246 1491; x_wconf 85' lang='lat' dir='ltr'><strong>facinus</strong></span> <span class='ocrx_word' id='word_1_66' title='bbox 1258 1423 1400 1491; x_wconf 90' lang='lat' dir='ltr'><strong>inultum</strong></span> <span class='ocrx_word' id='word_1_67' title='bbox 1412 1423 1513 1490; x_wconf 93' lang='lat' dir='ltr'><strong>relin-</strong></span> 
     </span>
     <span class='ocr_line' id='line_1_9' title="bbox 339 1535 1512 1623; baseline 0.002 -23"><span class='ocrx_word' id='word_1_68' title='bbox 339 1535 521 1618; x_wconf 77' lang='lat' dir='ltr'><strong>queretur?</strong></span> <span class='ocrx_word' id='word_1_69' title='bbox 553 1535 640 1623; x_wconf 91' lang='lat' dir='ltr'><strong>Quis</strong></span> <span class='ocrx_word' id='word_1_70' title='bbox 663 1551 771 1604; x_wconf 91' lang='lat' dir='ltr'><strong>autem</strong></span> <span class='ocrx_word' id='word_1_71' title='bbox 796 1552 845 1602; x_wconf 86' lang='lat' dir='ltr'><strong>est</strong></span> <span class='ocrx_word' id='word_1_72' title='bbox 868 1556 965 1618; x_wconf 88' lang='lat' dir='ltr'><strong>quem</strong></span> <span class='ocrx_word' id='word_1_73' title='bbox 988 1556 1055 1604; x_wconf 91' lang='lat' dir='ltr'><strong>non</strong></span> <span class='ocrx_word' id='word_1_74' title='bbox 1079 1552 1136 1603; x_wconf 88' lang='lat' dir='ltr'><strong>aut</strong></span> <span class='ocrx_word' id='word_1_75' title='bbox 1156 1535 1305 1604; x_wconf 84' lang='lat' dir='ltr'><strong>miseriae</strong></span> <span class='ocrx_word' id='word_1_76' title='bbox 1325 1551 1383 1602; x_wconf 90' lang='lat' dir='ltr'><strong>aut</strong></span> <span class='ocrx_word' id='word_1_77' title='bbox 1401 1536 1512 1604; x_wconf 88' lang='lat' dir='ltr'><strong>damni</strong></span> 
     </span>
     <span class='ocr_line' id='line_1_10' title="bbox 338 1646 1513 1734; baseline 0.002 -22"><span class='ocrx_word' id='word_1_78' title='bbox 338 1646 449 1730; x_wconf 91' lang='lat' dir='ltr'><strong>portio</strong></span> <span class='ocrx_word' id='word_1_79' title='bbox 479 1646 616 1731; x_wconf 73' lang='lat' dir='ltr'><strong>tetigit?</strong></span> <span class='ocrx_word' id='word_1_80' title='bbox 671 1647 757 1734; x_wconf 89' lang='lat' dir='ltr'><strong>Quis</strong></span> <span class='ocrx_word' id='word_1_81' title='bbox 791 1667 858 1714; x_wconf 90' lang='lat' dir='ltr'><strong>non</strong></span> <span class='ocrx_word' id='word_1_82' title='bbox 891 1647 924 1713; x_wconf 96' lang='lat' dir='ltr'><strong>in</strong></span> <span class='ocrx_word' id='word_1_83' title='bbox 957 1648 1012 1715; x_wconf 94' lang='lat' dir='ltr'><strong>illa</strong></span> <span class='ocrx_word' id='word_1_84' title='bbox 1044 1646 1244 1716; x_wconf 86' lang='lat' dir='ltr'><strong>immanitate</strong></span> <span class='ocrx_word' id='word_1_85' title='bbox 1273 1662 1331 1714; x_wconf 90' lang='lat' dir='ltr'><strong>aut</strong></span> <span class='ocrx_word' id='word_1_86' title='bbox 1360 1646 1513 1714; x_wconf 83' lang='lat' dir='ltr'><strong>fortunas</strong></span> 
     </span>
     <span class='ocr_line' id='line_1_11' title="bbox 338 1757 1513 1827; baseline 0 -3"><span class='ocrx_word' id='word_1_87' title='bbox 338 1777 413 1825; x_wconf 91' lang='lat' dir='ltr'><strong>suas</strong></span> <span class='ocrx_word' id='word_1_88' title='bbox 425 1773 483 1824; x_wconf 91' lang='lat' dir='ltr'><strong>aut</strong></span> <span class='ocrx_word' id='word_1_89' title='bbox 494 1757 618 1824; x_wconf 91' lang='lat' dir='ltr'><strong>amicos</strong></span> <span class='ocrx_word' id='word_1_90' title='bbox 628 1759 817 1826; x_wconf 76' lang='lat' dir='ltr'><strong>desiderat?</strong></span> <span class='ocrx_word' id='word_1_91' title='bbox 841 1760 1003 1826; x_wconf 84' lang='lat' dir='ltr'><strong>Damnum</strong></span> <span class='ocrx_word' id='word_1_92' title='bbox 1016 1776 1102 1827; x_wconf 91' lang='lat' dir='ltr'><strong>recte</strong></span> <span class='ocrx_word' id='word_1_93' title='bbox 1113 1760 1154 1825; x_wconf 89' lang='lat' dir='ltr'><strong>ad</strong></span> <span class='ocrx_word' id='word_1_94' title='bbox 1165 1761 1268 1825; x_wconf 91' lang='lat' dir='ltr'><strong>multa</strong></span> <span class='ocrx_word' id='word_1_95' title='bbox 1279 1758 1399 1826; x_wconf 91' lang='lat' dir='ltr'><strong>millies</strong></span> <span class='ocrx_word' id='word_1_96' title='bbox 1408 1758 1513 1824; x_wconf 90' lang='lat' dir='ltr'><strong>millia</strong></span> 
     </span>
     <span class='ocr_line' id='line_1_12' title="bbox 338 1869 1512 1955; baseline 0.001 -20"><span class='ocrx_word' id='word_1_97' title='bbox 338 1871 563 1951; x_wconf 88' lang='lat' dir='ltr'><strong>aestimarem,</strong></span> <span class='ocrx_word' id='word_1_98' title='bbox 596 1869 659 1936; x_wconf 92' lang='lat' dir='ltr'><strong>nisi</strong></span> <span class='ocrx_word' id='word_1_99' title='bbox 692 1871 796 1955; x_wconf 91' lang='lat' dir='ltr'><strong>pluris</strong></span> <span class='ocrx_word' id='word_1_100' title='bbox 828 1888 937 1939; x_wconf 89' lang='lat' dir='ltr'><strong>essent</strong></span> <span class='ocrx_word' id='word_1_101' title='bbox 968 1886 1152 1953; x_wconf 91' lang='lat' dir='ltr'><strong>tormenta,</strong></span> <span class='ocrx_word' id='word_1_102' title='bbox 1176 1890 1322 1955; x_wconf 89' lang='lat' dir='ltr'><strong>poenae,</strong></span> <span class='ocrx_word' id='word_1_103' title='bbox 1345 1871 1512 1938; x_wconf 86' lang='lat' dir='ltr'><strong>cruciatus</strong></span> 
     </span>
     <span class='ocr_line' id='line_1_13' title="bbox 339 1980 1334 2066; baseline 0.003 -20"><span class='ocrx_word' id='word_1_104' title='bbox 339 1980 556 2066; x_wconf 88' lang='lat' dir='ltr'><strong>ingenuorum</strong></span> <span class='ocrx_word' id='word_1_105' title='bbox 578 2002 776 2066; x_wconf 90' lang='lat' dir='ltr'><strong>corporum,</strong></span> <span class='ocrx_word' id='word_1_106' title='bbox 800 2004 886 2066; x_wconf 89' lang='lat' dir='ltr'><strong>quae</strong></span> <span class='ocrx_word' id='word_1_107' title='bbox 908 1983 1071 2050; x_wconf 88' lang='lat' dir='ltr'><strong>aestimari</strong></span> <span class='ocrx_word' id='word_1_108' title='bbox 1093 2002 1161 2049; x_wconf 94' lang='lat' dir='ltr'><strong>non</strong></span> <span class='ocrx_word' id='word_1_109' title='bbox 1183 1997 1334 2066; x_wconf 92' lang='lat' dir='ltr'><strong>possunt.</strong></span> 
     </span>
    </p>

    <p class='ocr_par' dir='ltr' id='par_1_3' title="bbox 179 2092 1545 3390">
     <span class='ocr_line' id='line_1_14' title="bbox 179 2092 1512 2178; baseline 0.002 -21"><span class='ocrx_word' id='word_1_110' title='bbox 179 2099 262 2147; x_wconf 70' lang='lat' dir='ltr'><strong>Arde·</strong></span> <span class='ocrx_word' id='word_1_111' title='bbox 283 2100 325 2147; x_wconf 84' lang='lat' dir='ltr'><strong>Vl·</strong></span> <span class='ocrx_word' id='word_1_112' title='bbox 381 2097 427 2158; x_wconf 88' lang='lat' dir='ltr'><strong>At</strong></span> <span class='ocrx_word' id='word_1_113' title='bbox 446 2096 558 2159; x_wconf 91' lang='lat' dir='ltr'><strong>saltem</strong></span> <span class='ocrx_word' id='word_1_114' title='bbox 578 2093 759 2160; x_wconf 89' lang='lat' dir='ltr'><strong>Lusitanos</strong></span> <span class='ocrx_word' id='word_1_115' title='bbox 778 2095 890 2162; x_wconf 88' lang='lat' dir='ltr'><strong>credet</strong></span> <span class='ocrx_word' id='word_1_116' title='bbox 901 2094 1022 2178; x_wconf 87' lang='lat' dir='ltr'><strong>aliquis</strong></span> <span class='ocrx_word' id='word_1_117' title='bbox 1032 2094 1066 2161; x_wconf 92' lang='lat' dir='ltr'><strong>in</strong></span> <span class='ocrx_word' id='word_1_118' title='bbox 1077 2094 1217 2162; x_wconf 91' lang='lat' dir='ltr'><strong>coloniis</strong></span> <span class='ocrx_word' id='word_1_119' title='bbox 1228 2109 1261 2160; x_wconf 93' lang='lat' dir='ltr'><strong>et</strong></span> <span class='ocrx_word' id='word_1_120' title='bbox 1270 2092 1408 2175; x_wconf 88' lang='lat' dir='ltr'><strong>insulis,</strong></span> <span class='ocrx_word' id='word_1_121' title='bbox 1429 2113 1512 2176; x_wconf 92' lang='lat' dir='ltr'><strong>quas</strong></span> 
     </span>
     <span class='ocr_line' id='line_1_15' title="bbox 339 2204 1512 2290; baseline -0.001 -20"><span class='ocrx_word' id='word_1_122' title='bbox 339 2205 494 2272; x_wconf 90' lang='lat' dir='ltr'><strong>latissime</strong></span> <span class='ocrx_word' id='word_1_123' title='bbox 513 2223 640 2289; x_wconf 90' lang='lat' dir='ltr'><strong>sparsas</strong></span> <span class='ocrx_word' id='word_1_124' title='bbox 659 2205 827 2285; x_wconf 88' lang='lat' dir='ltr'><strong>obtinent,</strong></span> <span class='ocrx_word' id='word_1_125' title='bbox 846 2205 961 2272; x_wconf 89' lang='lat' dir='ltr'><strong>mitius</strong></span> <span class='ocrx_word' id='word_1_126' title='bbox 971 2225 1075 2290; x_wconf 86' lang='lat' dir='ltr'><strong>agere.</strong></span> <span class='ocrx_word' id='word_1_127' title='bbox 1098 2205 1185 2271; x_wconf 89' lang='lat' dir='ltr'><strong>Nam</strong></span> <span class='ocrx_word' id='word_1_128' title='bbox 1197 2205 1231 2271; x_wconf 94' lang='lat' dir='ltr'><strong>in</strong></span> <span class='ocrx_word' id='word_1_129' title='bbox 1242 2204 1347 2289; x_wconf 90' lang='lat' dir='ltr'><strong>patria</strong></span> <span class='ocrx_word' id='word_1_130' title='bbox 1357 2224 1512 2288; x_wconf 88' lang='lat' dir='ltr'><strong>praesens</strong></span> 
     </span>
     <span class='ocr_line' id='line_1_16' title="bbox 336 2307 1545 2404; baseline -0.001 -22"><span class='ocrx_word' id='word_1_131' title='bbox 336 2317 450 2401; x_wconf 90' lang='lat' dir='ltr'><strong>jussus</strong></span> <span class='ocrx_word' id='word_1_132' title='bbox 479 2317 588 2402; x_wconf 91' lang='lat' dir='ltr'><strong>regis,</strong></span> <span class='ocrx_word' id='word_1_133' title='bbox 622 2318 727 2384; x_wconf 93' lang='lat' dir='ltr'><strong>libido</strong></span> <span class='ocrx_word' id='word_1_134' title='bbox 760 2317 1007 2404; x_wconf 82' lang='lat' dir='ltr'><strong>magistratuum</strong></span> <span class='ocrx_word' id='word_1_135' title='bbox 1042 2317 1168 2399; x_wconf 90' lang='lat' dir='ltr'><strong>aliquid</strong></span> <span class='ocrx_word' id='word_1_136' title='bbox 1199 2316 1283 2382; x_wconf 84' lang='lat' dir='ltr'><strong>forte</strong></span> <span class='ocrx_word' id='word_1_137' title='bbox 1317 2331 1414 2382; x_wconf 89' lang='lat' dir='ltr'><strong>sunt:</strong></span> <span class='ocrx_word' id='word_1_138' title='bbox 1450 2317 1510 2384; x_wconf 91' lang='lat' dir='ltr'><strong>etsi</strong></span> <span class='ocrx_word' id='word_1_139' title='bbox 1541 2307 1545 2314; x_wconf 76' lang='grc'><strong>’</strong></span> 
     </span>
     <span class='ocr_line' id='line_1_17' title="bbox 338 2428 1511 2513; baseline 0 -19"><span class='ocrx_word' id='word_1_140' title='bbox 338 2429 507 2511; x_wconf 88' lang='lat' dir='ltr'><strong>quomodo</strong></span> <span class='ocrx_word' id='word_1_141' title='bbox 529 2429 689 2496; x_wconf 89' lang='lat' dir='ltr'><strong>innocens</strong></span> <span class='ocrx_word' id='word_1_142' title='bbox 710 2432 874 2513; x_wconf 89' lang='lat' dir='ltr'><strong>populus,</strong></span> <span class='ocrx_word' id='word_1_143' title='bbox 899 2429 957 2511; x_wconf 92' lang='lat' dir='ltr'><strong>qui</strong></span> <span class='ocrx_word' id='word_1_144' title='bbox 980 2429 1041 2496; x_wconf 90' lang='lat' dir='ltr'><strong>ista</strong></span> <span class='ocrx_word' id='word_1_145' title='bbox 1064 2428 1157 2495; x_wconf 90' lang='lat' dir='ltr'><strong>videt</strong></span> <span class='ocrx_word' id='word_1_146' title='bbox 1169 2444 1226 2494; x_wconf 87' lang='lat' dir='ltr'><strong>aut</strong></span> <span class='ocrx_word' id='word_1_147' title='bbox 1236 2429 1387 2512; x_wconf 80' lang='lat' dir='ltr'><strong>patitur?</strong></span> <span class='ocrx_word' id='word_1_148' title='bbox 1412 2448 1511 2511; x_wconf 92' lang='lat' dir='ltr'><strong>quem</strong></span> 
     </span>
     <span class='ocr_line' id='line_1_18' title="bbox 339 2540 1512 2625; baseline 0 -19"><span class='ocrx_word' id='word_1_149' title='bbox 339 2561 418 2606; x_wconf 90' lang='lat' dir='ltr'><strong>vero</strong></span> <span class='ocrx_word' id='word_1_150' title='bbox 447 2541 536 2625; x_wconf 88' lang='lat' dir='ltr'><strong>juste</strong></span> <span class='ocrx_word' id='word_1_151' title='bbox 568 2540 785 2624; x_wconf 84' lang='lat' dir='ltr'><strong>ulciscemur,</strong></span> <span class='ocrx_word' id='word_1_152' title='bbox 809 2541 836 2607; x_wconf 93' lang='lat' dir='ltr'><strong>si</strong></span> <span class='ocrx_word' id='word_1_153' title='bbox 866 2541 928 2609; x_wconf 91' lang='lat' dir='ltr'><strong>ista</strong></span> <span class='ocrx_word' id='word_1_154' title='bbox 953 2541 1110 2624; x_wconf 82' lang='lat' dir='ltr'><strong>recipitur</strong></span> <span class='ocrx_word' id='word_1_155' title='bbox 1133 2540 1326 2610; x_wconf 74' lang='lat' dir='ltr'><strong>excusatio?</strong></span> <span class='ocrx_word' id='word_1_156' title='bbox 1372 2540 1512 2625; x_wconf 85' lang='lat' dir='ltr'><strong>Peregre</strong></span> 
     </span>
     <span class='ocr_line' id='line_1_19' title="bbox 340 2651 1512 2736; baseline -0.001 -18"><span class='ocrx_word' id='word_1_157' title='bbox 340 2667 471 2733; x_wconf 90' lang='lat' dir='ltr'><strong>autem,</strong></span> <span class='ocrx_word' id='word_1_158' title='bbox 495 2665 568 2718; x_wconf 90' lang='lat' dir='ltr'><strong>tuto</strong></span> <span class='ocrx_word' id='word_1_159' title='bbox 596 2651 745 2734; x_wconf 89' lang='lat' dir='ltr'><strong>scilicet,</strong></span> <span class='ocrx_word' id='word_1_160' title='bbox 769 2653 921 2720; x_wconf 89' lang='lat' dir='ltr'><strong>ostendet</strong></span> <span class='ocrx_word' id='word_1_161' title='bbox 945 2673 979 2719; x_wconf 90' lang='lat' dir='ltr'><strong>se</strong></span> <span class='ocrx_word' id='word_1_162' title='bbox 998 2653 1166 2736; x_wconf 84' lang='lat' dir='ltr'><strong>ingenium</strong></span> <span class='ocrx_word' id='word_1_163' title='bbox 1186 2672 1252 2724; x_wconf 86' lang='lat' dir='ltr'><strong>nou</strong></span> <span class='ocrx_word' id='word_1_164' title='bbox 1273 2651 1376 2719; x_wconf 89' lang='lat' dir='ltr'><strong>totius</strong></span> <span class='ocrx_word' id='word_1_165' title='bbox 1396 2671 1512 2736; x_wconf 87' lang='lat' dir='ltr'><strong>expers</strong></span> 
     </span>
     <span class='ocr_line' id='line_1_20' title="bbox 339 2762 1512 2848; baseline 0.002 -20"><span class='ocrx_word' id='word_1_166' title='bbox 339 2764 571 2844; x_wconf 89' lang='lat' dir='ltr'><strong>humanitatis,</strong></span> <span class='ocrx_word' id='word_1_167' title='bbox 595 2778 709 2831; x_wconf 89' lang='lat' dir='ltr'><strong>mutua</strong></span> <span class='ocrx_word' id='word_1_168' title='bbox 740 2765 936 2847; x_wconf 85' lang='lat' dir='ltr'><strong>provocabit</strong></span> <span class='ocrx_word' id='word_1_169' title='bbox 964 2764 1093 2848; x_wconf 89' lang='lat' dir='ltr'><strong>officia,</strong></span> <span class='ocrx_word' id='word_1_170' title='bbox 1126 2765 1159 2832; x_wconf 90' lang='lat' dir='ltr'><strong>in</strong></span> <span class='ocrx_word' id='word_1_171' title='bbox 1189 2785 1315 2836; x_wconf 87' lang='lat' dir='ltr'><strong>summa</strong></span> <span class='ocrx_word' id='word_1_172' title='bbox 1335 2764 1370 2832; x_wconf 91' lang='lat' dir='ltr'><strong>id</strong></span> <span class='ocrx_word' id='word_1_173' title='bbox 1392 2762 1512 2844; x_wconf 85' lang='lat' dir='ltr'><strong>saciet,</strong></span> 
     </span>
     <span class='ocr_line' id='line_1_21' title="bbox 339 2875 1512 2959; baseline 0 -17"><span class='ocrx_word' id='word_1_174' title='bbox 339 2875 608 2958; x_wconf 90' lang='lat' dir='ltr'><strong>quandoquidem</strong></span> <span class='ocrx_word' id='word_1_175' title='bbox 627 2877 725 2957; x_wconf 93' lang='lat' dir='ltr'><strong>licet,</strong></span> <span class='ocrx_word' id='word_1_176' title='bbox 750 2877 840 2959; x_wconf 92' lang='lat' dir='ltr'><strong>quod</strong></span> <span class='ocrx_word' id='word_1_177' title='bbox 860 2877 893 2942; x_wconf 93' lang='lat' dir='ltr'><strong>in</strong></span> <span class='ocrx_word' id='word_1_178' title='bbox 913 2895 948 2944; x_wconf 92' lang='lat' dir='ltr'><strong>se</strong></span> <span class='ocrx_word' id='word_1_179' title='bbox 970 2876 1041 2942; x_wconf 89' lang='lat' dir='ltr'><strong>lieri</strong></span> <span class='ocrx_word' id='word_1_180' title='bbox 1060 2876 1152 2943; x_wconf 91' lang='lat' dir='ltr'><strong>velit.</strong></span> <span class='ocrx_word' id='word_1_181' title='bbox 1198 2875 1429 2948; x_wconf 79' lang='lat' dir='ltr'><strong>Testabantur</strong></span> <span class='ocrx_word' id='word_1_182' title='bbox 1447 2876 1512 2942; x_wconf 91' lang='lat' dir='ltr'><strong>boc</strong></span> 
     </span>
     <span class='ocr_line' id='line_1_22' title="bbox 340 2987 1512 3071; baseline -0.001 -17"><span class='ocrx_word' id='word_1_183' title='bbox 340 2988 531 3071; x_wconf 91' lang='lat' dir='ltr'><strong>quicunque</strong></span> <span class='ocrx_word' id='word_1_184' title='bbox 565 2988 762 3055; x_wconf 88' lang='lat' dir='ltr'><strong>Batavorum</strong></span> <span class='ocrx_word' id='word_1_185' title='bbox 793 3004 851 3055; x_wconf 90' lang='lat' dir='ltr'><strong>aut</strong></span> <span class='ocrx_word' id='word_1_186' title='bbox 881 2988 916 3055; x_wconf 87' lang='lat' dir='ltr'><strong>vi</strong></span> <span class='ocrx_word' id='word_1_187' title='bbox 944 2999 1198 3071; x_wconf 90' lang='lat' dir='ltr'><strong>tempestatum,</strong></span> <span class='ocrx_word' id='word_1_188' title='bbox 1231 3003 1289 3057; x_wconf 83' lang='lat' dir='ltr'><strong>aut</strong></span> <span class='ocrx_word' id='word_1_189' title='bbox 1322 3008 1398 3054; x_wconf 87' lang='lat' dir='ltr'><strong>cum</strong></span> <span class='ocrx_word' id='word_1_190' title='bbox 1432 2987 1512 3071; x_wconf 89' lang='lat' dir='ltr'><strong>ipsis</strong></span> 
     </span>
     <span class='ocr_line' id='line_1_23' title="bbox 340 3097 1513 3186; baseline -0.001 -21"><span class='ocrx_word' id='word_1_191' title='bbox 340 3100 510 3168; x_wconf 90' lang='lat' dir='ltr'><strong>Lusitanis</strong></span> <span class='ocrx_word' id='word_1_192' title='bbox 539 3101 701 3166; x_wconf 88' lang='lat' dir='ltr'><strong>mercandi</strong></span> <span class='ocrx_word' id='word_1_193' title='bbox 731 3101 834 3184; x_wconf 82' lang='lat' dir='ltr'><strong>gratia</strong></span> <span class='ocrx_word' id='word_1_194' title='bbox 861 3116 893 3168; x_wconf 90' lang='lat' dir='ltr'><strong>et</strong></span> <span class='ocrx_word' id='word_1_195' title='bbox 911 3100 1095 3186; x_wconf 87' lang='lat' dir='ltr'><strong>ignorantia</strong></span> <span class='ocrx_word' id='word_1_196' title='bbox 1121 3114 1185 3166; x_wconf 87' lang='lat' dir='ltr'><strong>tam</strong></span> <span class='ocrx_word' id='word_1_197' title='bbox 1205 3097 1266 3166; x_wconf 85' lang='lat' dir='ltr'><strong>ieri</strong></span> <span class='ocrx_word' id='word_1_198' title='bbox 1287 3099 1409 3180; x_wconf 86' lang='lat' dir='ltr'><strong>moris,</strong></span> <span class='ocrx_word' id='word_1_199' title='bbox 1434 3099 1513 3182; x_wconf 87' lang='lat' dir='ltr'><strong>quia</strong></span> 
     </span>
     <span class='ocr_line' id='line_1_24' title="bbox 339 3211 1512 3296; baseline 0 -18"><span class='ocrx_word' id='word_1_200' title='bbox 339 3213 432 3295; x_wconf 93' lang='lat' dir='ltr'><strong>quod</strong></span> <span class='ocrx_word' id='word_1_201' title='bbox 461 3211 567 3278; x_wconf 85' lang='lat' dir='ltr'><strong>facere</strong></span> <span class='ocrx_word' id='word_1_202' title='bbox 597 3230 664 3279; x_wconf 90' lang='lat' dir='ltr'><strong>non</strong></span> <span class='ocrx_word' id='word_1_203' title='bbox 693 3228 834 3296; x_wconf 89' lang='lat' dir='ltr'><strong>possunt</strong></span> <span class='ocrx_word' id='word_1_204' title='bbox 861 3213 950 3279; x_wconf 88' lang='lat' dir='ltr'><strong>haud</strong></span> <span class='ocrx_word' id='word_1_205' title='bbox 977 3227 1096 3278; x_wconf 89' lang='lat' dir='ltr'><strong>temere</strong></span> <span class='ocrx_word' id='word_1_206' title='bbox 1120 3212 1259 3278; x_wconf 92' lang='lat' dir='ltr'><strong>credunt</strong></span> <span class='ocrx_word' id='word_1_207' title='bbox 1279 3211 1454 3295; x_wconf 87' lang='lat' dir='ltr'><strong>homines,</strong></span> <span class='ocrx_word' id='word_1_208' title='bbox 1479 3213 1512 3278; x_wconf 90' lang='lat' dir='ltr'><strong>in</strong></span> 
     </span>
     <span class='ocr_line' id='line_1_25' title="bbox 338 3322 1512 3390; baseline 0.002 -2"><span class='ocrx_word' id='word_1_209' title='bbox 338 3323 400 3390; x_wconf 91' lang='lat' dir='ltr'><strong>ista</strong></span> <span class='ocrx_word' id='word_1_210' title='bbox 427 3323 539 3390; x_wconf 80' lang='lat' dir='ltr'><strong>littora</strong></span> <span class='ocrx_word' id='word_1_211' title='bbox 569 3322 780 3389; x_wconf 89' lang='lat' dir='ltr'><strong>advenerunt.</strong></span> <span class='ocrx_word' id='word_1_212' title='bbox 825 3324 931 3389; x_wconf 91' lang='lat' dir='ltr'><strong>Pauca</strong></span> <span class='ocrx_word' id='word_1_213' title='bbox 964 3325 1123 3390; x_wconf 88' lang='lat' dir='ltr'><strong>duntaxat</strong></span> <span class='ocrx_word' id='word_1_214' title='bbox 1148 3339 1181 3390; x_wconf 94' lang='lat' dir='ltr'><strong>et</strong></span> <span class='ocrx_word' id='word_1_215' title='bbox 1202 3324 1345 3390; x_wconf 87' lang='lat' dir='ltr'><strong>recentia</strong></span> <span class='ocrx_word' id='word_1_216' title='bbox 1368 3324 1512 3390; x_wconf 88' lang='lat' dir='ltr'><strong>afferam.</strong></span> 
     </span>
    </p>

    <p class='ocr_par' dir='ltr' id='par_1_4' title="bbox 180 3433 1514 4282">
     <span class='ocr_line' id='line_1_26' title="bbox 180 3433 1512 3518; baseline 0 -16"><span class='ocrx_word' id='word_1_217' title='bbox 180 3457 251 3503; x_wconf 73' lang='lat' dir='ltr'><strong>Anno</strong></span> <span class='ocrx_word' id='word_1_218' title='bbox 264 3459 325 3514; x_wconf 74' lang='lat'><strong>1⁵9³·</strong></span> <span class='ocrx_word' id='word_1_219' title='bbox 339 3435 377 3500; x_wconf 88' lang='lat' dir='ltr'><strong>In</strong></span> <span class='ocrx_word' id='word_1_220' title='bbox 400 3434 563 3518; x_wconf 91' lang='lat' dir='ltr'><strong>Principis</strong></span> <span class='ocrx_word' id='word_1_221' title='bbox 585 3433 717 3515; x_wconf 91' lang='lat' dir='ltr'><strong>insula,</strong></span> <span class='ocrx_word' id='word_1_222' title='bbox 745 3454 819 3500; x_wconf 93' lang='lat' dir='ltr'><strong>cum</strong></span> <span class='ocrx_word' id='word_1_223' title='bbox 844 3454 883 3499; x_wconf 91' lang='lat' dir='ltr'><strong>ex</strong></span> <span class='ocrx_word' id='word_1_224' title='bbox 906 3437 1008 3502; x_wconf 88' lang='lat' dir='ltr'><strong>classe</strong></span> <span class='ocrx_word' id='word_1_225' title='bbox 1031 3435 1172 3502; x_wconf 89' lang='lat' dir='ltr'><strong>Oliverii</strong></span> <span class='ocrx_word' id='word_1_226' title='bbox 1196 3436 1512 3517; x_wconf 89' lang='lat' dir='ltr'><strong>Roterodamensis,</strong></span> 
     </span>
     <span class='ocr_line' id='line_1_27' title="bbox 340 3545 1514 3633; baseline 0.002 -21"><span class='ocrx_word' id='word_1_227' title='bbox 340 3567 423 3629; x_wconf 86' lang='lat' dir='ltr'><strong>quae</strong></span> <span class='ocrx_word' id='word_1_228' title='bbox 445 3561 601 3612; x_wconf 91' lang='lat' dir='ltr'><strong>terrarum</strong></span> <span class='ocrx_word' id='word_1_229' title='bbox 613 3547 726 3612; x_wconf 91' lang='lat' dir='ltr'><strong>orbem</strong></span> <span class='ocrx_word' id='word_1_230' title='bbox 740 3560 854 3628; x_wconf 89' lang='lat' dir='ltr'><strong>quarta</strong></span> <span class='ocrx_word' id='word_1_231' title='bbox 866 3545 1182 3633; x_wconf 90' lang='lat' dir='ltr'><strong>circumnavigavit,</strong></span> <span class='ocrx_word' id='word_1_232' title='bbox 1204 3547 1373 3631; x_wconf 90' lang='lat' dir='ltr'><strong>praecipui</strong></span> <span class='ocrx_word' id='word_1_233' title='bbox 1384 3547 1514 3630; x_wconf 94' lang='lat' dir='ltr'><strong>aliquot</strong></span> 
     </span>
     <span class='ocr_line' id='line_1_28' title="bbox 339 3656 1513 3744; baseline 0.002 -20"><span class='ocrx_word' id='word_1_234' title='bbox 339 3659 371 3724; x_wconf 93' lang='lat' dir='ltr'><strong>in</strong></span> <span class='ocrx_word' id='word_1_235' title='bbox 392 3673 509 3724; x_wconf 89' lang='lat' dir='ltr'><strong>terram</strong></span> <span class='ocrx_word' id='word_1_236' title='bbox 529 3656 620 3722; x_wconf 91' lang='lat' dir='ltr'><strong>missi</strong></span> <span class='ocrx_word' id='word_1_237' title='bbox 639 3657 791 3741; x_wconf 89' lang='lat' dir='ltr'><strong>praelatis</strong></span> <span class='ocrx_word' id='word_1_238' title='bbox 801 3657 877 3724; x_wconf 91' lang='lat' dir='ltr'><strong>hinc</strong></span> <span class='ocrx_word' id='word_1_239' title='bbox 888 3657 964 3724; x_wconf 91' lang='lat' dir='ltr'><strong>inde</strong></span> <span class='ocrx_word' id='word_1_240' title='bbox 973 3659 1062 3742; x_wconf 90' lang='lat' dir='ltr'><strong>pacis</strong></span> <span class='ocrx_word' id='word_1_241' title='bbox 1073 3659 1256 3744; x_wconf 90' lang='lat' dir='ltr'><strong>insignibus</strong></span> <span class='ocrx_word' id='word_1_242' title='bbox 1267 3659 1513 3743; x_wconf 86' lang='lat' dir='ltr'><strong>exciperentur,</strong></span> 
     </span>
     <span class='ocr_line' id='line_1_29' title="bbox 339 3769 1513 3853; baseline 0 -17"><span class='ocrx_word' id='word_1_243' title='bbox 339 3769 492 3836; x_wconf 89' lang='lat' dir='ltr'><strong>Lusitani</strong></span> <span class='ocrx_word' id='word_1_244' title='bbox 511 3769 586 3834; x_wconf 89' lang='lat' dir='ltr'><strong>data</strong></span> <span class='ocrx_word' id='word_1_245' title='bbox 604 3789 702 3852; x_wconf 90' lang='lat' dir='ltr'><strong>opera</strong></span> <span class='ocrx_word' id='word_1_246' title='bbox 725 3784 763 3835; x_wconf 91' lang='lat' dir='ltr'><strong>ut</strong></span> <span class='ocrx_word' id='word_1_247' title='bbox 784 3772 894 3852; x_wconf 89' lang='lat' dir='ltr'><strong>plures</strong></span> <span class='ocrx_word' id='word_1_248' title='bbox 918 3770 1106 3853; x_wconf 87' lang='lat' dir='ltr'><strong>allicerent,</strong></span> <span class='ocrx_word' id='word_1_249' title='bbox 1132 3771 1190 3837; x_wconf 89' lang='lat' dir='ltr'><strong>ubi</strong></span> <span class='ocrx_word' id='word_1_250' title='bbox 1212 3770 1246 3836; x_wconf 90' lang='lat' dir='ltr'><strong>id</strong></span> <span class='ocrx_word' id='word_1_251' title='bbox 1266 3790 1333 3838; x_wconf 91' lang='lat' dir='ltr'><strong>non</strong></span> <span class='ocrx_word' id='word_1_252' title='bbox 1353 3771 1513 3838; x_wconf 91' lang='lat' dir='ltr'><strong>successit</strong></span> 
     </span>
     <span class='ocr_line' id='line_1_30' title="bbox 341 3880 1512 3968; baseline 0.001 -21"><span class='ocrx_word' id='word_1_253' title='bbox 341 3901 396 3947; x_wconf 92' lang='lat' dir='ltr'><strong>eos</strong></span> <span class='ocrx_word' id='word_1_254' title='bbox 416 3880 524 3946; x_wconf 90' lang='lat' dir='ltr'><strong>statim</strong></span> <span class='ocrx_word' id='word_1_255' title='bbox 542 3881 762 3962; x_wconf 85' lang='lat' dir='ltr'><strong>obtruncant,</strong></span> <span class='ocrx_word' id='word_1_256' title='bbox 787 3896 932 3948; x_wconf 90' lang='lat' dir='ltr'><strong>caeteros</strong></span> <span class='ocrx_word' id='word_1_257' title='bbox 944 3881 985 3946; x_wconf 91' lang='lat' dir='ltr'><strong>ad</strong></span> <span class='ocrx_word' id='word_1_258' title='bbox 996 3903 1083 3949; x_wconf 89' lang='lat' dir='ltr'><strong>mare</strong></span> <span class='ocrx_word' id='word_1_259' title='bbox 1094 3881 1257 3968; x_wconf 87' lang='lat' dir='ltr'><strong>fugientes</strong></span> <span class='ocrx_word' id='word_1_260' title='bbox 1268 3897 1512 3967; x_wconf 86' lang='lat' dir='ltr'><strong>persequuntur</strong></span> 
     </span>
     <span class='ocr_line' id='line_1_31' title="bbox 341 3992 1512 4080; baseline 0.002 -22"><span class='ocrx_word' id='word_1_261' title='bbox 341 4008 373 4058; x_wconf 89' lang='lat' dir='ltr'><strong>et</strong></span> <span class='ocrx_word' id='word_1_262' title='bbox 395 3993 428 4058; x_wconf 92' lang='lat' dir='ltr'><strong>in</strong></span> <span class='ocrx_word' id='word_1_263' title='bbox 460 3993 610 4076; x_wconf 88' lang='lat' dir='ltr'><strong>scapham</strong></span> <span class='ocrx_word' id='word_1_264' title='bbox 641 3992 816 4077; x_wconf 87' lang='lat' dir='ltr'><strong>jaculando</strong></span> <span class='ocrx_word' id='word_1_265' title='bbox 845 3993 929 4060; x_wconf 91' lang='lat' dir='ltr'><strong>duos</strong></span> <span class='ocrx_word' id='word_1_266' title='bbox 952 3993 1127 4077; x_wconf 90' lang='lat' dir='ltr'><strong>perimunt.</strong></span> <span class='ocrx_word' id='word_1_267' title='bbox 1173 3993 1298 4060; x_wconf 90' lang='lat' dir='ltr'><strong>Eadem</strong></span> <span class='ocrx_word' id='word_1_268' title='bbox 1322 3993 1356 4058; x_wconf 94' lang='lat' dir='ltr'><strong>in</strong></span> <span class='ocrx_word' id='word_1_269' title='bbox 1378 3993 1512 4080; x_wconf 88' lang='lat' dir='ltr'><strong>naviga·</strong></span> 
     </span>
     <span class='ocr_line' id='line_1_32' title="bbox 339 4103 1512 4189; baseline 0 -19"><span class='ocrx_word' id='word_1_270' title='bbox 339 4105 448 4186; x_wconf 91' lang='lat' dir='ltr'><strong>tione,</strong></span> <span class='ocrx_word' id='word_1_271' title='bbox 473 4104 513 4169; x_wconf 90' lang='lat' dir='ltr'><strong>ad</strong></span> <span class='ocrx_word' id='word_1_272' title='bbox 536 4104 657 4170; x_wconf 87' lang='lat' dir='ltr'><strong>flumen</strong></span> <span class='ocrx_word' id='word_1_273' title='bbox 679 4104 834 4189; x_wconf 85' lang='lat' dir='ltr'><strong>Janerum</strong></span> <span class='ocrx_word' id='word_1_274' title='bbox 857 4103 890 4169; x_wconf 95' lang='lat' dir='ltr'><strong>in</strong></span> <span class='ocrx_word' id='word_1_275' title='bbox 904 4105 1060 4185; x_wconf 86' lang='lat' dir='ltr'><strong>Brasilia,</strong></span> <span class='ocrx_word' id='word_1_276' title='bbox 1083 4104 1175 4172; x_wconf 91' lang='lat' dir='ltr'><strong>missi</strong></span> <span class='ocrx_word' id='word_1_277' title='bbox 1186 4105 1226 4172; x_wconf 90' lang='lat' dir='ltr'><strong>ad</strong></span> <span class='ocrx_word' id='word_1_278' title='bbox 1235 4103 1330 4172; x_wconf 90' lang='lat' dir='ltr'><strong>littus</strong></span> <span class='ocrx_word' id='word_1_279' title='bbox 1340 4105 1409 4170; x_wconf 92' lang='lat' dir='ltr'><strong>duo</strong></span> <span class='ocrx_word' id='word_1_280' title='bbox 1419 4125 1512 4189; x_wconf 90' lang='lat' dir='ltr'><strong>prae-</strong></span> 
     </span>
     <span class='ocr_line' id='line_1_33' title="bbox 342 4214 1512 4282; baseline -0.001 -1"><span class='ocrx_word' id='word_1_281' title='bbox 342 4216 475 4281; x_wconf 91' lang='lat' dir='ltr'><strong>structis</strong></span> <span class='ocrx_word' id='word_1_282' title='bbox 506 4214 740 4282; x_wconf 90' lang='lat' dir='ltr'><strong>Lusitanorum</strong></span> <span class='ocrx_word' id='word_1_283' title='bbox 775 4215 903 4282; x_wconf 92' lang='lat' dir='ltr'><strong>insidiis</strong></span> <span class='ocrx_word' id='word_1_284' title='bbox 937 4216 1042 4282; x_wconf 89' lang='lat' dir='ltr'><strong>avecti</strong></span> <span class='ocrx_word' id='word_1_285' title='bbox 1077 4231 1163 4282; x_wconf 85' lang='lat' dir='ltr'><strong>sunt.</strong></span> <span class='ocrx_word' id='word_1_286' title='bbox 1209 4215 1316 4281; x_wconf 90' lang='lat' dir='ltr'><strong>Etiam</strong></span> <span class='ocrx_word' id='word_1_287' title='bbox 1352 4230 1512 4282; x_wconf 87' lang='lat' dir='ltr'><strong>tormenta</strong></span> 
     </span>
    </p>
   </div>
   <div class='ocr_carea' id='block_1_3' title="bbox 342 4326 1512 4508">
    <p class='ocr_par' dir='ltr' id='par_1_5' title="bbox 342 4326 1512 4508">
     <span class='ocr_line' id='line_1_34' title="bbox 342 4326 1511 4413; baseline -0.003 -19"><span class='ocrx_word' id='word_1_288' title='bbox 342 4330 473 4411; x_wconf 86' lang='lat' dir='ltr'><strong>explosa</strong></span> <span class='ocrx_word' id='word_1_289' title='bbox 505 4327 538 4394; x_wconf 91' lang='lat' dir='ltr'><strong>in</strong></span> <span class='ocrx_word' id='word_1_290' title='bbox 569 4345 691 4410; x_wconf 89' lang='lat' dir='ltr'><strong>naves,</strong></span> <span class='ocrx_word' id='word_1_291' title='bbox 725 4326 846 4410; x_wconf 91' lang='lat' dir='ltr'><strong>quibus</strong></span> <span class='ocrx_word' id='word_1_292' title='bbox 877 4326 972 4394; x_wconf 87' lang='lat' dir='ltr'><strong>funes</strong></span> <span class='ocrx_word' id='word_1_293' title='bbox 1006 4327 1156 4413; x_wconf 85' lang='lat' dir='ltr'><strong>disjecti,</strong></span> <span class='ocrx_word' id='word_1_294' title='bbox 1184 4329 1284 4396; x_wconf 92' lang='lat' dir='ltr'><strong>homo</strong></span> <span class='ocrx_word' id='word_1_295' title='bbox 1307 4326 1404 4392; x_wconf 89' lang='lat' dir='ltr'><strong>etiam</strong></span> <span class='ocrx_word' id='word_1_296' title='bbox 1429 4343 1511 4394; x_wconf 87' lang='lat' dir='ltr'><strong>unus</strong></span> 
     </span>
     <span class='ocr_line' id='line_1_35' title="bbox 342 4437 1512 4508; baseline -0.002 -4"><span class='ocrx_word' id='word_1_297' title='bbox 342 4437 531 4506; x_wconf 90' lang='lat' dir='ltr'><strong>interfectus</strong></span> <span class='ocrx_word' id='word_1_298' title='bbox 554 4454 614 4507; x_wconf 86' lang='lat' dir='ltr'><strong>est.</strong></span> <span class='ocrx_word' id='word_1_299' title='bbox 638 4439 724 4504; x_wconf 90' lang='lat' dir='ltr'><strong>Nam</strong></span> <span class='ocrx_word' id='word_1_300' title='bbox 748 4439 789 4505; x_wconf 91' lang='lat' dir='ltr'><strong>ad</strong></span> <span class='ocrx_word' id='word_1_301' title='bbox 813 4438 947 4506; x_wconf 87' lang='lat' dir='ltr'><strong>Dulium</strong></span> <span class='ocrx_word' id='word_1_302' title='bbox 971 4459 1095 4508; x_wconf 87' lang='lat' dir='ltr'><strong>amnem</strong></span> <span class='ocrx_word' id='word_1_303' title='bbox 1119 4457 1254 4507; x_wconf 88' lang='lat' dir='ltr'><strong>accessu</strong></span> <span class='ocrx_word' id='word_1_304' title='bbox 1276 4439 1373 4506; x_wconf 90' lang='lat' dir='ltr'><strong>etiam</strong></span> <span class='ocrx_word' id='word_1_305' title='bbox 1393 4437 1512 4506; x_wconf 93' lang='lat' dir='ltr'><strong>littoris</strong></span> 
     </span>
    </p>
   </div>
   <div class='ocr_carea' id='block_1_4' title="bbox 0 0 1671 5506">
    <p class='ocr_par' dir='ltr' id='par_1_6' title="bbox 0 0 1671 5506">
     <span class='ocr_line' id='line_1_36' title="bbox 0 0 1671 5506; baseline 0 0"><span class='ocrx_word' id='word_1_306' title='bbox 0 0 1671 5506; x_wconf 95' lang='lat' dir='ltr'><strong> </strong></span> 
     </span>
    </p>
   </div>
  </div>
 </body>
</html>
