3362 5504
310 608 371 669 268
611 621 659 667 ns
682 621 775 685 Juns
801 619 985 665 insanas.
1010 619 1090 665 cnr.
1115 617 1194 664 x111.

351 779 410 843 III.
435 778 593 844 Brutum
618 795 657 840 ru
671 775 886 842 Pnrncrrsm
899 791 1156 841 mnrcrromrm
1169 791 1244 840 nou
1258 792 1486 840 unsinannr.

352 889 676 955 IV.Pnassaur1s
713 905 898 952 rnmroms
931 904 1197 952 nnmsrnarur
1222 905 1371 972 qannnrr
1397 904 1486 951 nour
1671 873 1672 906 ⁴

311 1021 403 1067 mvrs
426 1020 506 1067 asr.

352 1113 396 1179 V.
428 1113 529 1178 Bona
563 1131 648 1178 rina
683 1131 783 1177 ctvrs
816 1129 969 1176 aucuns
995 1129 1147 1176 conans
1172 1108 1388 1175 ancrrrm
1414 1129 1488 1174 uno

311 1243 520 1290 REPUBLICA
545 1243 595 1288 nr
618 1241 787 1288 prorsus.

352 1336 412 1401 VI.
436 1336 595 1404 Brutum
620 1353 871 1402 nstrumrcan
890 1353 930 1398 ru
945 1332 1177 1414 Pnrncrurm,
1198 1349 1261 1400 our
1274 1331 1488 1397 suusPnru-

310 1467 399 1513 oses
423 1466 538 1527 surr,
563 1465 775 1512 nxrnnuum
800 1464 884 1510 nsr.
950 1440 951 1446 ’

352 1558 428 1624 VH.
463 1558 646 1624 Socurras
671 1575 781 1622 uasat
807 1575 931 1624 sacru
957 1574 1159 1621 russanum
1184 1575 1204 1620 A
1232 1555 1487 1620 Gflmsrraurs

311 1689 445 1742 rurrun
472 1690 551 1736 cum
585 1669 827 1735 Iurrnaarsus
852 1686 1004 1734 courna
1030 1667 1288 1733 Cunrsrmuos
1313 1684 1488 1732 rosunu-

313 1800 429 1849 rrsus.

805 1967 1000 1978 0——

152 2187 214 2231 Pars
227 2186 248 2232 1·
263 2200 299 2232 ca·
355 2178 563 2264 Quamquam
596 2189 705 2241 autem
737 2175 902 2258 privatum
936 2177 1001 2241 hoc
1035 2194 1107 2241 esse
1140 2175 1262 2240 bellum
1292 2175 1427 2258 potuit,
1454 2189 1489 2241 et

313 2287 444 2372 quidem
475 2289 602 2372 justum
636 2308 675 2353 eo
709 2308 776 2370 quo
806 2287 949 2354 diximus
973 2288 1095 2368 mod0,
1119 2286 1334 2353 nihilominus
1357 2308 1391 2352 re
1414 2287 1483 2370 ipsa

311 2400 415 2467 fuisse
445 2399 640 2483 publicum,
675 2414 708 2466 et
730 2399 904 2465 obvenisse
930 2400 1081 2483 praedam
1100 2399 1174 2483 jure
1192 2398 1350 2482 publico,
1374 2399 1487 2466 verius

152 2525 380 2590 scannuest:
413 2527 451 2578 ut
483 2510 615 2594 quidem
648 2510 726 2576 belli
762 2526 910 2577 auctores
931 2511 997 2577 sint
1018 2510 1215 2577 Hollandiae
1236 2509 1401 2594 Ordines,
1426 2511 1487 2592 qui

152 2590 223 2625 Μ’
236 2580 270 2625 H'
311 2624 411 2690 hodie
444 2644 518 2688 cum
549 2621 621 2689 aliis
644 2623 815 2708 Belgarum
837 2623 1029 2690 nationibus
1050 2621 1181 2688 foedere
1203 2621 1371 2707 conjuncti
1393 2637 1485 2688 sunt·

147 2241 215 2301 pitis.

312 2736 452 2801 Primam
479 2755 732 2818 supremamque
762 2735 839 2801 belli
865 2735 1019 2803 movendi
1047 2749 1243 2818 potestatem
1272 2752 1373 2817 penes
1402 2755 1487 2800 rem·

310 2848 474 2931 publicam
511 2867 580 2914 esse
610 2846 765 2912 diximus.
813 2847 896 2912 Esse
928 2860 1036 2913 autem
1069 2837 1190 2931 justam
1226 2845 1462 2928 rempublicam
1474 2833 1489 2926 ,’

311 2959 486 3048 perfectam
518 2959 689 3043 quamdam
711 2958 991 3025 communitatem.
1037 2958 1087 3023 Ita
1121 2977 1256 3042 regnum
1280 2957 1488 3041 Arragoniae

312 3071 508 3157 disjunctam
530 3090 600 3137 esse
622 3070 856 3154 rempublicam
869 3091 886 3135 a
899 3089 999 3155 regno
1022 3069 1183 3136 Castellae
1196 3069 1276 3134 dicit
1287 3067 1438 3134 Victoria
1451 3073 1461 3109 ¹
1474 3116 1486 3151 ,

312 3205 371 3250 nec
404 3184 555 3265 obstare,
591 3182 682 3266 quod
713 3197 854 3265 utraque
878 3183 941 3247 sub
964 3180 1077 3247 eodem
1101 3179 1144 3247 sit
1166 3179 1328 3263 Principe.
1375 3180 1430 3246 Sic
1455 3197 1490 3246 et

312 3295 508 3361 Hollandiae
540 3294 715 3360 comitatus
746 3308 816 3360 tota
847 3313 906 3376 per
936 3312 971 3358 se
1001 3292 1187 3376 respublica
1209 3306 1269 3358 est.
1317 3292 1488 3378 Quemad-

311 3408 444 3472 modum
476 3427 554 3471 vero
588 3406 645 3488 qui
675 3421 799 3472 turmas
821 3421 853 3471 et
876 3407 1030 3472 cohortes
1049 3404 1152 3486 dicit,
1177 3403 1355 3469 exercitum
1379 3403 1486 3485 dicit,

312 3518 356 3583 ita
380 3518 438 3600 qui
462 3517 604 3584 Ordines
627 3518 796 3598 nominat,
828 3536 894 3583 non
919 3516 1009 3582 aliud
1033 3537 1129 3599 quam
1153 3514 1386 3597 rempublicam
1410 3518 1489 3582 vult

312 3629 474 3715 intelligi,
499 3651 573 3696 cum
597 3650 709 3696 omnes
732 3643 839 3713 partes
863 3628 961 3696 simul
983 3643 1108 3695 sumtae
1130 3647 1147 3693 a
1170 3640 1242 3692 toto
1265 3647 1378 3693 revera
1400 3627 1487 3694 nibil

152 3751 298 3798 Problemal·
312 3741 476 3808 differant.
525 3741 657 3808 Tritum
693 3757 742 3810 est
772 3742 805 3808 in
838 3741 1113 3825 philosophorum
1133 3739 1306 3820 diatribis,
1330 3760 1415 3822 quae
1434 3761 1486 3806 res

312 3875 370 3938 per
401 3874 435 3920 sc
465 3872 561 3920 causa
592 3869 641 3921 est
676 3853 768 3920 alteri
799 3856 1027 3938 cujuscunque
1058 3851 1250 3935 qualitatis,
1287 3872 1355 3917 eam
1379 3855 1486 3917 multo

312 3965 416 4050 magis
447 3965 555 4031 eadem
587 3966 746 4049 qualitate
768 3965 972 4049 praeditam,
996 3964 1024 4030 si
1048 3963 1146 4030 modo
1171 3966 1242 4049 ejus
1261 3984 1319 4046 per
1338 3979 1488 4029 naturam

314 4079 358 4145 sit
378 4099 489 4162 capax,
532 4078 612 4163 Jurc
633 4093 741 4145 autem
765 4077 905 4144 naturali
918 4075 1100 4156 etdivino,
1124 4090 1161 4141 ut
1173 4075 1278 4159 ipsius
1290 4073 1486 4141 Victoriae²

349 4389 357 4423 ¹
376 4391 407 4438 de
425 4389 480 4447 jure
498 4390 559 4440 belli
578 4405 602 4440 n.
621 4404 645 4450 7.
678 4387 689 4423 ²
707 4393 738 4440 <le
756 4403 811 4452 pot.
829 4390 881 4440 civ.
899 4405 923 4439 n.
942 4403 966 4449 7.
985 4392 1054 4440 Idem
1072 4390 1149 4439 tradit
1167 4390 1274 4438 Covarr.
1292 4389 1373 4436 Pract.
1389 4399 1487 4448 quaest.

315 4495 338 4530 c.
361 4494 382 4529 1.
401 4483 485 4532 concl.
506 4495 526 4531 ι.
544 4483 575 4532 V.
593 4497 664 4543 supr,
681 4497 704 4531 c.
723 4497 747 4532 α.
765 4485 797 4533 ad
815 4485 895 4544 legem
917 4496 953 4531 10'.
