3310 5482
316 596 356 645 10
633 591 679 644 ort
703 591 797 658 Juua
822 590 1004 640 areanae.
1029 591 1110 638 car.
1134 591 1174 638 u.

318 749 493 836 astringat,
519 748 602 814 illud
624 746 752 814 interim
769 745 934 828 fatentes,
954 746 1096 812 inrebus
1108 746 1259 812 humanis
1272 744 1404 828 primam
1418 765 1487 810 esse
1570 821 1572 824 ¹

313 862 457 930 hominis
471 861 626 928 adversus
638 880 673 925 se
685 859 792 943 ipsum
804 858 901 925 officii
914 857 1081 926 rationem.
1106 858 1259 926 Officium
1267 872 1379 924 autern
1392 876 1488 924 omne

314 990 384 1057 est,
405 989 443 1042 ut
463 972 654 1058 philosophi
670 974 947 1055 loquuntur,nrpi
970 976 1011 1041 rai
1028 1001 1087 1047 πως
1099 975 1206 1057 ἔχοντα
1227 976 1406 1055 epistimin,
1424 972 1487 1037 hoc

314 1103 387 1170 est,
410 1099 604 1172 quaerente
634 1083 725 1150 modo
757 1083 804 1149 nd
825 1083 1115 1167 nor‘refernntnr.
1163 1082 1248 1148 Sunt
1275 1098 1382 1150 autern
1408 1085 1488 1150 haec

313 1199 476 1283 duplicia,
488 1197 550 1264 alia
563 1197 646 1264 enirn
659 1195 737 1263 boni
751 1245 764 1278 ,
783 1197 845 1262 alia
856 1195 930 1260 mali
943 1195 983 1262 ad
994 1215 1055 1262 nos
1065 1195 1223 1260 rationem
1235 1196 1373 1261 habent:
1397 1194 1489 1278 quod

314 1327 347 1378 et
362 1311 549 1378 affectiones
559 1309 703 1376 indicant
722 1308 830 1390 duae,
854 1327 935 1390 quas
958 1326 1024 1374 non
1047 1306 1173 1372 homini
1184 1307 1247 1373 soli
1267 1308 1324 1373 sed
1346 1307 1489 1372 animan-

313 1424 405 1491 tibus
425 1422 552 1490 cunctis
573 1435 687 1488 natura
704 1419 844 1498 indidit,
867 1419 944 1504 fuga
967 1434 999 1486 et
1022 1418 1197 1502 appetitus.
1242 1419 1282 1485 Id
1307 1434 1414 1486 autern
1439 1419 1506 1510 oi·

230 1577 238 1590 ι
314 1536 448 1609 ficium,
483 1535 522 1600 de
554 1553 621 1616 quo
645 1532 700 1598 hic
719 1532 816 1599 nobis
834 1533 995 1616 agendum
1020 1548 1092 1614 est,
1117 1551 1183 1598 non
1205 1532 1245 1598 ad
1264 1547 1382 1600 cuncta
1402 1533 1488 1598 bona

314 1651 461 1731 malaque
481 1646 642 1730 pertinet,
666 1645 723 1712 sed
735 1645 823 1712 adea
835 1645 1018 1726 duntaxat,
1042 1665 1125 1728 quae
1137 1645 1286 1712 homines
1298 1643 1488 1711 hominibus

314 1774 371 1826 aut
395 1758 543 1826 conferre
561 1772 619 1824 aut
639 1755 778 1824 adimere
799 1771 955 1840 possunt,
980 1771 1043 1822 tarn
1066 1757 1210 1824 actiones
1232 1771 1380 1824 externas
1391 1777 1488 1840 quarn

313 1892 366 1936 res
387 1871 483 1954 ipsas.
530 1869 617 1934 Nam
640 1885 765 1951 praeter
787 1870 866 1934 haec
887 1866 971 1934 nihil
993 1869 1104 1935 venire
1127 1884 1237 1952 potest
1255 1869 1288 1935 in
1309 1889 1378 1934 eam
1401 1889 1490 1934 corn·

314 1981 538 2066 parationem,
564 2001 628 2063 qua
648 1980 733 2046 illud
754 1980 944 2062 quaeritur,
969 1995 1127 2062 quantum
1151 1983 1250 2048 horno
1273 1981 1361 2064 sibi,
1386 2001 1489 2064 quan-

314 2110 451 2176 tumque
481 2093 573 2159 alteri
608 2093 735 2158 debeat.
781 2092 871 2157 Haec
896 2106 1004 2158 autern
1028 2092 1113 2158 bona
1136 2095 1283 2175 malaque
1307 2093 1340 2158 in
1363 2114 1490 2160 summa

316 2207 455 2272 duorum
489 2219 568 2272 sunt
602 2224 767 2289 generum.
814 2204 935 2270 Prioris
959 2204 1184 2288 digniorisque
1207 2205 1330 2272 ordinis
1353 2221 1431 2272 sunt
1454 2226 1490 2271 ea

317 2338 400 2401 quae
431 2337 548 2400 corpus
581 2317 688 2400 ipsum
721 2317 908 2401 attingunt,
938 2332 974 2382 ut
997 2317 1030 2383 in
1050 2319 1208 2384 malorum
1230 2337 1329 2384 censu
1351 2338 1438 2382 mors
1459 2333 1491 2384 et

317 2431 395 2496 huic
415 2430 516 2496 affinis
545 2429 762 2502 membrorum
794 2429 957 2496 mutilatio
988 2444 1021 2496 et
1038 2429 1162 2508 rnorbi;
1187 2430 1401 2496 inhonorum
1421 2429 1492 2495 vita

316 2563 389 2608 cum
414 2541 598 2627 integritate
622 2541 767 2624 corporis
791 2557 823 2606 et
834 2541 920 2608 bona
942 2542 1142 2609 valetudine.
1189 2543 1358 2609 Secundae
1379 2542 1490 2608 classis

316 2675 399 2737 quae
422 2668 517 2744 sunt,
543 2674 578 2720 ea
601 2653 641 2719 ad
663 2672 713 2718 res
734 2654 897 2736 pertinent
918 2669 1007 2720 extra
1026 2674 1086 2720 nos
1107 2654 1244 2737 positas,
1268 2654 1363 2722 nobis
1383 2669 1491 2720 tamen

316 2766 427 2834 utiles·
440 2781 498 2832 aut
518 2766 669 2847 inutiles,
693 2765 804 2832 tristes
825 2781 882 2832 aut
901 2767 1080 2852 jucundas:
1103 2768 1216 2849 quales
1236 2782 1314 2833 sunt
1335 2766 1410 2832 hinc
1431 2768 1492 2832 ho-

315 2897 398 2960 nor,
438 2877 595 2959 divitiae,
634 2880 809 2961 voluptas;
856 2877 931 2946 inde
965 2878 1118 2961 infamia,
1154 2895 1349 2962 paupertas,
1384 2878 1488 2945 dolor.

316 2991 427 3078 Quare
447 2991 540 3056 Plato
563 2989 574 3028 ¹
596 3010 670 3056 curn
690 2989 771 3056 dicit
782 2991 902 3056 versari
917 2991 1078 3075 justitiam
1101 2993 1164 3075 περὶ
1186 2996 1320 3072 σώματος
1341 2995 1491 3076 θεραπείαν

315 3105 406 3187 insui
426 3105 716 3186 penetraverint,
739 3105 834 3168 cirea
854 3107 1130 3188 eorporiseurnm
1153 3101 1309 3168 videlicet
1331 3117 1362 3166 et
1375 3122 1489 3167 rernm

311 3217 562 3300 possessionen,
595 3233 703 3279 return
738 3213 868 3279 nomine
896 3214 994 3279 etiarn
1026 3213 1112 3280 facta
1135 3212 1390 3297 comprehendit.
1437 3213 1490 3278 Ex

316 3325 377 3390 hac
409 3323 510 3407 igitur
542 3325 772 3408 conjugatione
803 3340 973 3409 emergunt
1002 3327 1087 3410 leges
1106 3325 1190 3411 juris
1215 3323 1371 3390 naturalis
1394 3324 1488 3390 duae.

187 3450 272 3496 Lacr.
316 3435 428 3500 Prior:
460 3433 575 3500 Vitam
604 3439 694 3500 tueri
722 3449 753 3500 et
785 3435 955 3503 declinare
988 3441 1145 3502 nocitura
1176 3437 1275 3501 licent
1292 3437 1314 3500 ².
1355 3437 1490 3500 Altera:

186 3555 235 3600 Lex
249 3555 282 3600 11.
318 3545 511 3632 Adjungere
537 3547 601 3612 sibi
633 3568 717 3632 qnae
748 3547 985 3616 adnitendum
1005 3563 1082 3614 sunt
1103 3549 1206 3614 utilia
1224 3567 1325 3632 enque
1345 3552 1491 3613 retinere

317 3659 442 3740 licent;
476 3659 567 3741 quod
598 3658 729 3741 quidem
756 3679 830 3726 curn
853 3659 970 3727 Tullio
994 3661 1070 3725 ³ite
1094 3659 1394 3742 interpretabimur:
1416 3681 1490 3725 eon-

317 3792 459 3849 cessum,
484 3771 547 3835 sibi
570 3774 707 3856 quisque
730 3785 767 3836 nt
790 3773 911 3855 malit,
936 3772 1285 3857 qnodndritneusnm
1297 3775 1488 3857 pertineat,

319 3905 418 3968 quern
438 3882 542 3947 alteri
563 3886 721 3968 acquiri,
745 3884 784 3950 id
796 3883 876 3967 fieri
896 3905 959 3949 non
983 3898 1190 3971 repugnante
1210 3898 1351 3949 netnrn.
1380 3883 1490 3950 Nemo

319 3995 460 4077 denique
502 3992 566 4058 fuit
599 3994 724 4060 inulla
757 4011 844 4062 secta
874 3996 1170 4080 philosophorum,
1204 3997 1260 4079 qui
1294 3996 1334 4061 de
1366 3995 1490 4062 finibus

319 4106 545 4191 disputaturus
567 4126 633 4172 non
655 4107 713 4174 has
734 4110 821 4192 leges
843 4122 882 4174 ut
893 4107 1087 4173 certissimas
1100 4123 1172 4175 ante
1185 4123 1308 4197 caetera
1320 4123 1456 4191 poneret
1467 4113 1490 4174 ⁴.

352 4344 361 4377 ¹
384 4345 415 4392 de
437 4356 491 4402 rep.
512 4345 529 4390 l.
549 4355 571 4400 3.
606 4339 616 4374 ²
635 4341 689 4390 Cic.
704 4344 736 4390 dc
754 4342 798 4392 off.
816 4346 833 4391 1.
853 4356 873 4392 1.
893 4342 928 4407 [c.
943 4357 968 4404 4.
987 4344 999 4405 §
1020 4343 1070 4407 11.]
1091 4346 1121 4392 de
1138 4342 1181 4392 fin.
1199 4346 1216 4392 1.
1234 4357 1259 4404 4.
1277 4341 1312 4406 [c.
1325 4355 1349 4400 7.
1365 4343 1378 4405 §
1397 4343 1446 4407 16.]
1466 4357 1491 4392 et

318 4438 336 4484 1.
355 4447 378 4492 5.
395 4433 430 4497 [c.
445 4448 469 4496 9.
485 4435 498 4495 §
516 4433 568 4497 24.]
588 4446 636 4493 pro
651 4432 710 4481 Mil.
732 4432 766 4496 [c.
783 4448 807 4494 4.
825 4435 837 4495 5
856 4433 906 4497 ro]
926 4433 938 4466 ⁸
953 4436 984 4484 de
1000 4435 1044 4486 off.
1060 4437 1078 4482 l.
1093 4448 1115 4494 s.
1140 4433 1174 4498 [c.
1194 4446 1217 4490 ⁵·
1235 4435 1247 4495 §
1267 4433 1317 4497 αι]
1356 4435 1367 4465 ⁴
1383 4435 1438 4483 Cic.
1459 4437 1492 4484 de

319 4525 361 4580 fin.
377 4528 392 4574 l.
414 4538 435 4583 3.
458 4524 493 4592 [c.
510 4525 534 4574 6.
549 4526 562 4586 §
580 4524 631 4591 ro]
650 4536 675 4573 et
693 4525 794 4586 passim.
