3316 5494
451 621 499 670 DE
523 619 616 692 JURE
641 621 827 671 PRAEDAB·
855 621 937 672 CAP.
961 624 1044 672 Vlll.
1297 625 1338 696 93

159 789 382 860 usurpantur,
399 776 556 861 reliquiae
567 778 672 845 videri
692 795 833 863 possunt
852 779 942 848 illius
962 780 1062 847 moris
1085 792 1118 848 et
1137 781 1229 850 velut
1252 784 1335 870 legis

160 909 268 956 nonae
288 890 506 975 exceptiones.
552 890 693 958 Romani
713 889 809 957 etiam
830 908 958 960 veteres
978 892 1142 975 dominis,
1165 896 1335 979 patribus,

160 1001 310 1084 maritis,
334 1001 521 1087 cognationi
541 1002 614 1088 jure
635 1002 791 1086 vitaeque
813 1004 969 1088 necisque
989 1006 1215 1089 permiserunt.
1257 1007 1336 1075 Alis

161 1113 297 1196 quidem
317 1133 413 1181 causa
433 1130 483 1182 est
506 1114 726 1182 exsecutionis
748 1135 832 1198 quae
854 1116 990 1201 privatis
1013 1119 1083 1203 lege
1107 1119 1238 1202 speciali
1261 1139 1333 1204 per·

160 1225 315 1293 mittitur.
340 1226 426 1293 Nam
445 1225 499 1294 hic
519 1227 546 1292 si
565 1225 605 1293 ad
624 1245 710 1294 arma
728 1228 890 1307 veniatur,
910 1228 1021 1296 nescio
1041 1249 1081 1296 an
1091 1249 1157 1296 non
1167 1230 1335 1314 publicum

161 1335 275 1421 potius
294 1357 392 1422 quarn
410 1334 572 1423 privatum
592 1339 714 1407 belluna
734 1337 907 1406 dicendum
927 1339 981 1408 sit.
1030 1341 1231 1425 Respublica
1250 1343 1334 1410 enirn

162 1451 259 1532 qussi
293 1446 432 1534 suscipit
455 1465 487 1516 et
509 1448 685 1534 gerendum
707 1448 845 1537 singulis
868 1452 1007 1518 mandet.
1053 1451 1128 1521 Etsi
1149 1473 1264 1521 verunt
1286 1470 1335 1521 est

162 1564 320 1646 pleraque
339 1561 394 1628 illa
414 1581 453 1628 ex
472 1563 582 1629 eadent
601 1562 741 1643 ratione,
762 1561 848 1640 unde
867 1577 899 1630 et
917 1560 1080 1647 privatum
1091 1565 1211 1632 bellurn
1222 1565 1334 1634 fluere.

160 1671 252 1760 Quis
275 1673 360 1740 enirn
392 1672 531 1757 exempli
563 1674 663 1760 gratia
683 1673 844 1742 militibus
867 1690 899 1741 et
922 1675 1128 1742 exactoribus
1148 1696 1215 1743 non
1237 1677 1334 1744 facile

160 1805 221 1869 per
248 1781 447 1870 iudiciorum
470 1786 616 1852 ordinem
645 1784 850 1867 occurritur,
873 1784 995 1852 idcirco
1017 1787 1098 1870 ipsis
1119 1786 1256 1872 privatis
1276 1781 1335 1872 p'er

161 1897 252 1982 leges
272 1915 307 1964 se
324 1895 511 1964 vindicandi
530 1913 674 1984 potestas
694 1896 788 1966 detur
808 1908 828 1964 ¹.
853 1898 899 1964 Et
916 1899 995 1966 haec
1014 1895 1115 1984 igitur
1132 1914 1227 1981 sunt,
1251 1911 1334 1984 quae

160 2011 255 2076 velut
273 1992 413 2094 vestigia
431 2007 589 2075 habentus
605 2007 689 2094 iuris
707 2009 864 2076 naturalis
883 2007 916 2075 ln
935 2007 1114 2094 puniendo.
1144 2011 1208 2078 Sed
1227 2011 1333 2080 adhuc

161 2117 304 2186 dubitari
332 2136 459 2204 potest,
493 2134 616 2187 semota
646 2121 832 2204 republica,
865 2139 961 2204 quern
994 2120 1056 2189 sibi
1088 2121 1213 2208 justum
1234 2120 1331 2192 finem

159 2231 308 2314 privatus
338 2235 426 2299 ultor
445 2229 550 2316 possit
571 2249 764 2316 proponere.
811 2231 918 2300 Facile
945 2232 1176 2318 respondebit,
1210 2236 1330 2318 quiex

159 2340 400 2427 philosophis¹
426 2339 577 2410 didicerit
608 2344 690 2411 duas
720 2361 791 2411 esse
813 2345 1036 2428 respublicas,
1061 2347 1192 2412 alterarn
1216 2346 1329 2428 orbis,

159 2455 293 2520 alteram
314 2454 416 2522 orbis.
462 2455 627 2523 Nimirum
656 2456 761 2523 totius
781 2456 914 2523 humani
935 2455 1061 2541 generis
1083 2457 1205 2523 bonurn
1229 2459 1268 2524 ab
1291 2474 1331 2524 eo

159 2567 321 2650 spectari,
352 2557 434 2634 non'
450 2568 542 2634 aliter
571 2583 669 2650 quarn
704 2589 777 2634 cum
812 2583 992 2652 serpentem
1026 2567 1157 2635 occidit.
1201 2568 1247 2634 Et
1267 2570 1331 2636 hoc
1388 2569 1391 2576 ‘

158 2679 290 2763 proprie
321 2695 371 2746 est
401 2679 484 2745 illud
512 2681 635 2746 bonurn
664 2695 858 2760 commune,
883 2681 974 2762 quod
996 2697 1117 2764 poenas
1139 2697 1253 2746 omnes
1274 2699 1331 2748 na·

156 2789 307 2857 ruraliter
336 2791 494 2876 respicere
525 2791 680 2858 diximus.
727 2791 802 2857 Hoc
825 2791 931 2874 ipsun
952 2790 1148 2858 Plutarchus
1171 2791 1183 2827 ⁸
1205 2792 1332 2877 egregie

158 2897 316 2986 explicat:
339 2909 379 2990 τῷ
399 2909 429 2974 δὲ
449 2905 538 2990 (θεῷ)
559 2905 661 2974 ἕπεται
682 2906 745 2982 δίκη
767 2912 823 2972 τῶν
840 2907 1071 2986 ἀπολειπομένων
1088 2909 1139 2972 τοῦ
1158 2899 1229 2972 lelou
1247 2906 1332 2987 νόμον

155 3017 297 3098 τιμωρός,
319 3017 338 3100 ᾖ
357 3020 494 3102 χρώμεθα
516 3017 625 3090 πάντες
654 3015 787 3098 ἄνθρωποι
818 3017 906 3099 Φύσει
936 3018 1004 3098 πρὸς
1037 3014 1153 3088 πάντας
1174 3017 1331 3098 tlalptltruue

155 3124 253 3210 sitnm
282 3128 416 3204 notitae.
457 3126 608 3208 Jusrttta
639 3125 748 3191 Deum
777 3128 960 3192 comitatur
990 3123 1104 3189 ultrix
1136 3141 1247 3189 eorum
1271 3128 1331 3210 qul

155 3248 279 3302 contra
299 3233 399 3324 legem
419 3235 569 3306 diuinam
591 3233 814 3322 delinquunt:
828 3254 895 3322 qua
916 3253 1020 3302 omnes
1039 3237 1182 3302 homines
1201 3249 1331 3302 natura

158 3353 291 3414 utimur
322 3341 481 3418 aduersus
508 3365 613 3414 omnes
637 3350 799 3428 homines,
823 3361 862 3413 ut
884 3346 979 3416 cives.
1024 3345 1122 3414 Unde
1145 3365 1211 3413 non
1232 3349 1329 3433 longe

156 3457 250 3540 abit,
283 3452 375 3542 quod
405 3457 629 3527 scholastici*
655 3459 792 3540 dicunt,
825 3458 943 3526 debere
973 3473 1034 3525 nos
1066 3458 1201 3543 injurias
1235 3458 1330 3525 etiam

154 3583 286 3637 nostres
317 3571 456 3653 ulcisci,
491 3569 519 3638 sl
550 3573 631 3640 tales
664 3570 730 3638 sint
761 3585 799 3638 ut
828 3570 869 3638 ad
900 3570 1103 3651 Ecclesiam,
1135 3571 1198 3636 hoc
1221 3585 1269 3636 est
1289 3568 1332 3636 ud

155 3681 264 3749 bonos
294 3699 407 3750 omnes
438 3681 633 3750 redundent.
680 3683 792 3768 Hujus
816 3696 923 3749 tutem
947 3681 1025 3750 boni
1047 3680 1230 3749 communis
1252 3695 1331 3747 cura

155 3793 338 3876 aequaliter
361 3794 402 3860 ad
432 3793 583 3876 quemvis
610 3794 772 3879 pertinere
795 3794 947 3876 videtur,
971 3791 1041 3862 slve
1064 3792 1127 3877 ipsi
1147 3792 1217 3860 slve
1237 3789 1330 3860 alteri

154 3901 245 3972 illata
269 3904 313 3971 sit
342 3903 484 3990 injuria,
507 3903 572 3974 nisi
591 3899 683 3990 quod
705 3922 780 3973 suae
802 3904 937 3992 injurias
960 3904 1096 3988 exsequi
1114 3903 1331 3988 periculosius

152 4084 344 4094 —.--..——

191 4175 199 4208 ¹
218 4175 247 4226 c.
263 4177 365 4236 quando
387 4175 431 4225 lic.
453 4176 520 4226 unic.
538 4188 585 4226 tot.
605 4176 644 4226 tit.
660 4174 703 4242 [C.
719 4190 741 4235 3.
756 4176 808 4239 ep]
823 4179 840 4225 l.
855 4173 1020 4237 prohibitum.
1038 4177 1067 4224 C.
1086 4173 1184 4232 dejure
1201 4173 1266 4224 lisci.
1286 4170 1329 4238 [c.

157 4279 197 4316 ιο.
219 4281 240 4315 r.
261 4266 297 4329 5.]
317 4269 334 4314 l.
355 4279 444 4316 eontra
461 4279 554 4317 nostra.
573 4271 602 4317 C.
626 4271 658 4319 de
678 4269 848 4318 exactoribus.
875 4266 919 4332 [C.
945 4281 982 4316 12.
1003 4249 1045 4315 m.
1070 4267 1104 4328 s.]
1124 4269 1140 4314 1.
1155 4267 1284 4315 devotum.
1300 4267 1329 4314 C.

153 4356 312 4407 demereris.
331 4353 374 4420 [C.
396 4371 433 4406 rc.
447 4367 488 4419 4¹·
504 4357 539 4420 s]
557 4360 607 4422 Jes·
625 4359 651 4407 in
664 4361 683 4408 1.
700 4371 727 4408 ut
747 4359 808 4408 vin.
822 4359 847 4407 ff.
865 4360 896 4408 de
912 4357 969 4416 inst.
987 4370 1012 4408 et
1029 4355 1093 4414 lure.
1114 4355 1157 4420 [D.
1175 4370 1195 4404 1.
1216 4370 1237 4404 1.
1251 4354 1287 4419 q.]
1304 4370 1330 4418 n,

157 4457 197 4503 ιε.
233 4445 319 4498 ’sen
340 4450 372 4498 de
392 4445 446 4497 vita
463 4450 543 4498 beers
564 4459 587 4499 c.
607 4461 646 4508 st.
681 4448 742 4501 ³de
759 4449 851 4500 exsilio
870 4447 910 4514 [p.
927 4450 984 4499 601.
1004 4447 1043 4513 b.]
1077 4445 1196 4497 ⁴Tlrorn.
1216 4461 1238 4495 r.
1259 4459 1282 4494 n.
1305 4459 1329 4506 q.

157 4541 215 4586 108.
233 4539 295 4588 Silv.
314 4539 340 4586 in
357 4554 385 4588 v.
403 4537 530 4588 Vindicta.
