3316 5494
339 585 402 649 160
647 601 694 648 na
717 602 810 668 June
837 601 1021 650 antenna.
1047 602 1129 650 cnr.
1153 603 1189 650 x.

339 771 429 837 erat,
462 771 500 824 ut
526 775 625 840 supra
654 756 834 843 attigimus.
880 758 972 824 Haec
996 772 1104 824 autem
1127 755 1235 824 omnia
1254 733 1370 824 locum
1386 757 1511 822 habent

339 867 434 934 etiam
465 883 566 951 tunc,
597 889 670 935 cum
700 882 789 936 certa
810 869 932 935 laboris
953 889 1074 935 merces
1095 869 1193 935 militi
1214 868 1300 935 dicta
1322 882 1391 934 est:
1412 867 1511 951 quasi

337 980 453 1064 praeda
485 980 640 1065 stipendii
673 979 853 1047 auctarium
884 980 950 1063 sit,
975 996 1033 1048 aut
1054 981 1126 1066 ejus
1149 979 1359 1048 emolumenti
1382 979 1510 1046 ratione

337 1091 446 1160 minus
467 1091 566 1157 militi
586 1092 619 1157 in
641 1111 713 1158 aere
733 1093 891 1160 solvatur.
916 1091 1003 1160 Sunt
1019 1091 1104 1158 enim
1124 1091 1249 1174 ubique
1272 1090 1340 1158 fere
1360 1090 1510 1176 gentium

338 1205 451 1272 salaria
482 1203 564 1270 adeo
585 1203 727 1288 exigua,
747 1218 785 1269 ut
807 1202 871 1268 nisi
892 1203 1060 1286 proposita
1081 1204 1141 1270 hac
1161 1221 1219 1286 spe
1239 1202 1369 1269 difficile
1391 1203 1435 1270 sit
1457 1223 1510 1270 re·

336 1317 466 1400 perire,
495 1314 617 1398 quibus
639 1315 766 1398 placeat
783 1313 871 1381 vitae
894 1333 999 1399 genus
1021 1314 1172 1383 militare.
1215 1315 1316 1381 Nunc
1340 1333 1404 1380 una
1426 1315 1508 1382 haec

336 1427 456 1496 fiducia
480 1429 608 1494 labores
632 1427 797 1508 sustinet,
822 1426 914 1508 quod

1208 1537 1311 1602 horae

478 1651 647 1716 Memento
673 1652 745 1713 cita
766 1667 852 1712 mors
873 1650 965 1715 rente
990 1661 1051 1712 aot
1074 1651 1221 1715 victoria
1241 1648 1334 1714 laeto
1352 1655 1376 1716 ¹.

378 1763 556 1845 Nusquam
578 1776 686 1828 autem
710 1779 777 1826 non
800 1758 900 1827 hodie
918 1777 993 1842 pars
1013 1760 1149 1842 praedae
1171 1759 1268 1826 militi
1289 1761 1431 1845 capienti
1453 1784 1509 1831 ce-

336 1874 408 1957 dit,
431 1893 505 1958 pars
535 1873 575 1940 ad
604 1871 837 1955 rempublicam
868 1870 1044 1936 revertitur
1076 1886 1132 1937 aut
1153 1871 1229 1956 ejus
1244 1874 1455 1940 concessione
1467 1875 1509 1941 ad

336 1987 435 2053 duces
463 1984 542 2053 belli
573 1985 803 2069 cujuscunque
836 1980 955 2067 gradus
990 1980 1024 2045 in
1057 1982 1236 2065 praemium
1260 2004 1377 2068 operae
1398 1985 1507 2052 defer-

335 2114 406 2165 tur:
438 2098 530 2180 quod
561 2096 707 2164 omnium
742 2095 941 2178 populorum
974 2095 1063 2178 leges
1094 2107 1158 2160 tam
1191 2115 1290 2178 super
1316 2097 1506 2178 maritimo,

336 2229 434 2292 quam
457 2208 601 2276 terrestri
624 2209 713 2276 bello
737 2205 903 2273 declarant
922 2204 947 2272 ².
994 2204 1278 2293 Quemadmodum
1306 2207 1509 2276 Constituti·

335 2322 455 2389 onibus
478 2319 669 2404 Hispanicis
691 2326 703 2363 ⁸
726 2317 864 2402 praedae
887 2319 978 2403 ejus,
1003 2336 1088 2400 quae
1112 2317 1154 2385 ad
1174 2316 1310 2384 militem
1334 2319 1506 2402 pervenit,

336 2432 499 2500 interdum
524 2452 598 2516 pars
622 2429 762 2514 quinta,
785 2447 1032 2512 nonnumquam
1052 2427 1165 2509 tertia,
1189 2427 1357 2496 aliasvero
1370 2429 1508 2497 dimidia

336 2545 404 2631 regi
429 2546 585 2612 debetur:
610 2555 643 2609 et
664 2541 828 2626 septima,
852 2540 1014 2607 interdum
1038 2539 1186 2620 decima,
1206 2540 1283 2606 duci
1307 2542 1505 2609 excercitus.

334 2656 501 2724 Interdum
524 2672 590 2722 non
613 2674 687 2737 pars
708 2655 801 2735 sola,
826 2653 884 2722 sed
906 2666 1013 2719 totum
1031 2671 1133 2737 genus
1156 2651 1294 2750 praedae
1318 2652 1506 2738 excipitur,

335 2784 374 2836 ut
395 2787 497 2836 naves
528 2767 663 2835 bellicae
694 2764 816 2832 eisdem
847 2763 1071 2848 Hispanorum
1103 2761 1231 2847 legibus
1251 2759 1264 2796 ¹
1281 2751 1428 2847 Principi
1452 2785 1507 2831 ac-

335 2880 522 2963 quiruntur.
554 2879 649 2965 Quae
672 2897 751 2945 vero
774 2896 891 2960 operae
914 2891 947 2942 et
968 2875 1107 2960 periculi
1131 2876 1173 2940 ad
1195 2875 1369 2959 praedam,
1394 2877 1506 2943 eadem

333 3007 391 3060 aut
421 2992 517 3060 etiam
547 2989 668 3075 justior
699 3003 868 3056 sumtuum
900 2987 983 3054 ratio
1016 3002 1087 3069 est,
1117 2987 1145 3052 si
1180 3007 1265 3070 quos
1298 2986 1448 3071 privatus
1471 2989 1507 3053 in

334 3105 456 3171 bellum
488 3101 656 3186 publicum
687 3099 780 3168 fecit.
827 3098 930 3186 Quod
958 3097 1043 3164 enim
1068 3119 1128 3182 pro
1151 3098 1206 3164 his
1230 3098 1385 3182 impensis
1408 3100 1509 3167 debet

333 3214 539 3298 respublica,
563 3209 766 3278 commodius
789 3230 887 3292 quam
912 3230 951 3276 ex
973 3209 1088 3293 praeda
1112 3209 1252 3277 dissolvi
1275 3211 1402 3294 nequit.
1425 3211 1507 3278 Mo·

333 3326 426 3392 ribus
447 3323 568 3390 Italicis
588 3329 599 3362 ¹
620 3336 715 3406 capta
746 3321 891 3388 hostium
923 3320 999 3387 navi
1023 3320 1125 3388 triens
1149 3341 1235 3388 unus
1258 3320 1299 3388 ad
1320 3322 1414 3388 navis
1435 3323 1507 3390 vic-

333 3437 424 3503 tricis
447 3433 638 3515 dominum,
663 3435 744 3499 alter
764 3432 805 3499 ad
824 3453 882 3500 eos
905 3451 1046 3515 quorum
1070 3452 1193 3498 merces
1215 3431 1249 3498 in
1266 3432 1344 3499 navi
1368 3433 1505 3501 victrice

333 3547 487 3628 fuerunt,
511 3544 627 3626 tertius
647 3545 688 3610 ad
711 3562 767 3610 eos
790 3543 848 3628 qui
871 3557 1060 3628 pugnarunt
1077 3542 1236 3627 pertinet:
1260 3544 1294 3611 in
1315 3544 1423 3628 primo
1444 3546 1503 3610 im-

333 3677 472 3742 pensae,
496 3656 694 3724 insecundo
715 3655 875 3739 periculi,
899 3654 933 3720 in
954 3653 1051 3720 tertio
1071 3673 1188 3739 operae
1209 3653 1248 3721 fit
1266 3658 1501 3744 compensatim

335 3764 543 3838 Alibi‘illud
564 3782 730 3850 receptum
755 3782 805 3834 est
827 3781 864 3833 ut
887 3765 945 3849 qui
967 3764 1063 3830 militi
1088 3785 1208 3847 equum
1222 3766 1262 3831 ad
1273 3766 1500 3834 excursionem

333 3865 554 3950 commodavit
586 3879 735 3962 praedam
770 3897 843 3944 cum
878 3877 935 3942 illo
971 3874 1107 3942 dividat.
1161 3875 1266 3962 Apud
1296 3877 1502 3961 Hispanos⁷

333 3992 441 4060 navali
463 3993 550 4058 bello
584 3989 750 4072 quidquid
770 3987 952 4071 acquiritur
969 3987 1055 4072 regis
1077 3986 1133 4068 fit,
1156 3986 1184 4052 si
1205 3987 1303 4054 modo
1327 3987 1382 4054 illc
1404 4009 1504 4056 naves

333 4122 406 4168 curn
436 4099 639 4166 armamentis
668 4096 875 4182 suppeditet,
899 4117 1125 4182 annonamque
1150 4099 1311 4167 militibus
1341 4116 1374 4166 et
1394 4101 1502 4167 nautis

333 4262 525 4278 ...ι-ιώ

365 4334 374 4384 l
393 4337 455 4383 Hor.
473 4337 521 4383 sat.
538 4337 556 4383 t.
576 4348 598 4382 1.
618 4331 655 4398 [t.
671 4345 710 4383 vt.
729 4344 753 4391 7.
771 4333 822 4395 sq]
858 4330 869 4365 ²
886 4335 918 4382 V.
935 4335 1011 4384 Instr.
1031 4335 1114 4386 merit.
1132 4338 1209 4386 Foed.
1227 4335 1307 4397 Belgii
1318 4337 1501 4387 Prov.art.aa.

331 4425 377 4476 ⁸1.
400 4440 426 4487 4.
449 4425 488 4474 tit.
514 4425 554 4473 2⁶.
578 4440 604 4486 p.
629 4438 652 4472 2.
685 4421 697 4454 ⁴
720 4425 738 4471 1.
767 4423 1118 4496 19.rit.26.p‚1e.1.20.
1153 4426 1286 4478 ‘Consul
1304 4427 1388 4478 maria.
1406 4441 1430 4478 c.
1447 4430 1500 4482 abs.

331 4517 423 4566 ‘Bell
440 4531 466 4576 p.
484 4529 509 4565 a.
526 4514 567 4563 tit.
586 4527 609 4570 5.
642 4510 688 4562 il.
709 4527 747 4577 19·
765 4514 805 4586 tlt.
824 4515 864 4562 2⁶.
882 4529 907 4575 p.
926 4530 950 4564 a.
968 4518 985 4564 l.
1005 4531 1044 4579 14
