3362 5504
328 1724 446 1780 Grotius
466 1723 507 1778 ad
526 1726 616 1797 operis
632 1724 738 1780 calcem
757 1721 802 1780 his
818 1725 912 1781 uerbis
929 1723 1078 1798 descripsit
1097 1723 1283 1793 documenta,
1300 1743 1376 1795 quae

286 1831 343 1902 ipse
363 1826 519 1884 additurus
539 1839 626 1884 erat:

326 1931 464 2003 Sequitur
483 1933 647 2004 exemplum

326 2032 425 2093 Edicti
447 2032 591 2093 Ordinum
613 2031 842 2106 foederatorum,
865 2037 944 2094 Anni
970 2051 1054 2110 1599.
1077 2037 1156 2111 Sept.
1179 2056 1206 2096 2.

324 2141 443 2198 Decreti
465 2137 609 2198 Ordinum
632 2137 820 2207 Hollandiae‚
842 2141 922 2197 Anni
948 2142 1033 2215 1604.
1056 2142 1136 2215 Sept.
1161 2158 1186 2199 ιι

327 2243 492 2301 Sententiae
514 2243 640 2316 Collegii
662 2241 882 2302 Admiralitatis.
1359 2299 1364 2310 ,

326 2347 418 2405 Partis
436 2347 584 2420 Epistolae
600 2347 738 2421 Episcopi
756 2348 946 2405 Malaccensis
957 2346 993 2405 ad
1005 2347 1125 2421 Regem.
1141 2350 1224 2408 1600.
1235 2351 1290 2407 ult.
1302 2350 1374 2422 Apr.

325 2451 475 2526 Epistolae
497 2451 616 2509 Senatus
638 2451 838 2526 Malaecensis.
863 2453 948 2524 1603.
969 2452 1072 2510 Martii
1094 2469 1123 2525 9.

324 2555 471 2628 Epistolae
494 2555 635 2612 Praefecti
658 2555 847 2612 Malaccensis
866 2554 901 2613 ad
913 2556 972 2628 Jac.
985 2556 1233 2615 Hemskerckium.
1254 2555 1375 2616 Eodem.

323 2660 452 2716 Alterius
474 2658 623 2732 Epistolae
644 2658 779 2732 ejusdem.
805 2660 889 2731 1603.
911 2659 1015 2716 Martii
1037 2661 1085 2719 26.

324 2762 472 2836 Epistulae
495 2763 648 2837 Capitonei
670 2774 771 2837 captae
793 2763 929 2820 Galeonis
951 2761 987 2820 ad
1009 2763 1259 2822 Hemskerckium.
1288 2764 1373 2836 1603.

322 2865 426 2924 Martii
448 2883 496 2940 24.

324 2969 414 3026 Haec
432 2967 601 3027 documenta
630 2988 693 3028 cum
719 2967 800 3028 hodie
820 2975 850 3028 in
873 2972 973 3030 Grotii.
991 2969 1167 3048 apographis
1188 2990 1241 3028 non
1262 2984 1372 3047 compa-

283 3086 401 3144 rerent,
423 3073 562 3132 Fruiuius
583 3091 618 3130 ea
638 3074 756 3156 aliunde
775 3079 954 3148 conquisivit.

321 3179 479 3236 Decretum
513 3177 653 3236 Ordiuum
681 3175 901 3252 foederatmum
932 3181 1039 3254 legitur
1067 3185 1097 3238 in
1118 3181 1219 3238 Borrii
1237 3180 1372 3239 Historia

283 3283 421 3340 bellorum
440 3281 712 3340 Neerlandicorum.
736 3281 798 3341 Vol.
818 3281 875 3342 IV.
893 3296 922 3360 p.
944 3297 1012 3356 525.
1032 3302 1073 3356 sq.

322 3387 480 3443 Decretum
504 3385 645 3444 Ordinum
666 3385 842 3445 Hollamliae
863 3399 905 3445 est
926 3392 955 3445 in
976 3390 1132 3459 uolumine,
1153 3407 1206 3462 quo
1228 3393 1371 3447 continen-

281 3503 334 3548 tur
353 3491 483 3547 Decreta
505 3489 679 3548 Hollandiae
692 3488 757 3569 (De
767 3492 932 3550 Resolutie'n
943 3511 1001 3550 ran
1011 3492 1046 3550 le
1057 3494 1164 3551 Staten
1175 3512 1232 3550 ran
1244 3493 1374 3550 Hollaud

282 3613 316 3651 en
337 3590 610 3671 Westfrieslanl)‚
630 3599 704 3652 anui
727 3597 812 3670 1604.
828 3609 860 3670 p.
880 3612 948 3670 217.

322 3699 477 3755 Sententia
501 3697 621 3772 Collegii
640 3696 866 3757 Admiralitatis
884 3701 992 3773 legitur
1002 3704 1032 3757 in
1044 3713 1125 3775 opere
1136 3699 1236 3759 Hulsii
1241 3743 1250 3771 ‚
1271 3700 1371 3758 Achte

281 3799 445 3876 Schiffart,
465 3799 774 3875 zusammengehracht
794 3801 886 3860 durch
907 3804 1039 3877 mepland
1064 3803 1203 3862 Lerinum
1225 3804 1369 3864 Hulsium.

281 3902 409 3978 Franks.
430 3905 512 3978 alM.
536 3907 620 3965 1608.
640 3919 704 3981 cap.
722 3923 774 3964 xv.
790 3919 822 3981 p.
844 3925 891 3982 42.
910 3925 951 3979 sq.

319 4009 451 4085 Epistola
470 4009 602 4084 Episcopi
628 4009 821 4068 Malaccensis
848 4011 890 4067 ad
914 4011 1021 4084 Regem
1042 4031 1056 4068 e
1078 4013 1176 4070 Grotii
1194 4011 1369 4088 apographis

278 4131 306 4170 a·
319 4113 371 4172 Fr.
391 4113 536 4184 Mullero,
557 4115 710 4189 bibliopola
730 4113 1004 4186 Amstelodamensi‚
1026 4129 1103 4174 emta
1125 4129 1184 4187 est,
1205 4123 1256 4188 qui
1275 4137 1368 4175 exem-

274 4219 356 4292 plum
377 4218 436 4292 ejus
458 4219 535 4276 nobis
550 4220 702 4294 praebuit.

321 4321 455 4394 Quatuor
481 4325 616 4397 epistolae
647 4322 854 4382 Lusitanorum
884 4324 926 4382 al
944 4326 1072 4382 Batauos
1090 4337 1213 4398 ,exstant
1234 4331 1264 4382 in
1286 4339 1368 4400 apere

276 4422 414 4498 fratrum
434 4426 468 4484 le
488 4427 564 4500 Dry,
592 4428 667 4500 quod
685 4430 878 4488 inscribitur:
907 4428 1064 4504 Appendix
1083 4429 1149 4487 oder
1170 4430 1367 4506 Erghntzung
