3362 5504
450 615 497 660 DE
521 615 614 682 JURE
640 615 822 661 PRAEDAE.
850 617 928 661 CAP.
954 615 1029 662 XIV.
1263 613 1325 676 307

150 772 223 835 labe
255 769 448 852 aspergitur.
494 771 600 852 Atqui
632 770 714 835 nihil
746 784 795 835 est
816 768 970 849 facilius,
995 790 1091 851 quam
1117 769 1178 836 ista
1202 769 1324 837 discer-

150 902 249 961 nere,
284 881 310 948 si
344 880 384 945 ad
414 880 495 965 Justi
521 884 650 964 regulas
673 903 771 965 supra
795 881 952 961 traditas,
986 901 1070 963 quae
1095 902 1169 948 cum
1192 880 1322 948 bonesti

151 993 274 1078 regulis
306 1009 514 1076 congruunt,
555 995 778 1078 respiciamus.
833 994 977 1060 Primum
1011 994 1094 1060 enim
1128 993 1323 1062 inhonestus

150 1120 200 1171 est
233 1121 390 1187 quaestus
423 1127 560 1187 eorum,
596 1108 653 1188 qui
682 1107 810 1189 privata
832 1126 930 1172 manu
954 1108 1043 1172 nulla
1067 1126 1162 1172 causa
1187 1121 1321 1190 urgente

149 1218 232 1283 alios
266 1218 472 1301 despoliant,
506 1239 591 1300 quos
625 1219 657 1284 in
692 1219 772 1283 mari
796 1217 916 1301 piratas
941 1217 1089 1284 dicimus.
1137 1217 1322 1286 Deinde-et

148 1331 305 1412 illorum,
331 1331 388 1414 qui
411 1333 502 1396 nulla
524 1331 668 1416 legitima
692 1332 731 1396 de
755 1350 851 1396 eausa
873 1345 1065 1413 potestatem
1091 1329 1167 1396 belli
1190 1329 1321 1414 publice

150 1444 283 1528 gerendi
316 1458 499 1525 usurpant,
533 1442 620 1508 sicut
651 1443 824 1508 memoriae
856 1443 1023 1525 proditum
1055 1459 1104 1508 est
1133 1458 1219 1510 totas
1243 1443 1320 1510 olim

150 1570 288 1640 gentes,
314 1569 351 1620 ut
375 1555 547 1620 Cretenses
573 1569 605 1620 et
627 1555 774 1634 Cilicas,
801 1554 946 1624 Graecos
972 1555 1114 1636 denique
1137 1556 1225 1637 ipsos
1251 1557 1321 1622 Ho-

149 1688 240 1733 mero
274 1681 377 1747 teste,
412 1666 596 1732 Germanos
631 1667 726 1732 etiam
753 1682 784 1732 et
807 1667 1018 1732 Normannos
1050 1668 1251 1750 direptiones
1282 1689 1321 1734 ne

150 1795 321 1863 praetextu
359 1779 490 1861 quidem
524 1779 642 1844 idoneo
679 1794 710 1844 et
744 1782 847 1861 palam
883 1779 1082 1862 publiceque
1117 1779 1320 1846 exercuisse:

151 1912 237 1973 quos
261 1908 294 1957 et
317 1892 406 1974 ipsos
439 1912 505 1957 non
535 1891 654 1976 injuria
677 1892 856 1974 praedones
881 1891 1031 1957 dicimus.
1080 1892 1266 1975 Culpantur
1291 1907 1323 1957 et

150 2003 199 2068 illi
225 2004 283 2086 qui
306 2019 445 2069 auteres
459 2003 612 2086 rapiunt,
638 2024 735 2086 quarn
758 2025 794 2068 ea
813 2003 897 2068 facta
917 2017 1014 2084 sunt,
1037 2025 1121 2084 quae
1141 2003 1182 2068 ad
1200 2005 1322 2070 bellurn

150 2115 295 2198 legitime
319 2116 566 2199 suscipiendum
586 2116 830 2182 desiderantur:
855 2134 937 2197 quas
957 2116 1143 2182 invasiones
1161 2117 1322 2182 latrocinii

151 2227 285 2292 nomine
318 2227 494 2310 scriptores
524 2227 698 2312 exagitant.
744 2228 809 2293 Sed
839 2228 918 2292 haec
950 2228 1011 2294 tria
1043 2227 1211 2294 manifesta
1247 2243 1323 2295 sunt

152 2339 258 2419 adeo,
282 2354 319 2404 ut
350 2361 465 2422 perse
497 2338 593 2404 facile
626 2355 816 2422 appareant:
851 2361 951 2423 quare
974 2340 1145 2423 praecipue
1170 2356 1321 2422 quartum

153 2452 236 2516 illud
273 2452 306 2516 in
340 2436 631 2518 considerationem
665 2452 778 2532 venit,
812 2453 903 2534 quod
936 2452 999 2518 nisi
1034 2453 1232 2538 conjecturis
1267 2453 1323 2518 vix

153 2564 377 2646 assequimur:
403 2563 555 2628 nimirum
580 2563 636 2628 ubi
662 2565 747 2629 bello
769 2565 860 2648 iusto
874 2579 931 2628 aut
943 2565 1168 2649 quodjustum
1182 2565 1324 2634 creditur

153 2676 196 2742 ita
220 2675 339 2758 aliquis
372 2677 498 2741 lucrum
530 2690 659 2758 captat,
694 2691 731 2741 ut
753 2679 816 2742 hoc
840 2697 965 2756 unum,
989 2697 1053 2742 non
1078 2693 1185 2743 autem
1212 2697 1322 2742 verum

153 2788 232 2853 belli
266 2787 385 2867 finem,
417 2791 481 2853 hoc
515 2803 563 2854 est
592 2789 675 2872 juris
706 2789 936 2870 adeptionem,
962 2789 1140 2872 respexisse
1163 2789 1323 2856 videatur.

154 2900 278 2966 Indicia
310 2914 417 2965 autern
446 2901 547 2984 hujus
571 2899 617 2964 rei
636 2901 715 2964 haec
735 2899 835 2993 ferme
856 2916 948 2966 sunt:
974 2900 1000 2966 si
1021 2901 1118 2983 quis,
1142 2901 1212 2984 ipse
1231 2923 1323 2984 prae·
1336 2907 1455 3008 {mg-

155 3012 266 3077 sertim
291 3014 379 3078 nulla
405 3012 518 3078 damna
542 3011 629 3077 hosti
643 3012 830 3094 imputans,
855 3011 991 3078 inermes
1006 3027 1037 3077 et
1049 3012 1197 3078 infirmos
1208 3012 1324 3096 exigua

153 3144 252 3190 manu
287 3124 484 3207 improvisus
516 3125 635 3207 passim
668 3124 812 3191 ,adsultat
844 3125 1049 3207 spolierque,
1081 3145 1157 3190 eum
1181 3145 1247 3191 non
1272 3146 1323 3190 eas

154 3237 273 3302 habeat
294 3236 404 3316 vires,
429 3252 467 3302 ut
490 3251 631 3320 apertam
655 3237 719 3301 loci
743 3236 981 3318 possessionem
1005 3236 1069 3301 sibi
1091 3236 1185 3302 armis
1206 3238 1326 3304 audeat

154 3348 333 3413 vindicare.
383 3349 466 3414 Nam
500 3348 554 3413 hic
587 3369 661 3414 cum
693 3368 753 3414 nec
775 3349 912 3414 hostiles
948 3349 1121 3414 admodum
1146 3348 1323 3435 infringat,

154 3481 214 3526 nec
248 3479 324 3526 suas
355 3476 547 3543 promoveat
578 3475 709 3543 partes,
744 3461 875 3527 vicinus
909 3477 958 3528 est
981 3461 1028 3526 illi
1049 3462 1256 3544 suspicioni,
1288 3478 1325 3529 ut
1410 3447 1415 3454 ⁸

156 3573 306 3638 credatur
330 3573 450 3638 bellum
475 3592 541 3639 non
565 3572 698 3637 alterius
722 3593 819 3654 quam
840 3573 921 3638 lucri
942 3573 1043 3658 gratia
1062 3575 1166 3656 sequi.
1214 3575 1324 3659 Hujus

157 3684 284 3769 generis
315 3700 392 3751 sunt
424 3685 497 3763 isti,
517 3685 575 3766 qui
608 3685 785 3767 piscatores
813 3700 869 3749 aut
889 3686 1108 3753 navicularios
1130 3687 1163 3751 in
1187 3689 1324 3771 pelago,

157 3819 224 3880 quo
250 3798 313 3880 ipsi
338 3798 484 3881 conspici
508 3798 647 3879 timent,
679 3817 756 3862 casu
784 3798 1003 3879 deprehensos
1027 3798 1221 3881 exspoliant.
1269 3801 1325 3865 Ab

157 3910 217 3974 bac
242 3909 326 3975 enim
353 3909 467 3976 inertia
491 3911 587 3994 longe
611 3924 755 3974 remotus
780 3924 829 3976 est
850 3930 948 3976 verus
972 3909 1027 3975 ille
1048 3911 1186 3976 bellator
1206 3921 1213 3956 ¹
1235 3911 1329 3977 haud
1415 3939 1418 3944 ·

149 4021 251 4105 furto
272 4023 404 4100 melior,
428 4023 485 4087 sed
496 4023 646 4107 fortibus
665 4026 780 4086 armis.
826 4022 924 4088 Unde
944 4022 977 4086 in
997 4023 1084 4089 bello
1099 4038 1163 4088 tam
1184 4022 1327 4088 terrestri

160 4154 256 4214 quam
290 4133 452 4199 maritimo
487 4135 549 4200 alia
581 4155 707 4219 semper
738 4133 821 4200 ratio
842 4139 853 4174 ²
872 4134 982 4198 habita
1012 4149 1064 4200 est
1099 4154 1233 4214 eorum,
1268 4134 1326 4216 qui

194 4389 200 4421 ¹
221 4393 311 4452 virgil.
331 4394 408 4456 [Aen.
427 4396 444 4441 l.
464 4408 502 4442 10.
520 4409 558 4468 vs.
576 4396 645 4457 735.]
682 4394 692 4428 ⁹
709 4398 739 4445 V.
757 4398 788 4445 de
803 4400 851 4445 hac
868 4398 925 4446 dist.
941 4400 1018 4459 Alph.
1038 4397 1185 4446 Guererium
1210 4397 1236 4444 in
1258 4411 1327 4459 spec.

157 4483 240 4531 Princ.
259 4498 282 4531 c.
299 4485 340 4544 46.

1135 4580 1195 4642 20*
