3316 5494
314 587 374 665 158
631 595 678 646 ns
701 599 795 666 June
822 594 1005 644 rannone.
1034 595 1114 643 cna.
1139 596 1174 663 x.

311 756 341 823 ei
364 753 422 837 qui
445 753 571 820 vicerat
592 753 724 838 propria
746 751 849 821 fixisse
872 749 1108 835 conspicimus,
1130 748 1225 816 etiam
1235 749 1309 833 jure
1318 747 1487 816 Romano.

308 867 358 931 De
389 865 523 949 proeliis
546 880 578 931 et
600 864 900 951 expugnationibus
934 863 1065 929 urbium
1088 861 1170 945 quid
1193 859 1483 927 existimabimus?

309 977 405 1064 Quae
433 991 524 1060 parta
550 977 616 1060 jam
649 975 787 1043 victoria
822 973 1006 1057 eripiuntur
1036 972 1136 1039 victis
1161 970 1194 1038 in
1211 971 1330 1056 praeda
1350 971 1487 1038 militari

310 1105 380 1154 esse
406 1105 473 1154 non
498 1086 700 1154 videntur1:
735 1089 816 1154 haec
848 1084 968 1151 Graeci
1001 1103 1076 1150 cum
1112 1082 1267 1149 distincte
1300 1084 1489 1164 loquuntur

310 1206 409 1268 raiae
425 1212 556 1264 vocant.
582 1198 755 1266 Caeterum
774 1197 908 1281 quaein
927 1196 1000 1279 ipso
1018 1194 1136 1279 proelii
1155 1209 1213 1260 aut
1232 1193 1487 1278 expugnationis

310 1309 435 1394 impetu
463 1309 552 1376 hosti
584 1321 844 1392 extorquentur,
876 1309 999 1395 addara
1035 1302 1150 1372 iisdem
1186 1305 1369 1389 appellata,
1406 1305 1486 1370 dum

312 1419 439 1488 scilicet
1482 1434 1486 1442 “

484 1531 558 1596 Nec
580 1535 763 1616 temperari
779 1529 909 1615 facile,
934 1547 993 1594 nec
1020 1531 1164 1614 reprimi
1180 1540 1289 1612 potest

480 1643 606 1708 Stricti
627 1645 712 1706 ensis
735 1645 815 1724 ira,

311 1753 524 1838 plurimarum
555 1753 703 1838 gentium
737 1752 885 1818 moribus
917 1750 1036 1817 deferti
1069 1749 1209 1835 singulis
1231 1749 1347 1817 uideo.
1403 1750 1486 1816 Exi·

311 1864 427 1930 menda
450 1879 556 1930 tamen
577 1864 733 1932 videntur
756 1883 840 1946 quae
859 1881 926 1929 non
949 1862 1077 1947 privata
1089 1861 1258 1942 hostium,
1282 1861 1487 1944 sedpublica

313 1974 460 2042 fixerunt.
497 1974 697 2042 Macedones
721 1993 798 2040 sane
819 1974 962 2042 victores
983 1973 1024 2040 ad
1043 1973 1216 2058 Pyramum
1240 1991 1386 2054 amnem,
1410 1991 1486 2038 cum

312 2086 406 2153 Darii
428 2101 530 2153 castra
555 2086 790 2170 irrumperent,
812 2086 927 2170 ingens
945 2085 1016 2151 auri
1039 2085 1234 2170 argentique
1253 2085 1385 2168 pondus
1408 2084 1488 2150 diri·

312 2217 434 2282 puere,
468 2217 529 2264 nee
559 2197 739 2280 quidquam
768 2197 926 2263 intactum
956 2196 1140 2262 omiserunt
1166 2210 1293 2278 praeter
1308 2197 1410 2282 'regis
1438 2212 1488 2263 ta·

312 2311 549 2391 bemaculum,
573 2310 694 2376 tradito
713 2328 823 2389 more,
845 2308 957 2391 inquit
968 2308 1154 2388 Curtius²,
1175 2322 1214 2373 ut
1228 2307 1389 2374 victorem
1400 2309 1486 2376 victi

314 2421 400 2506 regis
435 2421 645 2488 tabernaculo
680 2421 878 2505 exciperent.
932 2417 1050 2502 Atque
1078 2420 1158 2486 adeo
1187 2420 1228 2484 ad
1257 2419 1376 2486 Arbela
1396 2419 1490 2489 fuere

314 2532 373 2615 qui
413 2532 554 2598 militum
590 2533 770 2600 nonnullos
805 2546 1015 2612 accusarent,
1048 2531 1140 2614 quod
1174 2525 1416 2615 conspirassent
1447 2532 1490 2598 de

313 2643 431 2726 praeda
450 2643 538 2710 omni
558 2643 603 2708 ita
621 2643 685 2710 sibi
702 2642 917 2723 vindicanda,
938 2657 978 2708 ut
998 2643 1082 2709 nihil
1103 2643 1137 2708 in
1160 2643 1358 2726 praetorium
1381 2642 1489 2710 defer·

313 2769 386 2822 rent
407 2757 443 2836 ⁸,
479 2770 593 2822 contra
624 2775 768 2822 morem:
803 2754 857 2822 cui
889 2773 955 2821 non
989 2754 1149 2822 dissimile
1191 2755 1286 2836 quod
1317 2755 1488 2822 Hebraeos

314 2885 487 2950 usurpasse
517 2866 689 2947 videmus,
719 2881 757 2932 ut
786 2866 866 2933 victi
888 2867 973 2950 regis
1003 2885 1123 2932 corona
1145 2866 1214 2950 regi
1237 2866 1358 2932 victori
1382 2867 1489 2949 impo-

313 2980 491 3045 neretur'⁴.
536 2979 581 3044 Et
610 2997 685 3044 cum
717 2979 860 3044 Carolus
889 2978 1034 3063 Magnus
1064 2977 1241 3062 Hungaros
1264 2976 1399 3044 visisset
1421 2977 1490 3059 pri·

313 3103 408 3154 ratae
440 3107 519 3172 opes
551 3087 670 3171 militi,
704 3089 813 3173 regiae
841 3088 964 3154 aerario
996 3103 1178 3154 cesserunt.
1224 3087 1290 3153 Sed
1320 3087 1426 3154 veteri
1453 3109 1489 3154 re

313 3198 459 3264 Romana
482 3219 523 3263 ne
544 3200 606 3265 hoc
632 3197 764 3282 quidem
788 3215 954 3282 receptum
978 3198 1099 3281 fuisse,
1125 3198 1217 3264 utin
1240 3199 1487 3282 expugnatione

314 3310 432 3392 praeda
460 3309 556 3374 militi
589 3309 739 3392 cederet,
773 3310 986 3393 apertissimis
1019 3311 1059 3377 L.
1088 3311 1220 3376 Aemilii
1242 3301 1331 3393 apud
1352 3310 1488 3377 Livium

260 3445 267 3458 ’
313 3419 424 3486 verbis
457 3419 660 3486 ostendimus
681 3422 704 3486 ⁸.
749 3415 814 3486 Sed
845 3415 911 3488 ¹non
944 3422 1061 3488 dubito
1088 3421 1170 3505 quin
1190 3421 1247 3502 id,
1272 3421 1365 3504 quod
1389 3423 1490 3489 bene·

313 3530 380 3596 ficii
403 3531 607 3614 imperatoris
631 3551 701 3597 esse
721 3533 787 3616 jam
812 3547 959 3615 ceperat,
982 3554 1039 3617 per
1051 3533 1202 3599 civilium
1213 3534 1375 3600 bellorum
1387 3533 1490 3600 licen·

313 3642 416 3725 tiam,
438 3662 523 3724 quae
540 3642 638 3708 militi
659 3644 734 3726 plus
758 3663 853 3725 quam
876 3642 1018 3711 ducibus
1038 3644 1218 3727 permittit,
1239 3644 1273 3710 in
1294 3643 1489 3710 contrariam

315 3753 585 3820 consuetudinem
615 3755 762 3821 verterit.
815 3754 905 3821 Ecce
934 3754 995 3820 tibi
1028 3755 1158 3821 initium
1185 3775 1204 3820 a
1233 3753 1397 3835 Caesare,
1431 3755 1489 3838 qui

315 3877 392 3946 post
423 3863 638 3931 Pharsalicam
671 3885 836 3950 pugnam,
869 3884 942 3931 cum
969 3880 1073 3932 castra
1097 3865 1245 3952 Pompeji
1278 3865 1370 3932 daret
1393 3865 1489 3932 militi

316 3971 497 4057 diripienda
518 3975 629 4041 addit:

353 4220 452 4270 *Arias
476 4233 500 4269 n.
524 4221 586 4270 ada.
610 4223 674 4270 Bell.
698 4236 725 4283 p.
752 4233 775 4270 r.
797 4232 816 4269 t.
835 4223 874 4269 18.
890 4233 916 4269 n.
935 4233 958 4278 ³·
976 4231 1001 4270 et
1020 4236 1045 4285 4.
1062 4221 1184 4272 Wesenb.
1202 4223 1272 4285 td§.
1291 4223 1352 4272 item
1370 4237 1489 4285 eaquae.

315 4315 376 4362 lust.
393 4313 425 4360 de
443 4325 491 4360 rer.
510 4312 564 4361 div.
585 4311 617 4376 [1.
636 4325 659 4361 a.
680 4325 701 4360 1.
719 4299 741 4371 ς’.
762 4310 813 4376 17.]
833 4313 901 4360 noa.
920 4314 1019 4361 comm.
1037 4314 1054 4360 1.
1072 4326 1098 4373 4.
1116 4326 1140 4360 c.
1158 4325 1199 4361 αι.
1217 4313 1279 4362 silv.
1294 4314 1321 4363 in
1340 4329 1365 4364 v.
1383 4317 1489 4365 Bellum.

316 4402 342 4450 in
362 4401 445 4462 print.
461 4414 493 4450 er
509 4404 621 4451 Rosellr.
658 4399 703 4451 ¹1.
729 4414 754 4459 a.
777 4400 813 4465 [c.
831 4398 885 4464 am]
922 4399 1015 4452 ⁸Plut.
1032 4401 1361 4470 Apoplrrlr.[p.180.b.]
1398 4406 1490 4455 *Sam

316 4505 340 4540 a.
360 4505 398 4540 ra.
417 4505 455 4542 vs.
474 4506 514 4549 so.
547 4493 618 4542 ‘nd
635 4505 681 4542 art.
702 4507 725 4541 a.
744 4506 771 4553 p.
791 4505 812 4540 t.
830 4494 881 4540 hoc
899 4491 991 4553 capite.
