3316 5494
338 623 397 685 108
639 635 687 682 nn
710 632 804 700 Juxta
829 631 1014 678 annuunt.
1039 631 1119 678 car.
1142 629 1223 679 vru.

335 813 424 860 munt
447 788 621 858 adversarii
644 808 710 856 non
733 787 914 872 respiciunt
936 795 970 868 1,
992 785 1117 854 subditi
1139 783 1285 853 hostiurn
1305 803 1511 868 onmespos-

335 919 438 989 sunt,
468 903 527 986 qui
545 901 631 988 iuris
651 901 757 968 nostri
780 899 983 967 exsecutioni
1006 898 1187 978 resistunt,
1208 896 1347 964 scientes
1366 895 1435 963 sive
1459 895 1511 982 ig-

335 1030 506 1084 norantes:
530 1013 659 1081 faciunt
680 1013 766 1080 eninr
786 1013 941 1099 injuriam
961 1031 1158 1096 quamquam
1181 1030 1247 1077 non
1270 1008 1402 1094 injuria.
1429 1008 1512 1076 Hoc

336 1127 447 1195 divina
474 1129 545 1212 lege
567 1123 580 1161 ¹
603 1143 754 1209 expresse
772 1123 1005 1207 confirmatur,
1029 1123 1169 1207 quaein
1192 1121 1431 1208 expugnatione
1452 1140 1512 1187 ur·

336 1239 387 1306 bis
406 1239 546 1323 puberes
571 1256 683 1303 omnes
704 1235 844 1302 interfici
862 1237 983 1321 jubet,
1004 1254 1144 1319 quorum
1162 1234 1258 1300 multi
1280 1253 1347 1300 non
1369 1245 1514 1317 possunt

337 1371 404 1418 non
426 1370 495 1418 esse
514 1349 718 1416 innocentes.
762 1347 853 1414 Idem
881 1347 1047 1414 contrairi
1069 1345 1161 1414 urbis
1183 1344 1373 1413 defensione
1394 1342 1407 1378 ⁸
1427 1342 1512 1410 erit:

338 1485 396 1530 noc
427 1482 503 1528 reus
528 1474 575 1526 est
597 1464 715 1526 mortis
734 1459 889 1541 alienae,
912 1463 1064 1546 quicum
1089 1479 1169 1523 suae
1184 1459 1379 1544 possessioni
1397 1475 1513 1520 muro-

339 1594 414 1641 rum
436 1572 597 1639 ambitum
614 1569 866 1654 circumduxit,
887 1571 1013 1656 aliquis
1030 1590 1071 1634 cx
1091 1571 1235 1655 ipsorum
1257 1589 1318 1633 usu
1334 1581 1513 1656 percussus

338 1688 497 1751 interiit:
519 1682 710 1769 Augustino
733 1696 876 1748 auctore.
922 1680 1053 1770 Quodsi
1076 1693 1172 1746 erunt
1194 1678 1362 1762 nonnulli,
1388 1677 1446 1761 qui
1470 1678 1513 1744 ab

338 1796 485 1863 hostium
527 1793 740 1861 universitate
780 1791 920 1876 separari
959 1792 1090 1876 possint
1129 1810 1235 1873 neque
1269 1789 1513 1857 exsecutionem

338 1923 483 1976 nostram
506 1905 685 1989 impediant
702 1903 735 1986 ⁴,
759 1903 812 1972 his
834 1923 910 1970 sane
930 1903 1021 1987 quod
1040 1904 1082 1969 ad
1101 1921 1221 1985 corpus
1241 1901 1357 1968 attinet
1376 1899 1513 1967 omnino

340 2019 536 2103 parcendum
558 2031 617 2084 est.
645 2017 765 2083 Cicero
786 2015 814 2082 ⁸:
836 2031 907 2082 tum
927 2020 956 2082 ii
974 2020 1033 2102 qui
1051 2019 1157 2080 armis
1168 2016 1287 2101 positis
1304 2011 1352 2079 ad
1367 2015 1514 2099 impera·

340 2144 451 2196 torum
469 2127 569 2214 fidem
597 2129 821 2216 confugiunt,
845 2132 997 2215 quamvis
1019 2146 1153 2192 murum
1175 2128 1265 2191 aries
1282 2125 1513 2210 percusserit,

342 2240 523 2327 recipiendi
544 2254 636 2310 sunt.
683 2241 757 2308 Nec
781 2240 880 2307 alium
902 2258 1034 2307 sensum
1057 2238 1179 2319 habet,
1208 2236 1355 2303 virorum
1377 2234 1512 2318 quidem

342 2352 543 2420 eruditorum
559 2353 738 2434 sententia,
759 2352 794 2419 id
812 2351 904 2436 quod
918 2352 1038 2418 Celsus
1052 2348 1065 2386 ⁸
1081 2349 1273 2444 scripserat,
1295 2346 1398 2430 recipi
1416 2344 1515 2412 nobis

343 2463 542 2548 transfirgam
561 2466 634 2550 jure
655 2463 756 2547 belli,
781 2484 856 2532 eum
878 2463 1005 2530 scilicet
1028 2461 1086 2545 qui
1111 2460 1257 2526 hostium
1278 2473 1385 2542 partes
1406 2456 1516 2523 deser·

344 2576 406 2642 uit.
451 2575 545 2641 Sicut
576 2589 684 2642 autern
712 2575 746 2640 in
776 2577 886 2643 dedita
913 2576 995 2641 urbe
1023 2573 1198 2653 omnibus,
1227 2568 1272 2636 ita
1303 2570 1337 2635 in
1368 2587 1404 2635 ea
1432 2589 1515 2651 quae

345 2702 549 2771 expugnatur
572 2702 731 2770 quantum
764 2688 836 2754 fieri
868 2701 979 2771 potest
999 2685 1066 2752 illis
1085 2684 1193 2769 parci,
1216 2703 1355 2767 quorum
1379 2700 1516 2764 corpora

344 2799 545 2866 exsecutioni
577 2813 707 2866 nostrae
734 2819 800 2867 non
835 2800 990 2879 obstant,
1021 2796 1168 2881 aequitas
1201 2795 1361 2879 praecipit
1398 2808 1431 2859 ct
1463 2795 1516 2858 lex

345 2910 456 2978 divina
476 2915 488 2956 ²
510 2910 689 2977 certissima
717 2909 893 2993 aequitatis
923 2909 1085 2995 magistra.
1130 2907 1238 2993 Negat
1259 2906 1361 2992 igitur
1391 2906 1516 2972 Seneca

344 3023 379 3089 in
400 3021 564 3107 tragoedia
584 3021 596 3057 ⁸
618 3020 770 3089 feminam
801 3022 907 3088 hostis
941 3040 1061 3088 nomen
1087 3041 1211 3105 capere.
1256 3019 1366 3104 Negat
1385 3038 1420 3085 se
1451 3017 1516 3083 Ca·

344 3134 455 3200 millus
474 3135 487 3172 ⁹
511 3154 598 3200 arma
621 3135 738 3200 habere
763 3134 919 3201 adversus
942 3154 1010 3200 eam
1034 3148 1194 3217 aetatem,
1217 3131 1271 3198 cui
1295 3131 1389 3197 etiam
1413 3129 1515 3214 captis

346 3246 485 3313 urbibus
507 3247 664 3329 parcitur.
709 3245 755 3311 Et
774 3245 960 3313 Alexander
981 3243 1023 3310 ¹⁰:
1046 3266 1119 3311 cum
1147 3246 1290 3331 captivis
1322 3257 1353 3308 et
1374 3243 1515 3327 feminis

347 3358 467 3423 bellum
494 3377 612 3444 gerere
643 3377 707 3421 non
730 3357 836 3423 soleo:
860 3371 1014 3424 armatus
1046 3361 1090 3423 sit
1114 3369 1241 3444 oportet
1261 3375 1354 3441 quem
1377 3353 1514 3421 oderim.

348 3469 394 3535 Et
414 3467 531 3535 merito
554 3468 595 3534 de
612 3467 744 3551 captivo
760 3467 881 3553 adjicit.
927 3469 1023 3536 Falso
1044 3469 1128 3535 enirn
1149 3481 1182 3535 et
1192 3467 1408 3534 Aeacidarum
1428 3486 1516 3532 more

346 3579 578 3665 praeferociter
597 3579 652 3645 ille
672 3581 714 3644 ¹¹:

517 3691 593 3758 Lex
614 3691 710 3757 nulla
732 3704 828 3780 capto
842 3694 961 3779 parcit
981 3705 1043 3757 aut
1056 3706 1196 3779 poenam
1216 3689 1364 3779 impedit.

346 3871 542 3890 μ

383 3991 393 4025 ¹
410 3993 441 4040 V.
460 3993 499 4040 ad.
513 4002 558 4040 art.
571 4005 595 4040 a.
613 3993 699 4040 concl.
714 3991 738 4039 6.
764 3985 774 4023 ¹
791 3992 867 4041 Deut.
882 4004 922 4041 no.
939 4003 977 4050 17.
994 3993 1069 4042 Adde
1082 3993 1136 4055 Jos.
1151 3991 1175 4040 ό.
1184 4002 1210 4039 et
1222 3993 1286 4039 sant.
1297 4003 1319 4039 r.
1331 4000 1369 4046 rs.
1384 3986 1396 4021 ⁸
1411 3991 1518 4050 August.

350 4086 382 4133 ad
396 4082 495 4132 Public.
510 4097 551 4145 ep.
572 4095 626 4145 154.
641 4083 732 4132 citatur
749 4081 775 4131 in
792 4097 815 4131 c.
827 4085 859 4132 de
873 4083 1031 4132 occidendis.
1050 4081 1139 4147 [Decr.
1155 4084 1224 4130 Grat.
1237 4096 1263 4142 p.
1273 4095 1296 4129 2.
1307 4093 1346 4138 23.
1357 4092 1381 4136 5.
1392 4078 1428 4144 8.]
1444 4081 1518 4129 Adde

350 4177 367 4224 l.
385 4175 445 4224 item
468 4174 489 4223 si
514 4173 648 4223 obstetrix.
674 4177 697 4233 ς.
721 4175 768 4222 ult.
785 4172 812 4222 ff.
830 4175 862 4223 ad
879 4175 897 4222 1.
915 4173 1004 4234 Aquil.
1022 4174 1067 4235 [D.
1086 4187 1111 4236 9.
1129 4187 1152 4222 2.
1169 4173 1206 4238 9.]
1241 4172 1253 4204 ⁴
1269 4171 1338 4221 Vict.
1355 4184 1380 4220 n.
1397 4184 1440 4234 49.
1457 4170 1518 4220 Alb.

352 4267 427 4315 Gent.
446 4266 477 4316 de
494 4263 550 4322 iure
566 4262 627 4313 belli
644 4266 662 4314 l.
680 4278 703 4313 a.
721 4277 744 4314 c.
764 4264 1084 4314 16.ad21.Wilb.Mtth.
1102 4264 1129 4313 in
1146 4277 1200 4325 req.
1218 4277 1243 4312 a.
1259 4278 1286 4324 p.
1304 4275 1328 4320 s.
1362 4262 1373 4295 ⁸
1391 4264 1423 4312 de
1441 4263 1484 4311 od.
1502 4263 1519 4310 1.

353 4371 375 4406 t.
394 4355 431 4420 [c.
450 4369 488 4406 11.
512 4360 535 4416 §-
559 4354 611 4420 35.]
648 4355 693 4405 ⁸1.
716 4356 878 4417 transfugam.
902 4355 929 4404 ff.
954 4358 986 4405 de
1011 4369 1067 4416 acq.
1094 4357 1163 4405 dom.
1187 4355 1232 4420 [D.
1248 4367 1290 4416 41.
1310 4367 1332 4403 1.
1350 4352 1402 4418 su]
1432 4351 1519 4411 eujac.

352 4448 414 4497 Obs.
437 4450 455 4498 l.
481 4462 506 4510 4.
523 4461 546 4496 c.
564 4462 588 4511 9.
622 4444 725 4497 ineat.
743 4460 783 4496 20.
804 4460 843 4509 14.
861 4449 932 4496 Plato
950 4449 982 4496 de
998 4460 1054 4509 rep.
1071 4448 1088 4495 l.
1107 4458 1130 4504 ⁵·
1149 4447 1187 4509 [p.
1204 4457 1262 4508 471.
1281 4445 1316 4508 a]
1351 4445 1363 4478 ⁸
1387 4447 1445 4494 oct.
1469 4445 1519 4508 [vs.

355 4538 425 4603 864]
453 4539 464 4573 ⁹
480 4539 537 4591 Liv.
554 4541 572 4589 1.
591 4551 613 4599 5·
633 4539 669 4602 [c.
688 4537 740 4604 aa]
766 4537 789 4574 ¹⁰
807 4540 878 4589 cnrt.
895 4541 912 4588 l.
929 4549 954 4601 4.
973 4537 1009 4603 [c.
1027 4539 1082 4602 45.]
1109 4537 1129 4574 ¹¹
1147 4539 1204 4589 sen.
1220 4539 1314 4588 Troad.
1333 4526 1385 4604 [vs.
1402 4536 1518 4598 sss-sp]
