3316 5494
357 609 416 685 '14⁶
670 619 718 670 nn
736 621 834 691 June
860 618 1045 669 exarnus.
1071 619 1153 670 can.
1177 623 1214 668 x.

355 775 494 844 Gallicis
521 754 778 862 Hispanicisque
806 775 980 860 triumphis
1010 775 1131 842 ducum
1162 775 1304 859 quisque
1331 795 1390 858 per
1411 795 1446 842 se
1473 789 1530 841 aut

354 901 540 970 quaestores
570 889 604 956 in
634 890 792 956 aerarium
822 887 988 964 retulerit,
1020 907 1104 970 opus
1134 886 1319 970 quaerentis
1339 886 1384 952 sit
1403 886 1528 954 dicere.

353 999 473 1082 Neque
503 1013 609 1067 tamen
643 1001 831 1086 impositam
863 998 1004 1066 ducibus
1034 999 1257 1066 necessitatem
1288 999 1373 1064 hanc
1401 996 1529 1078 fuisse,

353 1111 446 1194 quod
466 1111 600 1178 innuere
620 1111 776 1178 videntur
797 1119 1022 1192 accusatores,
1047 1129 1088 1176 ex
1108 1110 1219 1176 eadem
1230 1108 1367 1175 historia
1379 1119 1527 1193 apparet.

354 1222 503 1289 Dabatur
523 1223 607 1289 enim
628 1224 747 1308 praeda
766 1223 929 1288 interdum
950 1221 1047 1303 Diis,
1072 1221 1234 1288 interdum
1254 1219 1307 1288 liis
1328 1220 1387 1303 qui
1407 1220 1530 1286 milita-

353 1347 488 1417 verant,
511 1335 674 1403 interdum
693 1335 775 1401 aliis.
820 1333 896 1400 Diis
917 1347 974 1399 aut
994 1333 1064 1417 ipsa
1084 1351 1238 1417 corpora,
1263 1344 1301 1400 ut
1318 1331 1424 1416 spolia
1444 1351 1530 1414 quae

354 1445 521 1512 Romulus
544 1446 688 1513 Feretrio
710 1445 882 1530 suspendit
902 1450 934 1529 ¹,
964 1461 1020 1511 aut
1040 1435 1175 1511 'redacta
1201 1445 1277 1512 inde
1306 1443 1466 1528 pecunia,
1493 1453 1531 1508 ut

355 1575 395 1622 ex
427 1558 606 1626 Pometinis
638 1557 802 1624 manubiis
835 1557 1004 1641 Superbus
1036 1559 1193 1641 templum
1222 1557 1318 1642 Jovis
1350 1555 1384 1622 in
1415 1567 1530 1621 monte

355 1667 500 1756 Tarpeio
529 1669 646 1736 statuit
663 1676 688 1739 ¹.
735 1665 904 1735 Militibus
933 1669 1082 1753 praedam
1112 1669 1189 1735 dare
1220 1668 1337 1752 priscis
1366 1666 1529 1732 Romanis

355 1780 565 1848 ambitiosum
589 1769 786 1848 videbatur:
819 1779 870 1846 uti
902 1780 1022 1846 Sextus
1054 1779 1230 1862 Tarquinii
1265 1777 1405 1863 Superbi
1438 1773 1530 1844 filius

354 1911 421 1958 non
445 1892 577 1975 quidem
603 1893 751 1976 Romae,
780 1892 839 1958 sed
865 1891 982 1957 Gabiis
1010 1890 1168 1976 profugus
1191 1891 1341 1975 praedam
1360 1888 1459 1955 militi
1479 1889 1529 1954 di·

356 1997 492 2088 largitus
524 2004 646 2070 dicitur
661 2009 700 2086 ¹⁸,
735 2019 773 2070 ut
807 2021 846 2070 eo
880 1993 978 2070 modo
1012 2003 1192 2086 potentiam
1227 2002 1290 2068 sibi
1323 2001 1528 2067 conciliaret.

354 2117 486 2199 Appius
518 2105 679 2183 Claudius
698 2123 710 2160 ¹
729 2116 763 2182 in
795 2125 908 2184 senatu
941 2115 1144 2200 largitionem
1174 2116 1257 2180 hanc
1288 2133 1427 2196 novam,
1453 2133 1529 2197 pro·

355 2227 486 2312 digam,
509 2228 735 2311 inaequalem,
759 2219 975 2294 inconsultam
995 2226 1114 2311 arguit.
1161 2217 1283 2293 Praeda
1303 2234 1410 2290 autem
1430 2225 1528 2291 militi

356 2326 430 2405 data
451 2347 511 2406 abt
532 2328 713 2422 dividitur,
746 2350 803 2404 aut
834 2325 997 2422 diripitur.
1042 2337 1158 2404 Dividi
1187 2348 1298 2420 potest
1323 2337 1451 2402 ratione
1471 2337 1529 2404 sti·

355 2451 549 2534 pendiorum
569 2466 626 2517 aut
643 2450 843 2517 meritorum.
867 2449 1111 2534 stipendiorum
1131 2449 1256 2516 ratione
1275 2447 1379 2515 dividi
1395 2447 1529 2532 Appius

358 2562 518 2628 Claudius
541 2563 674 2629 volebat
690 2566 725 2645 ⁸,
758 2563 786 2630 si
804 2547 887 2630 illud
908 2550 1055 2629 obtinere
1080 2571 1147 2628 non
1167 2571 1301 2644 posset,
1329 2576 1367 2626 ut
1389 2560 1529 2644 pecunia

355 2673 432 2739 inde
453 2674 580 2740 redacta
603 2673 636 2740 in
655 2675 777 2741 aerario
799 2688 893 2740 esset.
917 2673 1043 2739 Totum
1063 2684 1170 2738 autem
1190 2671 1361 2738 dividendi
1380 2671 1527 2738 ordinem

355 2783 536 2869 Polybius·
547 2777 702 2870 explicat:
725 2803 840 2868 nempe
859 2785 893 2851 in
915 2785 985 2851 dies
1005 2800 1062 2852 aut
1079 2775 1209 2870 vigilias
1223 2791 1348 2867 partem
1366 2783 1529 2849 exercitus

356 2887 494 2966 alteram
512 2914 569 2965 aut
589 2899 747 2965 minorem
771 2898 811 2968 ad
833 2897 1099 2981 comportandam
1122 2896 1272 2979 praedam
1293 2894 1380 2960 mitti
1399 2897 1527 2977 solere,
1649 2973 1650 2984 ἵ

357 3026 390 3080 et
421 3011 512 3095 quod
536 3011 687 3094 ¹quisque
709 3010 881 3094 reperisset
904 3010 939 3074 id
960 2997 1107 3074 coactum
1128 3007 1162 3074 in
1180 3021 1282 3073 castra
1299 3005 1469 3089 perferre,
1492 3021 1529 3072 ut
1649 3035 1650 3100 ᾖ

354 3140 412 3208 per
452 3123 603 3189 tribunos
643 3122 823 3204 aequaliter
860 3120 1133 3200 distribueretur,
1171 3117 1298 3185 vocatis
1332 3118 1372 3183 ad
1404 3101 1556 3200 partem
1649 3113 1650 3124 ’

357 3235 453 3301 etiam
481 3232 554 3314 his,
585 3233 643 3314 qui
671 3247 774 3297 castra
805 3245 972 3298 servarant
1002 3231 1128 3314 quique
1157 3249 1214 3313 per
1232 3229 1455 3295 valetudinem
1474 3241 1530 3298 aut

356 3337 502 3430 delegata
530 3343 708 3410 ministeria
738 3344 880 3409 aberant.
926 3329 1094 3409 Interdum
1124 3361 1191 3408 non
1215 3327 1288 3424 'ipsa
1307 3340 1448 3424 praeda,
1472 3340 1529 3407 sed

355 3442 492 3541 pecunia
512 3455 647 3538 praedae
665 3455 740 3520 loco
759 3440 919 3520 militibus
948 3453 1086 3534 donata,
1110 3453 1204 3536 quod·
1219 3451 1289 3519 fere
1308 3452 1341 3517 in
1359 3451 1527 3536 triumpho

357 3567 465 3633 fiebat.
510 3565 757 3649 Proportionem
787 3567 869 3631 hanc
898 3564 1078 3631 inveniale
1099 3565 1239 3648 simplex
1257 3563 1383 3647 pediti,
1407 3563 1528 3647 duplex

357 3661 567 3758 centurioni,
596 3677 718 3761 triplex
746 3676 851 3759 equiti
880 3677 1008 3744 datum:
1041 3676 1203 3742 interdum
1235 3675 1373 3759 simplex
1402 3674 1527 3758 pediti,

357 3789 462 3872 equiti
490 3788 611 3873 duplex
629 3791 661 3855 ⁸:
694 3788 856 3855 interdum
882 3788 1019 3871 simplex
1037 3786 1161 3871 pediti,
1185 3787 1306 3870 duplex
1325 3786 1525 3866 centuriori,

355 3900 489 3966 tribuno
510 3916 541 3966 et
560 3901 664 3982 equiti
686 3899 890 3983 quadruplex
908 3897 937 3964 ⁹:
962 3898 1039 3964 item
1060 3899 1160 3966 sociis
1181 3897 1351 3963 navalibus
1371 3897 1526 3980 simplex,

356 4005 634 4097 gubernatoribus
648 4007 790 4094 duplex,
814 4009 977 4104 magistris
999 4009 1132 4076 navium
1155 3989 1360 4092 quadruplex
1369 3995 1407 4075 ¹⁴⁰.
1454 4005 1527 4073 Me·

389 4257 835 4320 ¹ulon.llaltc.nnttq.1.2.[p.
862 4271 916 4306 102.
934 4271 973 4307 vs.
994 4257 1046 4319 ab]
1083 4255 1370 4318 ¹l.iv.l.1.[c.ss.j
1407 4249 1493 4304 ⁸le.
1510 4257 1527 4302 l.

359 4365 380 4401 r.
400 4351 436 4414 [c.
457 4350 508 4412 aa]
543 4333 712 4406 ⁴ilv.1.s.
738 4349 774 4411 [c.
794 4349 846 4411 αα]
881 4348 1017 4399 ‘Ibidem
1051 4337 1212 4408 ‘Polybi
1238 4359 1277 4396 ro.
1302 4345 1409 4408 [c.·16.]
1444 4343 1527 4394 ⁷le.

356 4444 373 4490 l.
397 4451 440 4502 45.
466 4441 503 4504 [c.
526 4441 582 4504 40.]
613 4439 629 4474 '⁸
651 4441 675 4490 d.
699 4441 716 4489 l.
743 4439 778 4503 [c.
803 4440 855 4502 ³4]
891 4437 1112 4489 'Suetcaeso
1132 4441 1171 4498 38.
1189 4445 1213 4488 e't
1232 4441 1300 4500 App.
1320 4437 1399 4488 Civil.
1417 4440 1435 4486 l.
1453 4451 1476 4486 a.
1492 4437 1526 4498 [e.

358 4545 413 4582 roo.
430 4543 454 4580 et
471 4531 542 4597 rao.]
582 4530 602 4564 ¹⁰
619 4531 675 4586 Liv.
690 4533 715 4580 d.
731 4533 748 4580 l.
764 4529 801 4594 [c.
814 4529 870 4594 aa]
