3316 5494
346 641 353 650 ·
429 631 477 678 DE
500 630 593 698 JURE
617 633 799 681 PRAEDAE·
823 635 904 682 CAP.
929 634 1010 684 vlu.
1259 635 1320 702 105

141 802 189 848 ex
210 781 298 850 facto
318 782 400 852 civis
420 791 452 870 ¹,
475 807 542 853 non
565 787 698 871 quidem
719 787 934 873 simpliciter,
957 790 1016 856 sed
1037 788 1066 855 si
1087 788 1157 874 ipsa
1176 789 1232 876 jus
1251 811 1319 857 non

140 895 276 974 reddat;
308 897 354 964 ita
383 897 468 964 enirn
499 898 590 966 litem
619 898 700 967 facit
728 920 840 968 suarna
871 921 943 968 nam
973 915 1006 968 et
1038 916 1144 968 ratum
1167 902 1320 970 habendo

140 1025 213 1074 non
253 1008 363 1076 minus
397 1029 495 1092 quarn
528 1010 712 1079 mandando
745 1013 930 1097 obligamur
962 1011 988 1079 ¹.
1040 1013 1116 1100 Qua
1149 1013 1189 1081 de
1222 1033 1320 1082 causa

141 1118 282 1203 Scyrios
304 1120 383 1187 olim
392 1123 447 1188 ‘ab
477 1122 780 1208 Amphictyonibus
806 1124 974 1192 damnatos
1003 1123 1144 1209 legimus
1163 1134 1199 1207 ⁸,
1233 1146 1319 1208 quo·

141 1239 219 1298 rum'
240 1233 394 1300 nonnulli
414 1233 547 1318 impune
566 1234 735 1319 piraticam
756 1250 980 1303 exercuerant.
1003 1235 1076 1302 Hac
1097 1236 1192 1303 etiam
1210 1235 1320 1320 specie

142 1343 264 1412 civitas
291 1365 358 1412 non
386 1347 492 1413 alieno
522 1367 562 1413 ex
593 1346 683 1414 facto
705 1346 897 1431 simpliciter
918 1346 1104 1432 obligatur,
1127 1367 1201 1414 curn
1221 1367 1319 1414 suum

143 1456 300 1538 accedat,
323 1477 390 1524 non
412 1459 511 1526 modo
534 1459 612 1543 quia
632 1459 687 1544 Jus
709 1479 807 1526 suurn
830 1458 987 1541 consequi
1009 1460 1145 1526 alterurn
1165 1459 1320 1544 impedit,

144 1587 259 1634 verum
293 1569 389 1636 etiam
421 1571 499 1653 quia
527 1584 640 1654 peccat
672 1570 827 1639 adversus
862 1569 1004 1636 officium
1037 1587 1133 1636 suum
1163 1589 1203 1636 err
1232 1590 1321 1639 nona

143 1682 282 1765 regula,
307 1701 392 1763 quae
422 1681 564 1750 externis
590 1700 657 1748 non
688 1681 796 1750 minus
820 1659 917 1764 quam
940 1680 1071 1749 civibus
1087 1681 1212 1766 judicia
1229 1683 1320 1767 justa

143 1791 310 1858 reddenda
335 1793 470 1861 indicat.
518 1793 657 1861 Certum
683 1807 791 1860 autern
819 1808 869 1858 est
899 1813 974 1859 eum
997 1793 1055 1876 qui
1074 1812 1141 1859 non
1164 1793 1320 1876 prohibet

144 1902 200 1986 id,
224 1893 318 1987 quod
344 1904 519 1988 prohibere
544 1919 577 1971 et
604 1919 715 1989 potest
742 1918 775 1970 et
806 1903 925 1987 debet,
960 1905 1002 1972 ad
1021 1903 1056 1970 id
1075 1906 1167 1988 quod
1185 1904 1320 1974 interest

143 2015 258 2083 teneri.
304 2016 352 2082 Et
380 2018 444 2084 hoc
471 2037 546 2084 cum
576 2016 610 2084 in
639 2015 759 2083 debitis
786 2015 922 2082 caeteris
952 2030 1076 2082 tumet
1097 2015 1131 2082 in
1153 2017 1320 2102 poenariis

144 2128 252 2194 locum
276 2128 385 2196 habet.
430 2128 509 2216 Quo
529 2142 562 2195 et
582 2127 753 2194 Hesiodus
775 2127 789 2168 ⁴
810 2123 966 2211 respicite

290 2241 420 2310 πολλούκι
442 2242 493 2309 καὶ
515 2242 664 2322 ξύμπασα
684 2241 769 2316 πόλις
791 2245 884 2310 κακοῦ
904 2243 1001 2324 ἀνδρὸς
1022 2242 1153 2324 ἐπαυρεῖ.

299 2349 403 2436 Saepe
426 2349 492 2415 luit
510 2349 653 2436 populus
670 2365 794 2437 poenas
817 2353 917 2416 unius
939 2353 1063 2436 iniqui.

182 2461 290 2550 Quod
318 2460 447 2547 egregie
477 2460 613 2528 Proclus
646 2461 803 2544 explicat:
833 2466 871 2538 ὠς
889 2465 951 2544 ἐξὸν
968 2465 1087 2532 κωλύειν
1104 2466 1147 2548 μὶν
1165 2467 1317 2536 κωλύουσα

142 2578 192 2654 τὴν
213 2581 267 2645 τοῦ
288 2577 347 2650 ἑνὸς
370 2575 523 2657 πονηρίαν,
544 2575 627 2659 quia
646 2575 768 2641 civitas
787 2592 862 2638 curn
885 2572 1064 2660 prohibere
1086 2578 1193 2660 possit
1216 2580 1315 2644 unius

144 2685 314 2751 malits'am
333 2704 397 2749 πον
414 2683 596 2770 prohibes,
618 2682 774 2766 additque
796 2686 941 2767 exempla
962 2684 1052 2768 du0,
1075 2687 1211 2753 alterurn
1231 2687 1316 2755 illud

144 2795 235 2879 quod
258 2811 291 2862 et
313 2795 474 2862 Horatius
489 2794 660 2863 annotavit
678 2815 718 2862 ex
736 2795 832 2861 initio
850 2794 972 2863 Iliados
990 2797 1032 2862 de
1048 2797 1315 2882 Agamemnone,

141 2909 280 2974 alterum
301 2925 382 2975 vero
404 2906 446 2973 de
465 2907 666 2973 Graecorum
687 2909 789 2974 classe
810 2920 927 2973 exusta
946 2909 980 2972 ⁶:

340 3018 447 3085 Unius
476 3019 513 3085 ού
533 3039 654 3084 noxam
677 3032 708 3084 et
729 3019 850 3104 furias
878 3015 997 3104 As'acr's
1024 3016 1125 3085 Oilei.

182 3129 274 3219 Quia
303 3129 430 3197 scilicet
458 3131 602 3214 populus
631 3147 700 3197 non
721 3131 978 3212 demonstrarat,
1008 3128 1141 3215 indigne
1166 3149 1201 3197 se
1229 3129 1313 3199 ferre

142 3242 271 3310 illorum
294 3241 429 3327 flagitia.
463 3242 553 3308 Hinc
575 3241 789 3326 expiationes.
822 3241 889 3307 Sed
909 3260 971 3309 nos
991 3242 1090 3310 sacris
1111 3240 1145 3308 in
1166 3242 1283 3310 litteris
1300 3249 1313 3287 ⁸

142 3369 329 3440 argumenta
356 3353 514 3422 habemus
538 3353 714 3421 admodum
736 3352 876 3420 illustria
901 3352 975 3420 Deo
1006 3354 1070 3420 hoc
1102 3357 1252 3438 placere,
1276 3371 1315 3424 ut

142 3466 303 3553 impunita
325 3466 530 3551 singulorum
551 3480 684 3549 peccata
702 3485 720 3531 a
739 3466 864 3549 populo
881 3467 1023 3532 luantur.
1054 3465 1228 3532 Rationem
1241 3468 1313 3534 red-

141 3578 189 3646 dit
207 3579 383 3663 Agapetus
402 3586 414 3627 ⁷
434 3577 468 3644 in
488 3577 696 3644 Paraenetico
717 3577 758 3643 ad
773 3577 1014 3662 justinianum:
1035 3581 1093 3647 inor
1110 3583 1150 3664 τῷ
1170 3597 1314 3672 πλημμεή

141 3702 200 3760 λεῑν
218 3695 253 3760 τὸ
274 3693 318 3774 μὶν
340 3691 458 3758 κωλύειν
476 3693 543 3766 τοὺς
562 3694 810 3773 πλημμελοῦντας
838 3691 963 3775 λογίζου.
994 3691 1050 3759 κύον
1074 3689 1134 3774 arip
1162 3717 1206 3765 τις
1232 3709 1314 3760 πολι-

140 3805 259 3882 τεύηται
286 3806 341 3884 μὲν
366 3804 522 3884 ἒνύέομιος,
544 3803 687 3885 ἀνέχηται
706 3803 736 3870 δὲ
754 3803 890 3882 βιούντων
916 3802 1064 3884 siliquas,
1095 3803 1228 3886 ούνεμγος
1256 3811 1315 3872 τῶν

171 4169 180 4204 ¹
197 4171 231 4220 V.
249 4171 316 4219 Bart.
340 4171 372 4220 de
395 4183 503 4232 repress.
524 4183 550 4232 q
567 4182 593 4233 4.
609 4183 636 4220 n.
656 4181 697 4227 rs.
728 4165 780 4219 ὀ.
797 4167 923 4220 dominus.
942 4168 1028 4232 [θεον.
1046 4169 1114 4218 Grac.
1131 4182 1158 4230 p.
1177 4182 1200 4218 ο.
1220 4180 1260 4227 2³.
1286 4182 1314 4218 ν.

140 4260 174 4327 a]
193 4264 301 4312 Covarr.
318 4262 345 4310 iu
362 4275 413 4324 reg.
430 4275 504 4324 pecc.
525 4275 551 4311 n.
577 4275 617 4312 10.
634 4261 726 4310 Thom.
744 4274 767 4310 a.
785 4274 809 4310 ο.
826 4274 852 4321 q.
870 4260 911 4309 ⁶2.
928 4272 974 4310 art.
991 4272 1016 4319 7.
1034 4259 1060 4310 in
1077 4272 1143 4320 resp.
1161 4258 1222 4310 silv.
1239 4257 1266 4308 in
1283 4274 1313 4309 ν.

139 4353 289 4404 Restitutio.
313 4364 336 4411 ο.
360 4353 382 4416 ς
405 4354 430 4403 ό.
452 4355 599 4404 secundum.
622 4364 648 4401 et
671 4352 721 4402 ibi:
748 4363 773 4402 at
791 4363 894 4402 octavo.
911 4353 989 4401 Mart.
1005 4352 1083 4401 Laud.
1099 4365 1125 4412 q.
1145 4352 1183 4399 ιο.
1216 4347 1313 4400 ⁸Plut.

140 4444 202 4494 Cim.
230 4445 269 4507 [p.
294 4447 352 4507 4³³·
378 4444 403 4494 b.
429 4444 467 4510 c.]
501 4444 513 4477 ⁴
540 4443 604 4510 [op.
629 4455 655 4493 et
681 4446 714 4494 D.
737 4457 775 4522 rs.
803 4442 873 4508 24o.]
908 4442 1006 4504 'Virg
1023 4445 1089 4492 Aen.
1106 4444 1124 4490 1.
1144 4455 1165 4492 1.
1184 4440 1235 4504 [vs.
1251 4439 1311 4506 qm]

139 4533 242 4586 ⁸Num.
259 4547 300 4600 55.
317 4549 358 4596 aa.
375 4547 399 4586 et
410 4549 451 4600 ³4·
484 4533 496 4575 ⁷
514 4535 654 4600 [edParls.
672 4551 694 4587 a.
714 4537 786 4598 νόον.
802 4551 828 4598 p.
847 4536 906 4594 ³⁶7·
923 4534 959 4600 c.]
