<?xml version="1.0" encoding="UTF-8"?>
<!DOCTYPE html PUBLIC "-//W3C//DTD XHTML 1.0 Transitional//EN"
    "http://www.w3.org/TR/xhtml1/DTD/xhtml1-transitional.dtd">
<html xmlns="http://www.w3.org/1999/xhtml" xml:lang="en" lang="en">
 <head>
  <title>
</title>
<meta http-equiv="Content-Type" content="text/html;charset=utf-8" />
  <meta name='ocr-system' content='tesseract 3.04.00' />
  <meta name='ocr-capabilities' content='ocr_page ocr_carea ocr_par ocr_line ocrx_word'/>
</head>
<body>
  <div class='ocr_page' id='page_1' title='image "./ledroitdeprised01hamagoog_0231.png"; bbox 0 0 3326 5506; ppageno 0'>
   <div class='ocr_carea' id='block_1_1' title="bbox 433 624 1302 690">
    <p class='ocr_par' dir='ltr' id='par_1_1' title="bbox 433 624 1302 690">
     <span class='ocr_line' id='line_1_1' title="bbox 433 624 1302 690; baseline -0.001 -20"><span class='ocrx_word' id='word_1_1' title='bbox 433 625 479 670; x_wconf 79' lang='lat' dir='ltr'><strong>DF.</strong></span> <span class='ocrx_word' id='word_1_2' title='bbox 503 625 596 690; x_wconf 80' lang='lat' dir='ltr'>JURE</span> <span class='ocrx_word' id='word_1_3' title='bbox 623 625 805 672; x_wconf 77' lang='lat' dir='ltr'>PRAEDAE.</span> <span class='ocrx_word' id='word_1_4' title='bbox 831 626 910 672; x_wconf 80' lang='lat' dir='ltr'><strong>CAP.</strong></span> <span class='ocrx_word' id='word_1_5' title='bbox 935 627 999 673; x_wconf 79' lang='lat' dir='ltr'><strong>xil.</strong></span> <span class='ocrx_word' id='word_1_6' title='bbox 1241 624 1302 685; x_wconf 82' lang='lat'><strong>209</strong></span> 
     </span>
    </p>
   </div>
   <div class='ocr_carea' id='block_1_2' title="bbox 15 777 1441 4103">
    <p class='ocr_par' dir='ltr' id='par_1_2' title="bbox 123 777 1441 1424">
     <span class='ocr_line' id='line_1_2' title="bbox 168 777 1303 863; baseline 0.001 -20"><span class='ocrx_word' id='word_1_7' title='bbox 168 777 386 863; x_wconf 90' lang='lat' dir='ltr'><strong>Taprobanes</strong></span> <span class='ocrx_word' id='word_1_8' title='bbox 409 781 565 862; x_wconf 82' lang='lat' dir='ltr'><strong>pleraque</strong></span> <span class='ocrx_word' id='word_1_9' title='bbox 589 799 687 862; x_wconf 88' lang='lat' dir='ltr'><strong>quam</strong></span> <span class='ocrx_word' id='word_1_10' title='bbox 711 794 822 848; x_wconf 82' lang='lat' dir='ltr'><strong>exacte</strong></span> <span class='ocrx_word' id='word_1_11' title='bbox 844 780 942 847; x_wconf 90' lang='lat' dir='ltr'><strong>nobis</strong></span> <span class='ocrx_word' id='word_1_12' title='bbox 963 780 1105 848; x_wconf 89' lang='lat' dir='ltr'><strong>Romani</strong></span> <span class='ocrx_word' id='word_1_13' title='bbox 1126 794 1134 828; x_wconf 80' lang='lat'>¹</span> <span class='ocrx_word' id='word_1_14' title='bbox 1156 777 1303 861; x_wconf 88' lang='lat' dir='ltr'><strong>descrip-</strong></span> 
     </span>
     <span class='ocr_line' id='line_1_3' title="bbox 124 889 1301 975; baseline -0.002 -19"><span class='ocrx_word' id='word_1_15' title='bbox 124 891 224 957; x_wconf 82' lang='lat' dir='ltr'><strong>sere?</strong></span> <span class='ocrx_word' id='word_1_16' title='bbox 268 891 340 975; x_wconf 88' lang='lat' dir='ltr'><strong>Jam</strong></span> <span class='ocrx_word' id='word_1_17' title='bbox 364 911 443 958; x_wconf 90' lang='lat' dir='ltr'><strong>vero</strong></span> <span class='ocrx_word' id='word_1_18' title='bbox 467 906 498 957; x_wconf 90' lang='lat' dir='ltr'><strong>et</strong></span> <span class='ocrx_word' id='word_1_19' title='bbox 521 905 664 958; x_wconf 88' lang='lat' dir='ltr'><strong>caeteras</strong></span> <span class='ocrx_word' id='word_1_20' title='bbox 687 891 809 958; x_wconf 88' lang='lat' dir='ltr'><strong>insulas</strong></span> <span class='ocrx_word' id='word_1_21' title='bbox 836 908 910 958; x_wconf 87' lang='lat' dir='ltr'><strong>ante</strong></span> <span class='ocrx_word' id='word_1_22' title='bbox 934 892 1113 960; x_wconf 86' lang='lat' dir='ltr'>Lusitanos</span> <span class='ocrx_word' id='word_1_23' title='bbox 1136 911 1202 960; x_wconf 95' lang='lat' dir='ltr'><strong>non</strong></span> <span class='ocrx_word' id='word_1_24' title='bbox 1226 889 1301 956; x_wconf 88' lang='lat' dir='ltr'><strong>lini·</strong></span> 
     </span>
     <span class='ocr_line' id='line_1_4' title="bbox 123 1002 1300 1087; baseline 0.001 -20"><span class='ocrx_word' id='word_1_25' title='bbox 123 1003 194 1068; x_wconf 91' lang='lat' dir='ltr'><strong>timi</strong></span> <span class='ocrx_word' id='word_1_26' title='bbox 219 1016 345 1069; x_wconf 91' lang='lat' dir='ltr'><strong>tantum</strong></span> <span class='ocrx_word' id='word_1_27' title='bbox 369 1002 485 1068; x_wconf 85' lang='lat' dir='ltr'><strong>Persae</strong></span> <span class='ocrx_word' id='word_1_28' title='bbox 508 1018 540 1069; x_wconf 92' lang='lat' dir='ltr'><strong>et</strong></span> <span class='ocrx_word' id='word_1_29' title='bbox 559 1004 703 1082; x_wconf 88' lang='lat' dir='ltr'><strong>Arabes,</strong></span> <span class='ocrx_word' id='word_1_30' title='bbox 728 1004 786 1070; x_wconf 91' lang='lat' dir='ltr'><strong>sed</strong></span> <span class='ocrx_word' id='word_1_31' title='bbox 805 1003 971 1087; x_wconf 85' lang='lat' dir='ltr'><strong>Europaei</strong></span> <span class='ocrx_word' id='word_1_32' title='bbox 992 1003 1103 1082; x_wconf 89' lang='lat' dir='ltr'><strong>etiam,</strong></span> <span class='ocrx_word' id='word_1_33' title='bbox 1127 1002 1300 1086; x_wconf 83' lang='lat' dir='ltr'><strong>praecipue</strong></span> 
     </span>
     <span class='ocr_line' id='line_1_5' title="bbox 123 1113 1299 1202; baseline 0 -24"><span class='ocrx_word' id='word_1_34' title='bbox 123 1115 246 1181; x_wconf 89' lang='lat' dir='ltr'><strong>Veneti</strong></span> <span class='ocrx_word' id='word_1_35' title='bbox 270 1129 437 1182; x_wconf 90' lang='lat' dir='ltr'><strong>noverant.</strong></span> <span class='ocrx_word' id='word_1_36' title='bbox 483 1115 651 1182; x_wconf 88' lang='lat' dir='ltr'><strong>Praeterea</strong></span> <span class='ocrx_word' id='word_1_37' title='bbox 684 1116 832 1183; x_wconf 89' lang='lat' dir='ltr'><strong>inventio</strong></span> <span class='ocrx_word' id='word_1_38' title='bbox 856 1115 939 1182; x_wconf 90' lang='lat' dir='ltr'><strong>nihil</strong></span> <span class='ocrx_word' id='word_1_39' title='bbox 960 1115 1044 1202; x_wconf 88' lang='lat' dir='ltr'><strong>juris</strong></span> <span class='ocrx_word' id='word_1_40' title='bbox 1068 1115 1185 1182; x_wconf 85' lang='lat' dir='ltr'><strong>tribuit</strong></span> <span class='ocrx_word' id='word_1_41' title='bbox 1204 1120 1216 1154; x_wconf 87' lang='lat'><strong>¹</strong></span> <span class='ocrx_word' id='word_1_42' title='bbox 1236 1113 1299 1180; x_wconf 92' lang='lat' dir='ltr'><strong>nisi</strong></span> 
     </span>
     <span class='ocr_line' id='line_1_6' title="bbox 124 1223 1441 1309; baseline -0.001 -18"><span class='ocrx_word' id='word_1_43' title='bbox 124 1226 244 1307; x_wconf 90' lang='lat' dir='ltr'><strong>inea,</strong></span> <span class='ocrx_word' id='word_1_44' title='bbox 278 1247 361 1309; x_wconf 90' lang='lat' dir='ltr'><strong>quae</strong></span> <span class='ocrx_word' id='word_1_45' title='bbox 392 1241 465 1292; x_wconf 88' lang='lat' dir='ltr'><strong>ante</strong></span> <span class='ocrx_word' id='word_1_46' title='bbox 497 1226 720 1296; x_wconf 89' lang='lat' dir='ltr'><strong>inventionem</strong></span> <span class='ocrx_word' id='word_1_47' title='bbox 755 1228 881 1294; x_wconf 90' lang='lat' dir='ltr'><strong>nullius</strong></span> <span class='ocrx_word' id='word_1_48' title='bbox 904 1227 1045 1296; x_wconf 88' lang='lat' dir='ltr'><strong>fuerant.</strong></span> <span class='ocrx_word' id='word_1_49' title='bbox 1082 1223 1202 1307; x_wconf 88' lang='lat' dir='ltr'><strong>&#39;Atqui</strong></span> <span class='ocrx_word' id='word_1_50' title='bbox 1226 1225 1391 1292; x_wconf 59' lang='lat' dir='ltr'><strong>Indil’ttl&#39;·</strong></span> <span class='ocrx_word' id='word_1_51' title='bbox 1407 1227 1441 1270; x_wconf 81' lang='lat'><strong>¹¹·</strong></span> 
     </span>
     <span class='ocr_line' id='line_1_7' title="bbox 123 1336 1295 1424; baseline 0 -23"><span class='ocrx_word' id='word_1_52' title='bbox 123 1358 197 1404; x_wconf 91' lang='lat' dir='ltr'><strong>cum</strong></span> <span class='ocrx_word' id='word_1_53' title='bbox 223 1339 265 1402; x_wconf 91' lang='lat' dir='ltr'><strong>ad</strong></span> <span class='ocrx_word' id='word_1_54' title='bbox 288 1358 343 1405; x_wconf 90' lang='lat' dir='ltr'><strong>eos</strong></span> <span class='ocrx_word' id='word_1_55' title='bbox 365 1338 519 1404; x_wconf 82' lang='lat' dir='ltr'><strong>Lusitani</strong></span> <span class='ocrx_word' id='word_1_56' title='bbox 541 1354 724 1421; x_wconf 90' lang='lat' dir='ltr'><strong>venerunt,</strong></span> <span class='ocrx_word' id='word_1_57' title='bbox 750 1340 811 1406; x_wconf 93' lang='lat' dir='ltr'><strong>etsi</strong></span> <span class='ocrx_word' id='word_1_58' title='bbox 834 1341 952 1424; x_wconf 90' lang='lat' dir='ltr'><strong>partim</strong></span> <span class='ocrx_word' id='word_1_59' title='bbox 976 1340 1156 1418; x_wconf 84' lang='lat' dir='ltr'><strong>idolatrae,</strong></span> <span class='ocrx_word' id='word_1_60' title='bbox 1179 1336 1295 1420; x_wconf 90' lang='lat' dir='ltr'><strong>partim</strong></span> 
     </span>
    </p>

    <p class='ocr_par' dir='ltr' id='par_1_3' title="bbox 15 1448 1364 4103">
     <span class='ocr_line' id='line_1_8' title="bbox 15 1448 1298 1536; baseline 0 -22"><span class='ocrx_word' id='word_1_61' title='bbox 15 1525 17 1536; x_wconf 71' lang='lat'><em>‚</em></span> <span class='ocrx_word' id='word_1_62' title='bbox 124 1449 354 1516; x_wconf 87' lang='lat' dir='ltr'><strong>Mahumetani</strong></span> <span class='ocrx_word' id='word_1_63' title='bbox 376 1466 466 1517; x_wconf 92' lang='lat' dir='ltr'><strong>erant</strong></span> <span class='ocrx_word' id='word_1_64' title='bbox 485 1451 707 1536; x_wconf 85' lang='lat' dir='ltr'><strong>gravibusque</strong></span> <span class='ocrx_word' id='word_1_65' title='bbox 718 1451 861 1534; x_wconf 88' lang='lat' dir='ltr'><strong>pcccatis</strong></span> <span class='ocrx_word' id='word_1_66' title='bbox 873 1450 1057 1533; x_wconf 82' lang='lat' dir='ltr'><strong>involuti⁸,</strong></span> <span class='ocrx_word' id='word_1_67' title='bbox 1082 1448 1298 1516; x_wconf 88' lang='lat' dir='ltr'><strong>nihilominus</strong></span> 
     </span>
     <span class='ocr_line' id='line_1_9' title="bbox 125 1560 1295 1646; baseline 0 -20"><span class='ocrx_word' id='word_1_68' title='bbox 125 1561 258 1644; x_wconf 91' lang='lat' dir='ltr'><strong>publice</strong></span> <span class='ocrx_word' id='word_1_69' title='bbox 282 1582 318 1628; x_wconf 89' lang='lat' dir='ltr'><strong>ac</strong></span> <span class='ocrx_word' id='word_1_70' title='bbox 342 1562 495 1644; x_wconf 87' lang='lat' dir='ltr'><strong>privatim</strong></span> <span class='ocrx_word' id='word_1_71' title='bbox 517 1583 625 1630; x_wconf 91' lang='lat' dir='ltr'><strong>rerum</strong></span> <span class='ocrx_word' id='word_1_72' title='bbox 645 1564 959 1646; x_wconf 87' lang='lat' dir='ltr'><strong>possessionumque</strong></span> <span class='ocrx_word' id='word_1_73' title='bbox 974 1581 1104 1630; x_wconf 88' lang='lat' dir='ltr'><strong>suarum</strong></span> <span class='ocrx_word' id='word_1_74' title='bbox 1114 1560 1295 1628; x_wconf 89' lang='lat' dir='ltr'><strong>dominium</strong></span> 
     </span>
     <span class='ocr_line' id='line_1_10' title="bbox 124 1672 1296 1760; baseline 0 -22"><span class='ocrx_word' id='word_1_75' title='bbox 124 1675 334 1754; x_wconf 90' lang='lat' dir='ltr'><strong>habuerunt,</strong></span> <span class='ocrx_word' id='word_1_76' title='bbox 359 1675 450 1756; x_wconf 94' lang='lat' dir='ltr'><strong>quod</strong></span> <span class='ocrx_word' id='word_1_77' title='bbox 472 1674 539 1740; x_wconf 90' lang='lat' dir='ltr'><strong>illis</strong></span> <span class='ocrx_word' id='word_1_78' title='bbox 563 1675 633 1742; x_wconf 91' lang='lat' dir='ltr'><strong>sine</strong></span> <span class='ocrx_word' id='word_1_79' title='bbox 654 1676 742 1760; x_wconf 87' lang='lat' dir='ltr'><strong>justa</strong></span> <span class='ocrx_word' id='word_1_80' title='bbox 765 1693 863 1741; x_wconf 88' lang='lat' dir='ltr'><strong>causa</strong></span> <span class='ocrx_word' id='word_1_81' title='bbox 887 1674 968 1757; x_wconf 92' lang='lat' dir='ltr'><strong>eripi</strong></span> <span class='ocrx_word' id='word_1_82' title='bbox 993 1694 1058 1740; x_wconf 93' lang='lat' dir='ltr'><strong>non</strong></span> <span class='ocrx_word' id='word_1_83' title='bbox 1082 1672 1203 1756; x_wconf 90' lang='lat' dir='ltr'><strong>potuit.</strong></span> <span class='ocrx_word' id='word_1_84' title='bbox 1249 1673 1296 1738; x_wconf 92' lang='lat' dir='ltr'><strong>Ita</strong></span> 
     </span>
     <span class='ocr_line' id='line_1_11' title="bbox 123 1782 1297 1870; baseline -0.002 -21"><span class='ocrx_word' id='word_1_85' title='bbox 123 1785 314 1852; x_wconf 90' lang='lat' dir='ltr'><strong>certissimis</strong></span> <span class='ocrx_word' id='word_1_86' title='bbox 356 1785 539 1852; x_wconf 89' lang='lat' dir='ltr'><strong>rationibus</strong></span> <span class='ocrx_word' id='word_1_87' title='bbox 577 1802 654 1870; x_wconf 90' lang='lat' dir='ltr'><strong>post</strong></span> <span class='ocrx_word' id='word_1_88' title='bbox 687 1787 769 1853; x_wconf 88' lang='lat' dir='ltr'><strong>alios</strong></span> <span class='ocrx_word' id='word_1_89' title='bbox 803 1801 955 1852; x_wconf 88' lang='lat' dir='ltr'><strong>auctores</strong></span> <span class='ocrx_word' id='word_1_90' title='bbox 988 1784 1119 1851; x_wconf 87' lang='lat' dir='ltr'><strong>maximi</strong></span> <span class='ocrx_word' id='word_1_91' title='bbox 1155 1782 1297 1848; x_wconf 92' lang='lat' dir='ltr'><strong>nominis</strong></span> 
     </span>
     <span class='ocr_line' id='line_1_12' title="bbox 124 1895 1297 1983; baseline 0.001 -22"><span class='ocrx_word' id='word_1_92' title='bbox 124 1896 295 1963; x_wconf 89' lang='lat' dir='ltr'><strong>concludit</strong></span> <span class='ocrx_word' id='word_1_93' title='bbox 318 1897 487 1981; x_wconf 88' lang='lat' dir='ltr'><strong>Hispanus</strong></span> <span class='ocrx_word' id='word_1_94' title='bbox 508 1898 658 1964; x_wconf 86' lang='lat' dir='ltr'><strong>Victoria</strong></span> <span class='ocrx_word' id='word_1_95' title='bbox 676 1898 703 1964; x_wconf 70' lang='lat' dir='ltr'><strong>*t</strong></span> <span class='ocrx_word' id='word_1_96' title='bbox 745 1899 824 1962; x_wconf 82' lang='lat' dir='ltr'><strong>Non</strong></span> <span class='ocrx_word' id='word_1_97' title='bbox 839 1911 1000 1983; x_wconf 83' lang='lat' dir='ltr'><strong>possunt,</strong></span> <span class='ocrx_word' id='word_1_98' title='bbox 1026 1895 1158 1978; x_wconf 91' lang='lat' dir='ltr'><strong>inquit,</strong></span> <span class='ocrx_word' id='word_1_99' title='bbox 1185 1897 1297 1962; x_wconf 81' lang='lat' dir='ltr'><strong>Chris-</strong></span> 
     </span>
     <span class='ocr_line' id='line_1_13' title="bbox 125 2008 1297 2095; baseline 0.002 -23"><span class='ocrx_word' id='word_1_100' title='bbox 125 2012 216 2074; x_wconf 81' lang='lat' dir='ltr'><strong>tiani</strong></span> <span class='ocrx_word' id='word_1_101' title='bbox 246 2009 411 2074; x_wconf 74' lang='lat' dir='ltr'><strong>seculares</strong></span> <span class='ocrx_word' id='word_1_102' title='bbox 442 2023 503 2074; x_wconf 87' lang='lat' dir='ltr'><strong>aut</strong></span> <span class='ocrx_word' id='word_1_103' title='bbox 523 2009 738 2076; x_wconf 78' lang='lat' dir='ltr'><strong>ecclesiastici</strong></span> <span class='ocrx_word' id='word_1_104' title='bbox 753 2021 919 2095; x_wconf 81' lang='lat' dir='ltr'><strong>potestate</strong></span> <span class='ocrx_word' id='word_1_105' title='bbox 936 2008 1031 2076; x_wconf 77' lang='lat' dir='ltr'><strong>cirili</strong></span> <span class='ocrx_word' id='word_1_106' title='bbox 1050 2022 1082 2073; x_wconf 79' lang='lat' dir='ltr'><strong>et</strong></span> <span class='ocrx_word' id='word_1_107' title='bbox 1096 2012 1297 2095; x_wconf 81' lang='lat' dir='ltr'><strong>principatu</strong></span> 
     </span>
     <span class='ocr_line' id='line_1_14' title="bbox 120 2102 1295 2205; baseline 0 -21"><span class='ocrx_word' id='word_1_108' title='bbox 120 2124 266 2205; x_wconf 72' lang='lat' dir='ltr'><strong>privare</strong></span> <span class='ocrx_word' id='word_1_109' title='bbox 296 2102 465 2204; x_wconf 76' lang='lat' dir='ltr'><strong>infideles,</strong></span> <span class='ocrx_word' id='word_1_110' title='bbox 498 2143 531 2186; x_wconf 82' lang='lat' dir='ltr'><strong>eo</strong></span> <span class='ocrx_word' id='word_1_111' title='bbox 564 2121 737 2187; x_wconf 80' lang='lat' dir='ltr'><strong>duntaxat</strong></span> <span class='ocrx_word' id='word_1_112' title='bbox 760 2121 884 2200; x_wconf 80' lang='lat' dir='ltr'><strong>titulo,</strong></span> <span class='ocrx_word' id='word_1_113' title='bbox 921 2124 1002 2205; x_wconf 84' lang='lat' dir='ltr'><strong>quia</strong></span> <span class='ocrx_word' id='word_1_114' title='bbox 1026 2117 1171 2203; x_wconf 75' lang='lat' dir='ltr'><strong>infideles</strong></span> <span class='ocrx_word' id='word_1_115' title='bbox 1195 2133 1295 2200; x_wconf 81' lang='lat' dir='ltr'><strong>sunt,</strong></span> 
     </span>
     <span class='ocr_line' id='line_1_15' title="bbox 126 2230 1297 2318; baseline 0.003 -24"><span class='ocrx_word' id='word_1_116' title='bbox 126 2235 192 2296; x_wconf 84' lang='lat' dir='ltr'><strong>nisi</strong></span> <span class='ocrx_word' id='word_1_117' title='bbox 225 2232 268 2296; x_wconf 82' lang='lat' dir='ltr'><strong>ab</strong></span> <span class='ocrx_word' id='word_1_118' title='bbox 299 2235 344 2296; x_wconf 80' lang='lat' dir='ltr'><strong>eis</strong></span> <span class='ocrx_word' id='word_1_119' title='bbox 367 2232 440 2298; x_wconf 85' lang='lat' dir='ltr'><strong>alia</strong></span> <span class='ocrx_word' id='word_1_120' title='bbox 463 2233 596 2318; x_wconf 80' lang='lat' dir='ltr'><strong>injuria</strong></span> <span class='ocrx_word' id='word_1_121' title='bbox 613 2231 771 2318; x_wconf 79' lang='lat' dir='ltr'><strong>profecta</strong></span> <span class='ocrx_word' id='word_1_122' title='bbox 794 2236 849 2297; x_wconf 83' lang='lat' dir='ltr'><strong>sit.</strong></span> <span class='ocrx_word' id='word_1_123' title='bbox 895 2230 992 2306; x_wconf 82' lang='lat' dir='ltr'><strong>Fides</strong></span> <span class='ocrx_word' id='word_1_124' title='bbox 1016 2231 1126 2310; x_wconf 91' lang='lat' dir='ltr'><strong>enim,</strong></span> <span class='ocrx_word' id='word_1_125' title='bbox 1151 2246 1188 2296; x_wconf 94' lang='lat' dir='ltr'><strong>ut</strong></span> <span class='ocrx_word' id='word_1_126' title='bbox 1211 2247 1297 2297; x_wconf 89' lang='lat' dir='ltr'><strong>recte</strong></span> 
     </span>
     <span class='ocr_line' id='line_1_16' title="bbox 126 2341 1297 2428; baseline 0.001 -23"><span class='ocrx_word' id='word_1_127' title='bbox 126 2342 238 2424; x_wconf 90' lang='lat' dir='ltr'><strong>inquit</strong></span> <span class='ocrx_word' id='word_1_128' title='bbox 271 2343 419 2410; x_wconf 89' lang='lat' dir='ltr'><strong>Thomas</strong></span> <span class='ocrx_word' id='word_1_129' title='bbox 437 2341 473 2424; x_wconf 75' lang='lat'><strong>⁵,</strong></span> <span class='ocrx_word' id='word_1_130' title='bbox 507 2363 573 2410; x_wconf 92' lang='lat' dir='ltr'><strong>non</strong></span> <span class='ocrx_word' id='word_1_131' title='bbox 599 2344 688 2410; x_wconf 91' lang='lat' dir='ltr'><strong>tollit</strong></span> <span class='ocrx_word' id='word_1_132' title='bbox 707 2345 762 2428; x_wconf 84' lang='lat' dir='ltr'><strong>jus</strong></span> <span class='ocrx_word' id='word_1_133' title='bbox 785 2345 930 2410; x_wconf 86' lang='lat' dir='ltr'><strong>naturale</strong></span> <span class='ocrx_word' id='word_1_134' title='bbox 953 2357 1009 2409; x_wconf 89' lang='lat' dir='ltr'><strong>aut</strong></span> <span class='ocrx_word' id='word_1_135' title='bbox 1032 2344 1232 2424; x_wconf 90' lang='lat' dir='ltr'><strong>humanum,</strong></span> <span class='ocrx_word' id='word_1_136' title='bbox 1256 2362 1297 2407; x_wconf 87' lang='lat' dir='ltr'><strong>ex</strong></span> 
     </span>
     <span class='ocr_line' id='line_1_17' title="bbox 126 2453 1296 2538; baseline 0.001 -19"><span class='ocrx_word' id='word_1_137' title='bbox 126 2475 193 2535; x_wconf 94' lang='lat' dir='ltr'><strong>quo</strong></span> <span class='ocrx_word' id='word_1_138' title='bbox 227 2454 370 2520; x_wconf 90' lang='lat' dir='ltr'><strong>dominia</strong></span> <span class='ocrx_word' id='word_1_139' title='bbox 401 2453 549 2538; x_wconf 89' lang='lat' dir='ltr'><strong>profecta</strong></span> <span class='ocrx_word' id='word_1_140' title='bbox 582 2470 675 2522; x_wconf 90' lang='lat' dir='ltr'><strong>sunt:</strong></span> <span class='ocrx_word' id='word_1_141' title='bbox 709 2455 775 2521; x_wconf 93' lang='lat' dir='ltr'><strong>imo</strong></span> <span class='ocrx_word' id='word_1_142' title='bbox 808 2455 938 2521; x_wconf 89' lang='lat' dir='ltr'><strong>credere</strong></span> <span class='ocrx_word' id='word_1_143' title='bbox 963 2453 1112 2521; x_wconf 89' lang='lat' dir='ltr'><strong>infideles</strong></span> <span class='ocrx_word' id='word_1_144' title='bbox 1136 2473 1202 2520; x_wconf 92' lang='lat' dir='ltr'><strong>non</strong></span> <span class='ocrx_word' id='word_1_145' title='bbox 1226 2474 1296 2520; x_wconf 89' lang='lat' dir='ltr'><strong>esse</strong></span> 
     </span>
     <span class='ocr_line' id='line_1_18' title="bbox 125 2564 1297 2648; baseline 0 -18"><span class='ocrx_word' id='word_1_146' title='bbox 125 2585 233 2634; x_wconf 89' lang='lat' dir='ltr'><strong>rerum</strong></span> <span class='ocrx_word' id='word_1_147' title='bbox 258 2585 389 2633; x_wconf 87' lang='lat' dir='ltr'><strong>suarum</strong></span> <span class='ocrx_word' id='word_1_148' title='bbox 412 2566 563 2634; x_wconf 91' lang='lat' dir='ltr'><strong>dominos</strong></span> <span class='ocrx_word' id='word_1_149' title='bbox 586 2567 784 2634; x_wconf 86' lang='lat' dir='ltr'><strong>haereticum</strong></span> <span class='ocrx_word' id='word_1_150' title='bbox 809 2581 859 2634; x_wconf 93' lang='lat' dir='ltr'><strong>est</strong></span> <span class='ocrx_word' id='word_1_151' title='bbox 880 2564 914 2646; x_wconf 81' lang='lat'><strong>⁸,</strong></span> <span class='ocrx_word' id='word_1_152' title='bbox 939 2581 1045 2633; x_wconf 82' lang='lat' dir='ltr'><strong>erres</strong></span> <span class='ocrx_word' id='word_1_153' title='bbox 1069 2565 1197 2632; x_wconf 90' lang='lat' dir='ltr'><strong>abillis</strong></span> <span class='ocrx_word' id='word_1_154' title='bbox 1220 2584 1297 2648; x_wconf 89' lang='lat' dir='ltr'><strong>pos-</strong></span> 
     </span>
     <span class='ocr_line' id='line_1_19' title="bbox 126 2677 1364 2763; baseline -0.002 -19"><span class='ocrx_word' id='word_1_155' title='bbox 126 2697 232 2744; x_wconf 87' lang='lat' dir='ltr'><strong>sessas</strong></span> <span class='ocrx_word' id='word_1_156' title='bbox 262 2677 327 2744; x_wconf 91' lang='lat' dir='ltr'><strong>illis</strong></span> <span class='ocrx_word' id='word_1_157' title='bbox 357 2679 402 2745; x_wconf 93' lang='lat' dir='ltr'><strong>ob</strong></span> <span class='ocrx_word' id='word_1_158' title='bbox 431 2679 495 2744; x_wconf 89' lang='lat' dir='ltr'><strong>hoc</strong></span> <span class='ocrx_word' id='word_1_159' title='bbox 518 2679 626 2762; x_wconf 92' lang='lat' dir='ltr'><strong>ipsum</strong></span> <span class='ocrx_word' id='word_1_160' title='bbox 651 2679 774 2763; x_wconf 91' lang='lat' dir='ltr'><strong>eripere</strong></span> <span class='ocrx_word' id='word_1_161' title='bbox 797 2679 920 2745; x_wconf 90' lang='lat' dir='ltr'><strong>furtum</strong></span> <span class='ocrx_word' id='word_1_162' title='bbox 946 2693 995 2744; x_wconf 89' lang='lat' dir='ltr'><strong>est</strong></span> <span class='ocrx_word' id='word_1_163' title='bbox 1019 2693 1050 2742; x_wconf 95' lang='lat' dir='ltr'><strong>et</strong></span> <span class='ocrx_word' id='word_1_164' title='bbox 1073 2677 1206 2760; x_wconf 85' lang='lat' dir='ltr'><strong>rapina,</strong></span> <span class='ocrx_word' id='word_1_165' title='bbox 1230 2697 1296 2744; x_wconf 95' lang='lat' dir='ltr'><strong>non</strong></span> <span class='ocrx_word' id='word_1_166' title='bbox 1361 2701 1364 2708; x_wconf 95' lang='lat'>·</span> 
     </span>
     <span class='ocr_line' id='line_1_20' title="bbox 124 2787 1297 2874; baseline 0 -19"><span class='ocrx_word' id='word_1_167' title='bbox 124 2790 234 2856; x_wconf 92' lang='lat' dir='ltr'><strong>minus</strong></span> <span class='ocrx_word' id='word_1_168' title='bbox 269 2811 366 2872; x_wconf 88' lang='lat' dir='ltr'><strong>quam</strong></span> <span class='ocrx_word' id='word_1_169' title='bbox 402 2790 429 2856; x_wconf 93' lang='lat' dir='ltr'><strong>si</strong></span> <span class='ocrx_word' id='word_1_170' title='bbox 464 2790 549 2856; x_wconf 92' lang='lat' dir='ltr'><strong>idem</strong></span> <span class='ocrx_word' id='word_1_171' title='bbox 585 2790 641 2858; x_wconf 91' lang='lat' dir='ltr'><strong>fiat</strong></span> <span class='ocrx_word' id='word_1_172' title='bbox 675 2790 888 2857; x_wconf 86' lang='lat' dir='ltr'><strong>Christianis.</strong></span> <span class='ocrx_word' id='word_1_173' title='bbox 943 2789 1047 2856; x_wconf 87' lang='lat' dir='ltr'><strong>Recte</strong></span> <span class='ocrx_word' id='word_1_174' title='bbox 1081 2788 1183 2874; x_wconf 83' lang='lat' dir='ltr'><strong>igitur</strong></span> <span class='ocrx_word' id='word_1_175' title='bbox 1216 2787 1297 2855; x_wconf 92' lang='lat' dir='ltr'><strong>dicit</strong></span> 
     </span>
     <span class='ocr_line' id='line_1_21' title="bbox 124 2900 1296 2987; baseline -0.002 -21"><span class='ocrx_word' id='word_1_176' title='bbox 124 2901 275 2968; x_wconf 88' lang='lat' dir='ltr'><strong>Victoria</strong></span> <span class='ocrx_word' id='word_1_177' title='bbox 295 2921 362 2969; x_wconf 91' lang='lat' dir='ltr'><strong>non</strong></span> <span class='ocrx_word' id='word_1_178' title='bbox 386 2903 487 2987; x_wconf 86' lang='lat' dir='ltr'><strong>magis</strong></span> <span class='ocrx_word' id='word_1_179' title='bbox 510 2902 572 2968; x_wconf 89' lang='lat' dir='ltr'><strong>ista</strong></span> <span class='ocrx_word' id='word_1_180' title='bbox 594 2902 633 2968; x_wconf 92' lang='lat' dir='ltr'><strong>de</strong></span> <span class='ocrx_word' id='word_1_181' title='bbox 656 2923 752 2969; x_wconf 89' lang='lat' dir='ltr'><strong>causa</strong></span> <span class='ocrx_word' id='word_1_182' title='bbox 776 2901 933 2985; x_wconf 88' lang='lat' dir='ltr'><strong>Hispanis</strong></span> <span class='ocrx_word' id='word_1_183' title='bbox 950 2902 1006 2985; x_wconf 83' lang='lat' dir='ltr'><strong>jus</strong></span> <span class='ocrx_word' id='word_1_184' title='bbox 1025 2901 1058 2965; x_wconf 93' lang='lat' dir='ltr'><strong>in</strong></span> <span class='ocrx_word' id='word_1_185' title='bbox 1079 2900 1178 2966; x_wconf 92' lang='lat' dir='ltr'><strong>Indos</strong></span> <span class='ocrx_word' id='word_1_186' title='bbox 1197 2919 1296 2982; x_wconf 90' lang='lat' dir='ltr'><strong>quae-</strong></span> 
     </span>
     <span class='ocr_line' id='line_1_22' title="bbox 125 3011 1297 3098; baseline -0.001 -19"><span class='ocrx_word' id='word_1_187' title='bbox 125 3014 243 3095; x_wconf 89' lang='lat' dir='ltr'><strong>situm,</strong></span> <span class='ocrx_word' id='word_1_188' title='bbox 270 3033 367 3096; x_wconf 89' lang='lat' dir='ltr'><strong>quam</strong></span> <span class='ocrx_word' id='word_1_189' title='bbox 391 3013 481 3082; x_wconf 87' lang='lat' dir='ltr'><strong>Indis</strong></span> <span class='ocrx_word' id='word_1_190' title='bbox 503 3013 619 3082; x_wconf 91' lang='lat' dir='ltr'><strong>fuisset</strong></span> <span class='ocrx_word' id='word_1_191' title='bbox 641 3014 673 3080; x_wconf 93' lang='lat' dir='ltr'><strong>in</strong></span> <span class='ocrx_word' id='word_1_192' title='bbox 698 3014 887 3098; x_wconf 90' lang='lat' dir='ltr'><strong>Hispanos,</strong></span> <span class='ocrx_word' id='word_1_193' title='bbox 912 3012 939 3078; x_wconf 95' lang='lat' dir='ltr'><strong>si</strong></span> <span class='ocrx_word' id='word_1_194' title='bbox 959 3011 1018 3095; x_wconf 91' lang='lat' dir='ltr'><strong>qui</strong></span> <span class='ocrx_word' id='word_1_195' title='bbox 1029 3013 1160 3078; x_wconf 93' lang='lat' dir='ltr'><strong>illorum</strong></span> <span class='ocrx_word' id='word_1_196' title='bbox 1171 3011 1297 3094; x_wconf 90' lang='lat' dir='ltr'><strong>priores</strong></span> 
     </span>
     <span class='ocr_line' id='line_1_23' title="bbox 125 3121 1296 3210; baseline -0.002 -20"><span class='ocrx_word' id='word_1_197' title='bbox 125 3125 158 3192; x_wconf 94' lang='lat' dir='ltr'><strong>in</strong></span> <span class='ocrx_word' id='word_1_198' title='bbox 193 3125 386 3210; x_wconf 87' lang='lat' dir='ltr'><strong>Hispaniam</strong></span> <span class='ocrx_word' id='word_1_199' title='bbox 423 3125 604 3192; x_wconf 89' lang='lat' dir='ltr'><strong>venissent.</strong></span> <span class='ocrx_word' id='word_1_200' title='bbox 652 3126 773 3208; x_wconf 91' lang='lat' dir='ltr'><strong>Neque</strong></span> <span class='ocrx_word' id='word_1_201' title='bbox 811 3145 890 3192; x_wconf 87' lang='lat' dir='ltr'><strong>vero</strong></span> <span class='ocrx_word' id='word_1_202' title='bbox 930 3139 1008 3190; x_wconf 91' lang='lat' dir='ltr'><strong>sunt</strong></span> <span class='ocrx_word' id='word_1_203' title='bbox 1041 3123 1113 3190; x_wconf 90' lang='lat' dir='ltr'><strong>Indi</strong></span> <span class='ocrx_word' id='word_1_204' title='bbox 1148 3121 1296 3188; x_wconf 86' lang='lat' dir='ltr'><strong>Orientis</strong></span> 
     </span>
     <span class='ocr_line' id='line_1_24' title="bbox 126 3235 1296 3323; baseline -0.002 -21"><span class='ocrx_word' id='word_1_205' title='bbox 126 3252 270 3304; x_wconf 89' lang='lat' dir='ltr'><strong>amentes</strong></span> <span class='ocrx_word' id='word_1_206' title='bbox 301 3252 358 3304; x_wconf 90' lang='lat' dir='ltr'><strong>aut</strong></span> <span class='ocrx_word' id='word_1_207' title='bbox 388 3238 543 3304; x_wconf 89' lang='lat' dir='ltr'><strong>insensati</strong></span> <span class='ocrx_word' id='word_1_208' title='bbox 576 3237 633 3304; x_wconf 91' lang='lat' dir='ltr'><strong>sed</strong></span> <span class='ocrx_word' id='word_1_209' title='bbox 664 3236 827 3323; x_wconf 85' lang='lat' dir='ltr'><strong>ingeniosi</strong></span> <span class='ocrx_word' id='word_1_210' title='bbox 861 3251 892 3303; x_wconf 90' lang='lat' dir='ltr'><strong>et</strong></span> <span class='ocrx_word' id='word_1_211' title='bbox 925 3238 1094 3318; x_wconf 86' lang='lat' dir='ltr'><strong>sollertes,</strong></span> <span class='ocrx_word' id='word_1_212' title='bbox 1126 3235 1172 3300; x_wconf 90' lang='lat' dir='ltr'><strong>ita</strong></span> <span class='ocrx_word' id='word_1_213' title='bbox 1195 3250 1296 3301; x_wconf 90' lang='lat' dir='ltr'><strong>utne</strong></span> 
     </span>
     <span class='ocr_line' id='line_1_25' title="bbox 126 3346 1295 3434; baseline -0.003 -19"><span class='ocrx_word' id='word_1_214' title='bbox 126 3350 202 3416; x_wconf 88' lang='lat' dir='ltr'><strong>hinc</strong></span> <span class='ocrx_word' id='word_1_215' title='bbox 226 3348 359 3432; x_wconf 88' lang='lat' dir='ltr'><strong>quidem</strong></span> <span class='ocrx_word' id='word_1_216' title='bbox 383 3364 570 3433; x_wconf 86' lang='lat' dir='ltr'><strong>praetextus</strong></span> <span class='ocrx_word' id='word_1_217' title='bbox 593 3348 790 3434; x_wconf 69' lang='lat' dir='ltr'><strong>subiiciendi</strong></span> <span class='ocrx_word' id='word_1_218' title='bbox 810 3347 916 3432; x_wconf 90' lang='lat' dir='ltr'><strong>possit</strong></span> <span class='ocrx_word' id='word_1_219' title='bbox 935 3347 1085 3428; x_wconf 91' lang='lat' dir='ltr'><strong>desumi,</strong></span> <span class='ocrx_word' id='word_1_220' title='bbox 1111 3346 1169 3430; x_wconf 93' lang='lat' dir='ltr'><strong>qui</strong></span> <span class='ocrx_word' id='word_1_221' title='bbox 1188 3361 1295 3412; x_wconf 89' lang='lat' dir='ltr'><strong>tamen</strong></span> 
     </span>
     <span class='ocr_line' id='line_1_26' title="bbox 125 3458 1296 3544; baseline -0.004 -16"><span class='ocrx_word' id='word_1_222' title='bbox 125 3475 183 3544; x_wconf 89' lang='lat' dir='ltr'><strong>per</strong></span> <span class='ocrx_word' id='word_1_223' title='bbox 205 3481 241 3526; x_wconf 89' lang='lat' dir='ltr'><strong>se</strong></span> <span class='ocrx_word' id='word_1_224' title='bbox 263 3460 343 3527; x_wconf 90' lang='lat' dir='ltr'><strong>satis</strong></span> <span class='ocrx_word' id='word_1_225' title='bbox 365 3475 414 3530; x_wconf 91' lang='lat' dir='ltr'><strong>est</strong></span> <span class='ocrx_word' id='word_1_226' title='bbox 444 3460 632 3528; x_wconf 87' lang='lat' dir='ltr'><strong>manifestae</strong></span> <span class='ocrx_word' id='word_1_227' title='bbox 663 3460 857 3544; x_wconf 91' lang='lat' dir='ltr'><strong>iniquitatis.</strong></span> <span class='ocrx_word' id='word_1_228' title='bbox 901 3460 973 3544; x_wconf 92' lang='lat' dir='ltr'><strong>Jam</strong></span> <span class='ocrx_word' id='word_1_229' title='bbox 997 3460 1075 3526; x_wconf 92' lang='lat' dir='ltr'><strong>olim</strong></span> <span class='ocrx_word' id='word_1_230' title='bbox 1098 3458 1296 3524; x_wconf 89' lang='lat' dir='ltr'><strong>Plutarchus</strong></span> 
     </span>
     <span class='ocr_line' id='line_1_27' title="bbox 126 3570 1295 3660; baseline -0.008 -18"><span class='ocrx_word' id='word_1_231' title='bbox 126 3576 272 3660; x_wconf 68' lang='grc' dir='ltr'><strong>πρόφασιν</strong></span> <span class='ocrx_word' id='word_1_232' title='bbox 290 3576 458 3655; x_wconf 66' lang='grc' dir='ltr'><strong>πλεονεξίαις</strong></span> <span class='ocrx_word' id='word_1_233' title='bbox 477 3571 581 3640; x_wconf 87' lang='lat' dir='ltr'><strong>fuisse</strong></span> <span class='ocrx_word' id='word_1_234' title='bbox 601 3572 681 3639; x_wconf 87' lang='lat' dir='ltr'><strong>dicit</strong></span> <span class='ocrx_word' id='word_1_235' title='bbox 697 3580 841 3657; x_wconf 59' lang='lat' dir='ltr'><strong>lucubrat</strong></span> <span class='ocrx_word' id='word_1_236' title='bbox 850 3577 891 3642; x_wconf 73' lang='lat' dir='ltr'><strong>rai</strong></span> <span class='ocrx_word' id='word_1_237' title='bbox 900 3573 1091 3656; x_wconf 67' lang='grc' dir='ltr'><strong><em>βαρβαρικά,</em></strong></span> <span class='ocrx_word' id='word_1_238' title='bbox 1115 3570 1295 3653; x_wconf 85' lang='lat' dir='ltr'><strong>improbam</strong></span> 
     </span>
     <span class='ocr_line' id='line_1_28' title="bbox 126 3681 1297 3767; baseline -0.003 -18"><span class='ocrx_word' id='word_1_239' title='bbox 126 3683 253 3750; x_wconf 89' lang='lat' dir='ltr'><strong>scilicet</strong></span> <span class='ocrx_word' id='word_1_240' title='bbox 281 3682 377 3749; x_wconf 91' lang='lat' dir='ltr'><strong>alieni</strong></span> <span class='ocrx_word' id='word_1_241' title='bbox 406 3684 618 3767; x_wconf 88' lang='lat' dir='ltr'><strong>cupiditatem</strong></span> <span class='ocrx_word' id='word_1_242' title='bbox 646 3685 710 3750; x_wconf 95' lang='lat' dir='ltr'><strong>hoc</strong></span> <span class='ocrx_word' id='word_1_243' title='bbox 739 3682 801 3750; x_wconf 90' lang='lat' dir='ltr'><strong>sibi</strong></span> <span class='ocrx_word' id='word_1_244' title='bbox 830 3683 942 3748; x_wconf 90' lang='lat' dir='ltr'><strong>velum</strong></span> <span class='ocrx_word' id='word_1_245' title='bbox 971 3681 1171 3760; x_wconf 88' lang='lat' dir='ltr'><strong>obtendere,</strong></span> <span class='ocrx_word' id='word_1_246' title='bbox 1205 3681 1297 3762; x_wconf 93' lang='lat' dir='ltr'><strong>quod</strong></span> 
     </span>
     <span class='ocr_line' id='line_1_29' title="bbox 125 3790 1296 3876; baseline -0.003 -17"><span class='ocrx_word' id='word_1_247' title='bbox 125 3795 304 3862; x_wconf 89' lang='lat' dir='ltr'><strong>barbariem</strong></span> <span class='ocrx_word' id='word_1_248' title='bbox 334 3794 581 3863; x_wconf 86' lang='lat' dir='ltr'><strong>mansuefaciat.</strong></span> <span class='ocrx_word' id='word_1_249' title='bbox 628 3795 675 3861; x_wconf 89' lang='lat' dir='ltr'><strong>Et</strong></span> <span class='ocrx_word' id='word_1_250' title='bbox 703 3815 790 3862; x_wconf 90' lang='lat' dir='ltr'><strong>nunc</strong></span> <span class='ocrx_word' id='word_1_251' title='bbox 820 3792 915 3859; x_wconf 90' lang='lat' dir='ltr'><strong>etiam</strong></span> <span class='ocrx_word' id='word_1_252' title='bbox 944 3794 1034 3860; x_wconf 91' lang='lat' dir='ltr'><strong>color</strong></span> <span class='ocrx_word' id='word_1_253' title='bbox 1054 3792 1109 3858; x_wconf 91' lang='lat' dir='ltr'><strong>ille</strong></span> <span class='ocrx_word' id='word_1_254' title='bbox 1128 3790 1296 3876; x_wconf 84' lang='lat' dir='ltr'><strong>redigendi</strong></span> 
     </span>
     <span class='ocr_line' id='line_1_30' title="bbox 126 3903 1297 3993; baseline -0.002 -23"><span class='ocrx_word' id='word_1_255' title='bbox 126 3906 247 3975; x_wconf 88' lang='lat' dir='ltr'><strong>invitas</strong></span> <span class='ocrx_word' id='word_1_256' title='bbox 276 3923 388 3993; x_wconf 83' lang='lat' dir='ltr'><strong>gentes</strong></span> <span class='ocrx_word' id='word_1_257' title='bbox 419 3908 459 3973; x_wconf 88' lang='lat' dir='ltr'><strong>ad</strong></span> <span class='ocrx_word' id='word_1_258' title='bbox 489 3927 596 3974; x_wconf 93' lang='lat' dir='ltr'><strong>mores</strong></span> <span class='ocrx_word' id='word_1_259' title='bbox 625 3907 854 3988; x_wconf 87' lang='lat' dir='ltr'><strong>humaniores,</strong></span> <span class='ocrx_word' id='word_1_260' title='bbox 890 3905 948 3988; x_wconf 93' lang='lat' dir='ltr'><strong>qui</strong></span> <span class='ocrx_word' id='word_1_261' title='bbox 980 3904 1117 3972; x_wconf 88' lang='lat' dir='ltr'><strong>Graecis</strong></span> <span class='ocrx_word' id='word_1_262' title='bbox 1152 3903 1230 3969; x_wconf 90' lang='lat' dir='ltr'><strong>olim</strong></span> <span class='ocrx_word' id='word_1_263' title='bbox 1265 3917 1297 3968; x_wconf 93' lang='lat' dir='ltr'><strong>et</strong></span> 
     </span>
     <span class='ocr_line' id='line_1_31' title="bbox 127 4013 1295 4103; baseline -0.005 -19"><span class='ocrx_word' id='word_1_264' title='bbox 127 4019 317 4086; x_wconf 87' lang='lat' dir='ltr'><strong>Alexandro</strong></span> <span class='ocrx_word' id='word_1_265' title='bbox 349 4034 526 4103; x_wconf 88' lang='lat' dir='ltr'><strong>usurpatus</strong></span> <span class='ocrx_word' id='word_1_266' title='bbox 561 4033 631 4099; x_wconf 88' lang='lat' dir='ltr'><strong>est,</strong></span> <span class='ocrx_word' id='word_1_267' title='bbox 665 4017 868 4102; x_wconf 87' lang='lat' dir='ltr'><strong>atheologis</strong></span> <span class='ocrx_word' id='word_1_268' title='bbox 901 4015 1078 4098; x_wconf 92' lang='lat' dir='ltr'><strong>omnibus,</strong></span> <span class='ocrx_word' id='word_1_269' title='bbox 1110 4013 1295 4099; x_wconf 87' lang='lat' dir='ltr'><strong>praesertim</strong></span> 
     </span>
    </p>
   </div>
   <div class='ocr_carea' id='block_1_3' title="bbox 125 4200 317 4211">
    <p class='ocr_par' dir='ltr' id='par_1_4' title="bbox 125 4200 317 4211">
     <span class='ocr_line' id='line_1_32' title="bbox 125 4200 317 4211; baseline 0 -1"><span class='ocrx_word' id='word_1_270' title='bbox 125 4200 193 4211; x_wconf 53' lang='lat'><strong>5⁶--</strong></span> <span class='ocrx_word' id='word_1_271' title='bbox 205 4202 317 4210; x_wconf 43' lang='lat' dir='ltr'><strong>u---o-a</strong></span> 
     </span>
    </p>
   </div>
   <div class='ocr_carea' id='block_1_4' title="bbox 127 4297 1298 4546">
    <p class='ocr_par' dir='ltr' id='par_1_5' title="bbox 127 4297 1298 4546">
     <span class='ocr_line' id='line_1_33' title="bbox 160 4297 1296 4361; baseline -0.004 -12"><span class='ocrx_word' id='word_1_272' title='bbox 160 4302 167 4332; x_wconf 86' lang='lat'><em>¹</em></span> <span class='ocrx_word' id='word_1_273' title='bbox 186 4304 218 4349; x_wconf 93' lang='lat' dir='ltr'><strong>V.</strong></span> <span class='ocrx_word' id='word_1_274' title='bbox 236 4302 300 4350; x_wconf 90' lang='lat' dir='ltr'><strong>Plin.</strong></span> <span class='ocrx_word' id='word_1_275' title='bbox 323 4303 381 4351; x_wconf 89' lang='lat' dir='ltr'><strong>Nat.</strong></span> <span class='ocrx_word' id='word_1_276' title='bbox 398 4303 457 4352; x_wconf 89' lang='lat' dir='ltr'><strong>hist.</strong></span> <span class='ocrx_word' id='word_1_277' title='bbox 481 4307 498 4351; x_wconf 91' lang='lat'><strong>1.</strong></span> <span class='ocrx_word' id='word_1_278' title='bbox 521 4305 545 4352; x_wconf 85' lang='lat'><strong>6.</strong></span> <span class='ocrx_word' id='word_1_279' title='bbox 568 4319 592 4354; x_wconf 88' lang='lat' dir='ltr'><strong>c.</strong></span> <span class='ocrx_word' id='word_1_280' title='bbox 617 4317 657 4352; x_wconf 80' lang='lat'><strong>22.</strong></span> <span class='ocrx_word' id='word_1_281' title='bbox 692 4300 736 4351; x_wconf 74' lang='lat'><strong>²1.</strong></span> <span class='ocrx_word' id='word_1_282' title='bbox 761 4316 784 4360; x_wconf 76' lang='lat'><strong>³·</strong></span> <span class='ocrx_word' id='word_1_283' title='bbox 808 4301 832 4350; x_wconf 80' lang='lat' dir='ltr'><strong>ff.</strong></span> <span class='ocrx_word' id='word_1_284' title='bbox 856 4305 887 4350; x_wconf 85' lang='lat' dir='ltr'><strong>de</strong></span> <span class='ocrx_word' id='word_1_285' title='bbox 909 4315 964 4361; x_wconf 88' lang='lat' dir='ltr'><strong>acq.</strong></span> <span class='ocrx_word' id='word_1_286' title='bbox 989 4315 1036 4350; x_wconf 86' lang='lat' dir='ltr'><strong>rer.</strong></span> <span class='ocrx_word' id='word_1_287' title='bbox 1058 4301 1124 4348; x_wconf 88' lang='lat' dir='ltr'><strong>dom.</strong></span> <span class='ocrx_word' id='word_1_288' title='bbox 1144 4297 1187 4361; x_wconf 90' lang='lat' dir='ltr'><strong>[D.</strong></span> <span class='ocrx_word' id='word_1_289' title='bbox 1201 4311 1242 4359; x_wconf 85' lang='lat'><strong>4¹·</strong></span> <span class='ocrx_word' id='word_1_290' title='bbox 1262 4297 1296 4359; x_wconf 89' lang='lat' dir='ltr'><strong>r.]</strong></span> 
     </span>
     <span class='ocr_line' id='line_1_34' title="bbox 128 4390 1298 4455; baseline -0.004 -15"><span class='ocrx_word' id='word_1_291' title='bbox 128 4391 262 4444; x_wconf 85' lang='lat' dir='ltr'><strong>³Covarr.</strong></span> <span class='ocrx_word' id='word_1_292' title='bbox 282 4393 308 4441; x_wconf 91' lang='lat' dir='ltr'><strong>in</strong></span> <span class='ocrx_word' id='word_1_293' title='bbox 327 4408 350 4443; x_wconf 86' lang='lat' dir='ltr'><strong>c.</strong></span> <span class='ocrx_word' id='word_1_294' title='bbox 374 4407 515 4454; x_wconf 85' lang='lat' dir='ltr'><strong>peccatum.</strong></span> <span class='ocrx_word' id='word_1_295' title='bbox 535 4399 556 4453; x_wconf 83' lang='lat'><strong>§.</strong></span> <span class='ocrx_word' id='word_1_296' title='bbox 578 4409 616 4444; x_wconf 87' lang='lat'><strong>10.</strong></span> <span class='ocrx_word' id='word_1_297' title='bbox 633 4409 658 4443; x_wconf 91' lang='lat' dir='ltr'><strong>n.</strong></span> <span class='ocrx_word' id='word_1_298' title='bbox 677 4408 700 4443; x_wconf 80' lang='lat' dir='ltr'><strong>a.</strong></span> <span class='ocrx_word' id='word_1_299' title='bbox 719 4405 743 4442; x_wconf 89' lang='lat' dir='ltr'><strong>ct</strong></span> <span class='ocrx_word' id='word_1_300' title='bbox 761 4408 785 4455; x_wconf 88' lang='lat'><strong>4.</strong></span> <span class='ocrx_word' id='word_1_301' title='bbox 808 4405 832 4441; x_wconf 87' lang='lat' dir='ltr'><strong>et</strong></span> <span class='ocrx_word' id='word_1_302' title='bbox 851 4405 873 4447; x_wconf 85' lang='lat'><strong>5.</strong></span> <span class='ocrx_word' id='word_1_303' title='bbox 907 4391 967 4441; x_wconf 87' lang='lat' dir='ltr'><strong>⁴de</strong></span> <span class='ocrx_word' id='word_1_304' title='bbox 991 4402 1045 4452; x_wconf 91' lang='lat' dir='ltr'><strong>pot.</strong></span> <span class='ocrx_word' id='word_1_305' title='bbox 1068 4390 1119 4438; x_wconf 90' lang='lat' dir='ltr'><strong>civ.</strong></span> <span class='ocrx_word' id='word_1_306' title='bbox 1137 4403 1163 4450; x_wconf 87' lang='lat' dir='ltr'><strong>p.</strong></span> <span class='ocrx_word' id='word_1_307' title='bbox 1183 4401 1203 4437; x_wconf 89' lang='lat' dir='ltr'><strong>r.</strong></span> <span class='ocrx_word' id='word_1_308' title='bbox 1226 4403 1250 4436; x_wconf 92' lang='lat' dir='ltr'><strong>n.</strong></span> <span class='ocrx_word' id='word_1_309' title='bbox 1274 4402 1298 4449; x_wconf 84' lang='lat'><strong>9.</strong></span> 
     </span>
     <span class='ocr_line' id='line_1_35' title="bbox 127 4483 1181 4546; baseline 0.009 -16"><span class='ocrx_word' id='word_1_310' title='bbox 127 4483 365 4546; x_wconf 70' lang='lat' dir='ltr'><strong>‘&#39;rhomaaq.</strong></span> <span class='ocrx_word' id='word_1_311' title='bbox 386 4499 534 4534; x_wconf 72' lang='lat' dir='ltr'><strong>romara.</strong></span> <span class='ocrx_word' id='word_1_312' title='bbox 569 4487 711 4535; x_wconf 69' lang='lat' dir='ltr'><strong>⁶Vico-de</strong></span> <span class='ocrx_word' id='word_1_313' title='bbox 725 4485 793 4534; x_wconf 87' lang='lat' dir='ltr'><strong>ludis</strong></span> <span class='ocrx_word' id='word_1_314' title='bbox 811 4499 836 4545; x_wconf 91' lang='lat' dir='ltr'><strong>p.</strong></span> <span class='ocrx_word' id='word_1_315' title='bbox 857 4497 877 4531; x_wconf 91' lang='lat'><strong>1.</strong></span> <span class='ocrx_word' id='word_1_316' title='bbox 895 4497 920 4532; x_wconf 89' lang='lat' dir='ltr'><strong>n.</strong></span> <span class='ocrx_word' id='word_1_317' title='bbox 934 4497 958 4544; x_wconf 82' lang='lat'><strong>4·</strong></span> <span class='ocrx_word' id='word_1_318' title='bbox 978 4495 1000 4537; x_wconf 83' lang='lat' dir='ltr'><strong>s.</strong></span> <span class='ocrx_word' id='word_1_319' title='bbox 1019 4483 1041 4529; x_wconf 84' lang='lat'><strong>6·</strong></span> <span class='ocrx_word' id='word_1_320' title='bbox 1058 4493 1081 4541; x_wconf 83' lang='lat'><strong>7·</strong></span> <span class='ocrx_word' id='word_1_321' title='bbox 1100 4493 1124 4529; x_wconf 88' lang='lat' dir='ltr'><strong>et</strong></span> <span class='ocrx_word' id='word_1_322' title='bbox 1145 4494 1181 4541; x_wconf 86' lang='lat'><strong>¹9·</strong></span> 
     </span>
    </p>
   </div>
   <div class='ocr_carea' id='block_1_5' title="bbox 1128 4592 1165 4651">
    <p class='ocr_par' dir='ltr' id='par_1_6' title="bbox 1128 4592 1165 4651">
     <span class='ocr_line' id='line_1_36' title="bbox 1128 4592 1165 4651; baseline 0 0"><span class='ocrx_word' id='word_1_323' title='bbox 1128 4592 1165 4651; x_wconf 84' lang='lat'><strong>14</strong></span> 
     </span>
    </p>
   </div>
   <div class='ocr_carea' id='block_1_6' title="bbox 0 0 1668 5506">
    <p class='ocr_par' dir='ltr' id='par_1_7' title="bbox 0 0 1668 5506">
     <span class='ocr_line' id='line_1_37' title="bbox 0 0 1668 5506; baseline 0 0"><span class='ocrx_word' id='word_1_324' title='bbox 0 0 1668 5506; x_wconf 95' lang='lat' dir='ltr'><strong> </strong></span> 
     </span>
    </p>
   </div>
  </div>
 </body>
</html>
