3310 5482
449 585 496 642 DE
520 585 613 650 JURE
642 584 825 632 PRAEDAE.
850 583 929 631 CAP.
954 583 993 628 11.
1264 581 1301 626 21

138 739 227 804 etiam
248 757 387 806 coronas
408 737 529 806 civicas
553 739 652 806 donat
682 759 741 805 nec
773 738 857 804 intra
879 737 1055 824 majestatis
1078 757 1150 804 reos
1172 738 1305 821 publica

134 850 254 934 judicia
272 865 426 935 coercet,
450 851 506 917 sed
529 850 709 918 homicidas
735 869 870 934 quoque
894 864 926 915 et
945 849 1092 916 falsarios
1112 863 1145 914 et
1157 849 1191 915 id
1203 869 1304 934 genus

136 979 241 1029 sontes
272 963 314 1028 ad
345 939 509 1046 supplicie
538 963 695 1046 deposcit.
742 963 788 1028 Et
819 963 882 1027 ista
906 962 1037 1044 quidem
1062 981 1135 1026 curn
1160 963 1230 1045 ejus
1251 981 1304 1028 so·

136 1074 275 1157 cietatis,
312 1093 395 1155 quae
425 1094 443 1138 a
473 1089 587 1140 natura
619 1073 768 1140 instituta
797 1087 868 1155 est,
896 1073 969 1158 Jure
996 1073 1073 1140 satis
1093 1073 1304 1140 conveniunt.

135 1185 316 1253 Peculiares
338 1201 446 1252 autem
465 1186 574 1252 civilis
596 1184 737 1252 foederis
761 1187 861 1270 leges,
884 1206 923 1251 ex
947 1184 1051 1251 tribus
1065 1185 1185 1270 regulis
1204 1184 1305 1251 dima-

136 1311 266 1379 nanteS‚
288 1299 376 1375 ultra
400 1317 453 1363 eas
476 1317 557 1378 quas
580 1296 777 1364 dictavimus
802 1298 888 1381 leges
900 1297 933 1362 in
946 1297 1033 1362 hunc
1045 1296 1178 1363 modum
1191 1296 1305 1362 viden·

136 1421 184 1473 tur
203 1408 396 1491 procedere.
430 1408 528 1474 Una:
554 1407 600 1472 Ut
623 1408 749 1495 singuli
768 1411 853 1476 eires
866 1421 1011 1472 caeteros
1034 1421 1104 1472 tum
1118 1412 1304 1490 universos,
1329 1406 1381 1452 Lex
1395 1405 1449 1451 m.

137 1533 199 1582 eum
222 1519 371 1605 singulos
392 1540 455 1583 non
476 1518 566 1585 modo
593 1541 656 1600 reon
685 1518 873 1598 laederent,
901 1539 1015 1586 rerum
1042 1522 1143 1582 etiam
1173 1532 1304 1584 tueren-

136 1645 191 1695 tur
202 1632 223 1696 ¹.
242 1630 439 1696 AlterazUt
457 1635 542 1699 eires
563 1653 627 1695 non
648 1631 738 1696 modo
760 1630 850 1695 alter
875 1631 979 1695 alteri
995 1633 1162 1716 priratr'm
1186 1644 1248 1693 eut
1270 1633 1306 1695 ire
1331 1631 1382 1677 Μ
1395 1629 1463 1676 ΠΗ·

135 1763 297 1807 commune
326 1758 472 1828 possessa
505 1764 569 1835 nore
605 1746 789 1829 eriperent,
823 1763 937 1810 rerum
964 1744 1064 1806 etiarn
1088 1740 1213 1827 singuli
1235 1755 1305 1806 tum

135 1875 215 1938 quae
238 1853 398 1940 singulis,
419 1869 488 1917 tum
513 1873 598 1938 quae
618 1857 782 1921 universis
801 1856 987 1919 necessarie
1005 1852 1207 1936 conferrent.
1254 1854 1306 1919 Ex

134 1965 239 2048 priore
281 1969 415 2048 βοηθούς,
449 1985 488 2030 ex
514 1965 695 2049 posteriore
717 1970 857 2041 κοινωνούς
878 1965 972 2030 Plato
995 1962 1118 2043 [cives
1144 1968 1306 2049 appellat,

136 2078 165 2142 h.
193 2098 221 2142 e.
254 2074 441 2141 aemiliares
471 2081 562 2142 inter
593 2098 624 2141 se
660 2090 760 2162 atque
777 2079 971 2161 participes.
1019 2076 1173 2158 Spectant
1196 2078 1307 2162 itaque

134 2188 190 2254 hae
218 2188 308 2271 leges
338 2191 461 2253 bonurn
494 2188 626 2270 quidem
657 2207 843 2266 commune,
872 2206 938 2253 non
970 2202 1075 2252 tamen
1104 2203 1141 2254 ut
1161 2189 1306 2258 diverso-

134 2319 223 2380 rum,
255 2300 344 2365 sicut
373 2301 459 2385 leges
490 2299 578 2364 tertii
601 2299 742 2380 ordinis,
773 2298 831 2366 sed
864 2313 902 2364 ut
923 2299 1020 2374 unius
1043 2313 1142 2381 atque
1166 2300 1245 2367 adeo
1270 2317 1308 2368 ut

135 2430 240 2476 suurn.
288 2411 497 2498 Quamquam
518 2411 618 2496 igitur
638 2411 717 2477 ordo
739 2414 846 2498 legum
869 2411 975 2494 primo
994 2414 1067 2478 loco
1093 2428 1126 2477 et
1153 2411 1306 2498 deinceps

135 2522 313 2604 positarum
348 2522 526 2588 ostenderit
551 2525 674 2589 bonum
704 2543 799 2589 suum
828 2522 919 2605 prius
950 2543 1018 2590 esse
1048 2523 1196 2608 alieno³,
1221 2528 1253 2593 h.
1278 2549 1305 2596 e.

135 2633 176 2699 ita
198 2649 315 2699 natura
336 2649 576 2718 comparatum,
600 2633 663 2699 sibi
688 2633 886 2716 utquisque
909 2633 1025 2700 melius
1037 2654 1105 2700 esse
1118 2637 1197 2702 velit
1208 2660 1305 2720 quam

134 2744 239 2822 alteri,
265 2765 333 2826 quo
357 2745 463 2830 etssilla
483 2746 839 2828 spectant‚Pr0xirnus
852 2760 972 2831 egomet
985 2747 1084 2827 mihi,
1108 2752 1176 2828 γόνυ
1198 2756 1306 2834 κνήμης

134 2857 238 2938 ἔγγιον,
273 2860 389 2920 tunice
416 2856 524 2942 pallio
551 2861 710 2943 propior,
743 2870 849 2923 tamen
884 2857 940 2921 ubi
968 2857 1135 2938 quaeritur
1155 2858 1194 2925 de
1218 2861 1305 2928 bono

135 2966 337 3052 singulorum
360 2983 391 3032 et
414 2968 453 3033 de
476 2970 564 3034 bono
587 2969 751 3051 omnium,
776 2988 915 3049 quorum
939 2982 1115 3050 utrumque
1142 2985 1227 3036 recte
1254 2973 1306 3036 bo·

135 3099 209 3142 num
233 3099 329 3142 suurn
352 3080 363 3112 ⁴
387 3079 523 3156 dicitur,
547 3080 575 3147 si
599 3079 731 3161 quidem
756 3094 788 3144 et
810 3099 922 3145 omnes
946 3098 1046 3144 unum
1066 3095 1144 3148 sunt
1161 3081 1305 3165 aliquid,

135 3189 256 3255 bonurn
290 3189 372 3255 illud
402 3191 546 3257 omniurn
578 3192 690 3278 potius
718 3212 787 3258 esse
810 3191 920 3269 debet,
945 3205 1105 3273 quatenus
1126 3193 1154 3258 ei
1178 3193 1305 3260 scilicet

136 3315 177 3364 etv
195 3301 320 3367 bonum
354 3301 439 3367 inest
471 3302 675 3387 singulorum
707 3310 739 3383 ὅ,
772 3322 838 3368 non
862 3302 954 3367 aliter
976 3317 1075 3384 atque
1096 3324 1217 3370 merces
1240 3306 1304 3371 nisi

135 3431 215 3479 nave
240 3428 369 3478 servata
399 3416 507 3480 salvae
540 3434 609 3481 esse
641 3428 830 3496 nequeunt:
856 3414 1071 3482 Hierocles⁸:
1095 3422 1151 3502 χρὴ
1170 3422 1202 3485 τὸ
1223 3422 1308 3487 κοινὸν

134 3532 182 3592 τοῦ
209 3525 280 3594 κατ’
308 3530 380 3594 pier
407 3531 449 3609 μὴ
471 3530 597 3612 χωρίζειν
618 3526 691 3594 ἀλλ’
712 3522 740 3593 ἓν
760 3531 890 3606 ἡγεῖσθαι
914 3530 963 3594 καὶ
986 3529 1103 3596 ταύτόν.
1140 3529 1227 3596 τότε
1249 3534 1308 3612 γὰρ

134 3647 170 3718 τῇ
197 3642 312 3720 πατριδι
341 3639 485 3723 συμφέρον
518 3641 602 3706 κοινόν
625 3642 686 3706 ἐστι
708 3642 757 3706 καὶ
780 3647 835 3706 τῶν
855 3642 935 3706 urerer
956 3642 1036 3722 μέρος
1057 3640 1182 3723 ἑκάστῳ.
1228 3639 1308 3702 Non

136 3761 260 3834 oportet
278 3747 449 3833 publicum
471 3770 492 3812 e
507 3752 646 3834 privato
668 3765 848 3835 seperare:
873 3749 962 3834 quod
976 3752 1060 3815 enim
1072 3752 1213 3835 patriae
1224 3745 1308 3813 utile

136 3873 197 3936 est,
229 3858 315 3923 idem
346 3858 486 3945 singulis
506 3864 606 3924 etiem
629 3861 789 3945 pertibus
810 3881 976 3925 commune
997 3873 1056 3925 est.
1103 3859 1177 3924 Hoc
1200 3859 1306 3943 ipsum

136 3985 246 4036 curet
268 3986 430 4051 quatenus
453 3971 574 4037 bonum
595 3971 758 4054 privatum
780 3972 916 4054 publico
939 3970 1105 4056 subjaceat
1124 3991 1163 4036 ex
1174 3970 1307 4037 Periclis

168 4227 272 4278 ¹Arist.
296 4231 327 4278 de
345 4244 399 4290 rep.
417 4233 434 4278 1.
453 4243 476 4288 3.
495 4245 517 4280 c.
535 4246 559 4295 9.
579 4231 616 4296 [p.
637 4234 707 4280 1280.
726 4246 748 4280 2.
767 4245 806 4280 vs.
824 4230 875 4296 ep]
913 4228 972 4280 ¹de
989 4244 1043 4291 rep.
1061 4232 1078 4278 l.
1096 4243 1119 4277 2.
1139 4227 1176 4292 [p.
1196 4229 1252 4292 8⁶9·
1270 4229 1305 4294 c.]

136 4318 147 4351 ⁸
163 4319 240 4369 Arist.
258 4322 289 4369 de
307 4334 371 4368 mor.
389 4323 421 4370 ad
437 4322 540 4370 Nicorn.
558 4326 575 4371 l.
592 4338 616 4386 9.
635 4337 657 4372 c.
676 4326 699 4372 8.
719 4322 756 4386 [p.
776 4323 847 4372 1168.
867 4337 889 4371 2.
906 4337 944 4372 vs.
962 4321 997 4385 ⁶.]
1034 4321 1046 4354 ⁴
1062 4323 1079 4368 l.
1096 4320 1217 4380 pupillus.
1235 4321 1246 4381 ς
1263 4322 1307 4369 ult.

136 4411 161 4458 ff.
179 4412 210 4461 de
228 4413 300 4460 verb.
317 4411 380 4473 sign.
400 4411 443 4476 [D.
462 4425 501 4469 50.
523 4414 560 4463 16.
578 4414 646 4478 esp]
683 4413 693 4444 ¹⁵
711 4415 800 4463 Thom.
816 4428 839 4462 e.
858 4428 880 4462 2.
899 4428 924 4474 q.
942 4414 982 4463 26.
998 4424 1043 4462 art.
1060 4426 1084 4474 4.
1097 4413 1129 4459 ad
1146 4424 1168 4468 3.
1188 4413 1308 4459 Authent.

136 4514 176 4550 res
191 4515 262 4562 quae.
279 4504 308 4550 C.
327 4516 418 4552 comm.
436 4505 468 4554 dc
486 4507 533 4566 leg.
553 4503 596 4568 [C.
614 4506 637 4554 ό.
654 4518 695 4568 43.
713 4507 778 4556 adl.
797 4504 831 4569 3.]
868 4505 879 4538 θ
894 4503 947 4568 [ap.
956 4504 1025 4553 Stob.
1033 4502 1061 4553 in
1068 4501 1143 4551 floril.
1151 4504 1168 4551 l.
1178 4501 1305 4567 39.n35.]
