3310 5482
447 605 495 664 on
516 603 610 676 Joart
637 605 819 658 pannosa.
844 607 924 658 car.
947 607 995 658 vr.
1272 588 1315 672 65

135 760 206 832 lum
229 763 272 832 ob
299 784 428 834 causam
462 765 646 842 intulisset,
670 785 866 848 quamquam
892 766 967 833 illos
990 766 1103 834 hostes
1126 784 1192 832 non
1225 784 1315 830 acce·

134 891 252 961 perat,
274 895 343 945 non
363 878 534 945 absolutus
563 877 662 944 modo
694 892 743 944 est
766 897 840 942 cum
865 891 1096 959 accusaretur,
1120 875 1179 944 sed
1200 875 1315 944 trium·

133 989 239 1072 pbum
262 987 358 1057 etiam
382 987 579 1072 impetravit.
623 985 811 1072 Repudiata
834 1001 867 1054 et
890 988 1028 1056 Catonis
1048 988 1230 1070 sententia,
1252 987 1312 1070 qui

134 1101 259 1168 bellum
289 1097 404 1182 istud,
437 1097 529 1182 quod
548 1099 659 1184 Julius
685 1097 806 1168 Caesar
837 1119 912 1168 cum
940 1097 1076 1184 imperio
1107 1099 1141 1167 in
1169 1098 1311 1168 Galliam

134 1207 257 1279 missus
278 1211 447 1280 Ariovisto
470 1226 503 1278 et
526 1209 698 1280 Germanis
730 1212 888 1294 quodque
918 1209 1002 1276 idem
1032 1210 1195 1280 Britannis
1227 1211 1314 1280 intu-

135 1321 200 1406 lit,
222 1323 385 1407 privatum
409 1320 551 1392 dicebat.
604 1303 811 1410 Quamquam
835 1341 901 1390 non
924 1321 1069 1390 diffiteor
1091 1340 1123 1390 et
1145 1323 1312 1392 Manlium

136 1451 173 1504 et
194 1433 365 1506 Caesarem
396 1454 435 1501 eo
458 1431 589 1508 defendi
618 1433 790 1518 potuisse,
815 1434 1003 1517 quodcum
1027 1434 1116 1520 genti
1139 1434 1239 1502 alicui
1262 1434 1312 1500 in·

135 1546 263 1614 dictum
295 1561 345 1612 est
370 1547 512 1629 bellum,
540 1545 731 1628 quicunque
759 1547 788 1618 ei
815 1546 938 1613 auxilio
969 1539 1072 1612 futuri
1106 1561 1185 1616 sunt
1216 1545 1312 1612 tacite

135 1655 367 1741 comprehendi
389 1653 555 1723 videntur.
605 1653 679 1742 Ego
702 1639 782 1725 vero
806 1657 901 1724 etiam
922 1657 1050 1724 Decimi
1070 1657 1164 1724 Bruti
1187 1657 1310 1723 bellum

135 1768 308 1852 publicum
331 1781 437 1852 puto,
461 1768 553 1850 quod
570 1767 625 1834 ille
645 1769 746 1852 gessit
765 1769 923 1836 adversus
942 1767 1148 1850 Antonium,
1169 1766 1312 1835 Galliam

135 1879 333 1947 Citeriorem
345 1878 544 1963 provinciam
557 1878 720 1947 obtinens.
750 1878 797 1947 Et
815 1880 866 1948 his
885 1881 1067 1949 rationibus
1088 1895 1186 1962 atque
1207 1899 1313 1947 exem·

132 1992 202 2076 plis
223 2010 358 2059 moveor
380 1988 422 2056 ad
444 1986 676 2074 repudiandam
692 1991 878 2060 Innocentii
899 2007 931 2058 et
950 2012 1024 2059 eum
1045 1989 1213 2075 sequentis
1236 1992 1312 2057 Bar·

135 2102 198 2170 toll
221 2100 445 2169 auctoritatem
468 2098 491 2166 ¹:
515 2120 598 2184 quae
622 2120 697 2168 sane
720 2103 754 2170 in
776 2101 883 2171 causis
903 2102 988 2189 juris
1009 2101 1133 2186 publici
1155 2116 1210 2168 aut
1233 2121 1312 2188 gen-

135 2211 220 2280 tium
243 2231 311 2280 non
333 2211 473 2280 multum
496 2211 614 2278 habere
637 2210 735 2278 dehet
753 2210 932 2293 momenti,
948 2210 1136 2296 praesertim
1156 2233 1230 2280 cum
1252 2233 1313 2282 nec

136 2327 236 2392 altera
256 2342 330 2407 pars
351 2337 458 2389 careat
477 2320 770 2406 adstipulatoribus
789 2337 821 2390 et
844 2323 976 2406 quidem
995 2319 1152 2406 Hispanis
1168 2321 1204 2406 ²,
1222 2326 1313 2408 quod

135 2453 241 2522 genus
263 2434 297 2502 in
317 2430 574 2520 jurisprudentia
594 2431 725 2500 minime
747 2435 1021 2502 contemnendum
1041 2449 1107 2502 est:
1125 2435 1311 2518 praesertim

136 2567 211 2614 cum
238 2547 273 2613 in
301 2543 499 2629 repressaliis
520 2544 556 2626 ⁸,
584 2561 668 2628 quae
691 2543 769 2612 belli
791 2544 915 2630 species
939 2547 1095 2629 quaedam
1120 2562 1192 2628 est,
1217 2567 1311 2615 nemo

134 2678 202 2727 non
231 2660 295 2726 boc
321 2656 429 2740 ipsum
457 2653 624 2724 concedat.
672 2653 766 2722 Sicut
792 2671 900 2724 autem
927 2656 1047 2741 privati
1071 2678 1088 2724 a
1111 2657 1247 2742 privatis
1269 2658 1311 2726 ad

135 2771 259 2838 bellum
282 2783 369 2835 recte
392 2780 621 2848 assumuntur,
645 2767 690 2834 ita
709 2766 766 2837 uni
787 2765 984 2852 reipublicae
1018 2784 1075 2836 aut
1107 2767 1308 2854 magistratui

135 2899 201 2949 non
224 2877 345 2968 privati
367 2878 489 2962 modo,
513 2879 570 2946 sed
588 2891 621 2946 et
641 2881 739 2948 altera
761 2877 944 2963 respublica
964 2893 1022 2950 aut
1048 2876 1254 2966 magistratus
1276 2881 1310 2949 in

134 2995 220 3060 bello
242 3006 353 3076 potest
371 2990 520 3058 accedere
541 2989 562 3058 ⁴.
609 2987 698 3058 Hinc
720 2989 861 3072 auxilia,
886 3010 969 3074 quae
983 2989 1126 3056 Graeci³
1147 2993 1310 3076 eleganter

135 3103 346 3190 distinguunt
374 3103 553 3187 ξυμμαχίαν
581 3106 630 3174 καὶ
662 3103 829 3190 ἐπιμαχίαν
858 3116 1036 3183 vocantes,
1070 3120 1207 3185 quarum
1230 3104 1310 3170 haec

134 3216 175 3284 ad
204 3211 427 3283 defensionem
459 3210 638 3296 duntaxat,
670 3231 709 3282 ex
739 3215 811 3299 lege
830 3213 955 3281 scilicet
973 3209 1098 3297 prima,
1112 3215 1209 3281 altera
1229 3236 1309 3282 vero

136 3328 176 3394 ad
194 3329 458 3412 qualemcunque
476 3325 554 3394 belli
574 3343 702 3394 causam
722 3321 871 3408 pertinet.
895 3325 1088 3409 Eodemque
1109 3328 1206 3393 modo
1219 3329 1311 3394 velut

135 3435 350 3504 instrumenta
373 3434 497 3520 publici
519 3434 597 3504 belli
620 3450 699 3504 sunt
720 3435 866 3517 subditi,
891 3438 955 3502 hoc
979 3452 1029 3504 est
1050 3435 1098 3504 illi
1112 3438 1169 3520 qui
1181 3439 1310 3524 legibus

135 3547 334 3633 reipublicae
359 3547 506 3615 obstricti
540 3561 636 3615 sunta
661 3563 728 3630 quo
752 3561 877 3631 spectat
898 3546 932 3613 in
955 3561 1078 3632 partem
1101 3549 1154 3614 lex
1170 3547 1310 3632 septima

135 3750 334 3766 mann—na—

169 3879 222 3930 ¹in
245 3893 269 3930 c.
294 3877 364 3930 olim.
388 3878 420 3930 de
443 3890 502 3930 resa.
526 3883 591 3942 spol.
618 3879 757 3944 [Decreta.
784 3888 807 3928 t.
828 3889 866 3938 rs.
895 3878 946 3940 aa]
973 3887 998 3926 n.
1017 3879 1040 3926 8.
1058 3888 1083 3926 et
1101 3873 1127 3927 ln
1145 3891 1168 3926 c.
1187 3875 1260 3928 slcut.
1279 3881 1310 3930 de

136 3969 240 4029 iareim.
260 3971 400 4036 [Decretal.
419 3983 442 4022 a.
459 3984 499 4033 24.
514 3971 566 4036 ao]
587 3985 611 4022 a.
630 3984 653 4028 s.
667 3983 692 4022 et
708 3973 765 4022 Pan.
782 3967 819 4020 ibi
828 3981 853 4019 et
862 3971 928 4024 Bart.
945 3968 977 4018 ad
995 3967 1310 4020 d.l.lrosres.n.1retra.

137 4059 231 4112 'Vico
249 4065 274 4114 d.
292 4066 310 4112 l.
329 4065 410 4124 tyara
428 4063 459 4112 de
476 4061 532 4122 jure
550 4062 613 4112 belli
630 4065 648 4112 l.
670 4077 691 4112 1.
710 4076 734 4111 c.
753 4073 776 4115 a.
794 4074 819 4114 u·
837 4074 861 4124 9.
879 4061 954 4110 Adde
970 4055 1031 4110 silv.
1049 4055 1076 4108 in
1094 4074 1120 4110 v.
1136 4057 1242 4111 Bellum.
1252 4075 1276 4110 n.
1287 4072 1310 4110 a.

138 4151 186 4206 lbi:
210 4153 302 4214 sufficit
326 4153 410 4204 etiam.
444 4153 503 4202 ⁸V.
519 4154 579 4206 Silv.
604 4153 630 4203 in
648 4169 673 4204 v.
693 4153 813 4216 Repress.
831 4151 852 4216 5.
870 4161 893 4200 a.
926 4149 1011 4199 ⁴Cic.
1038 4149 1069 4199 de
1088 4149 1130 4199 off.
1148 4153 1166 4198 l.
1185 4164 1206 4199 r.
1223 4151 1310 4202 Ambr.

138 4247 168 4294 de
185 4245 228 4294 off.
246 4248 264 4294 l.
285 4259 306 4293 1.
324 4257 347 4294 c.
366 4245 405 4303 36.
416 4245 542 4294 citaturln
561 4259 583 4294 c.
601 4244 688 4294 nonin
698 4245 809 4294 ferenda.
831 4241 919 4307 [Dect.
938 4244 1007 4291 Grat.
1025 4255 1051 4302 p.
1071 4251 1094 4288 a.
1108 4251 1147 4299 23.
1158 4254 1181 4298 3.
1192 4240 1229 4305 7.]
1240 4241 1310 4291 Bald.

139 4338 201 4385 adl.
221 4350 231 4385 1
253 4338 283 4385 C.
300 4338 367 4386 unde
377 4336 413 4385 vi.
434 4332 477 4400 [C.
496 4337 520 4384 8.
536 4334 575 4398 4.]
594 4350 619 4384 n.
637 4335 669 4398 46
687 4348 712 4385 et
729 4348 771 4397 47.
780 4331 862 4411 'cajet
878 4336 909 4382 ad
927 4344 1015 4382 summ.
1034 4329 1123 4380 Thom.
1143 4341 1166 4379 a.
1186 4341 1208 4379 a.
1227 4345 1251 4391 q.
1269 4341 1310 4393 40.

139 4439 181 4476 art.
207 4441 229 4478 r.
252 4429 284 4478 ad
300 4429 444 4478 secundam.
462 4429 538 4476 Mart.
556 4428 634 4478 Laud.
652 4441 677 4490 q.
697 4439 735 4484 15·
756 4421 793 4492 [p.
813 4423 881 4489 aaa]
901 4426 977 4486 Vasq.
996 4435 1078 4472 contr.
1087 4423 1124 4471 ill.
1144 4436 1165 4470 c.
1185 4435 1225 4470 aa.
1244 4436 1268 4471 n.
1286 4425 1309 4471 ό.

140 4517 246 4568 'Tbom
267 4517 312 4568 lib.
333 4532 354 4567 r.
375 4517 410 4582 [c.
428 4518 483 4582 44]
504 4530 529 4568 et
547 4518 584 4568 ibl
602 4521 682 4568 schol.

1163 4619 1183 4682 5
