3316 5494
333 591 393 671 164
647 607 693 654 un
717 607 810 673 June
837 606 1022 654 rutenae.
1048 607 1128 654 cnr.
1153 609 1202 654 xr.

331 778 530 848 agnoscunt,
551 781 626 831 cum
656 761 874 830 certissimum
897 762 941 829 sit
961 781 1026 830 non
1048 763 1295 847 magistratuum
1308 763 1426 844 modo,
1450 785 1511 832 ve·

330 895 402 940 runt
432 889 465 940 et
491 874 614 942 civium
636 875 775 942 maxima
794 889 883 960 parte
905 873 1009 940 invita
1029 873 1063 939 id
1084 874 1191 958 ipsum
1213 874 1415 960 contigisse3
1440 877 1509 940 hoc

332 1006 399 1052 uno
422 988 562 1053 obtentu
581 987 675 1072 jura,
693 985 842 1074 judicia,
867 986 1066 1052 tributorum
1089 986 1235 1052 ordinem
1249 1000 1411 1052 mutatum
1423 986 1510 1066 ivit,

332 1113 445 1166 contra
466 1100 556 1183 leges
578 1098 786 1182 Principibus
807 1099 955 1183 juratas,
979 1117 1064 1179 quae
1089 1117 1159 1163 rara
1180 1097 1265 1164 inter
1286 1097 1511 1181 principatum

332 1229 369 1276 ac
401 1209 583 1276 libertatem
615 1209 849 1292 temperatione
881 1208 1008 1292 imperii
1041 1209 1174 1274 modum
1199 1223 1231 1273 et
1253 1222 1358 1274 status
1381 1208 1512 1294 Belgici

333 1319 581 1387 fundamentum
616 1319 841 1387 continebant.
897 1319 947 1386 Ea
982 1319 1158 1386 necessitas
1189 1319 1336 1403 privatos
1365 1320 1512 1404 primum

333 1432 462 1518 adegit,
496 1451 638 1515 quorum
669 1451 806 1516 corpora
827 1431 862 1496 in
885 1451 1046 1515 poenam,
1071 1432 1157 1497 bona
1180 1432 1213 1496 in
1236 1431 1349 1498 fiscum
1371 1446 1430 1497 aut
1452 1432 1512 1497 tri-

333 1545 451 1610 butum
486 1544 643 1612 adversus
678 1563 754 1625 eas,
788 1564 870 1626 quas
898 1543 991 1624 dixi,
1014 1545 1103 1628 leges
1125 1543 1246 1626 patrias
1270 1543 1511 1624 trahebantur,

333 1654 406 1722 aliis
439 1655 591 1722 omnibus
614 1654 783 1738 praesidiis
810 1658 960 1722 exclusos
982 1654 1050 1720 vim
1080 1654 1188 1720 moliri
1218 1674 1284 1737 qua
1312 1655 1379 1721 vim
1402 1657 1512 1738 repel-

334 1769 450 1833 lerent.
495 1766 584 1832 Idem
607 1765 758 1833 civitates
790 1765 918 1848 fecere,
943 1766 1103 1849 brevique
1126 1765 1264 1832 accessit
1285 1765 1510 1849 Hollandiae,

335 1899 420 1960 quae
448 1879 536 1962 justa
568 1878 634 1962 jam
668 1899 686 1944 a
715 1893 838 1962 septem
869 1878 1009 1946 saeculis
1039 1877 1223 1960 respublica
1245 1891 1318 1959 est,
1342 1876 1510 1944 Ordinunr

336 1989 532 2055 auctoritas:
567 2009 652 2071 quos
675 1989 809 2072 quidem
832 1988 973 2056 Ordines
997 2003 1122 2054 certum
1146 2003 1218 2069 est,
1242 2002 1280 2054 ut
1295 1988 1369 2072 jura
1391 1990 1511 2073 populi

336 2099 572 2184 defenderent,
597 2100 807 2184 Principibus
830 2115 929 2182 atquc
955 2099 1131 2184 praefectis
1153 2101 1248 2165 velut
1268 2100 1423 2166 custodes
1453 2100 1512 2166 ad-

177 2203 247 2250 am
262 2217 323 2260 ¹⁵⁷²·
336 2211 437 2278 ditos.
485 2211 531 2275 Hi
549 2211 684 2294 publico
708 2229 865 2278 consessu
888 2212 1010 2277 bellum
1032 2210 1187 2277 adversus
1208 2211 1370 2276 Albanum
1384 2210 1513 2279 etHis-

336 2343 439 2407 panos
461 2323 695 2407 decreverunt,
720 2323 812 2405 quod
829 2322 1018 2389 nationibus
1048 2322 1120 2387 aliis
1142 2321 1311 2407 belgarum
1333 2342 1368 2390 se
1391 2323 1513 2408 adJun·

337 2435 490 2520 gentibus
510 2434 543 2500 in
563 2434 680 2501 Albani
704 2434 801 2500 ctiam
821 2453 1027 2500 successores
1046 2432 1274 2499 continuatum
1295 2447 1367 2515 est,
1392 2435 1511 2516 utqui

337 2562 370 2612 et
397 2547 506 2613 eadent
541 2546 617 2625 illa,
651 2560 683 2611 et
711 2564 833 2629 poenas
854 2559 1019 2628 praeterea
1049 2544 1251 2612 defensionis
1279 2562 1510 2629 exposcerent.

337 2658 390 2723 Ex
419 2679 458 2725 eo
488 2673 633 2742 tempore
663 2671 823 2740 quantum
858 2656 1026 2741 sanguinis
1049 2654 1158 2722 fusum
1182 2655 1304 2738 suerit,
1329 2656 1455 2739 quibus
1478 2674 1512 2724 et

336 2770 458 2853 rapinis
482 2784 515 2836 et
544 2784 658 2836 contra
688 2768 844 2852 impensis
875 2769 1031 2834 exhausta
1054 2767 1154 2834 fuerit
1177 2766 1328 2852 Belgica,
1354 2767 1512 2852 (fuerunt

337 2896 445 2948 autem
477 2881 641 2965 impensae
664 2883 768 2961 tales,
793 2880 937 2962 quibus,
961 2879 989 2945 si
1009 2879 1098 2964 justa
1118 2879 1201 2945 ratio
1229 2894 1391 2962 ponatur,
1416 2882 1512 2946 nulla

337 3014 493 3076 umquam
525 3008 629 3059 aetate
662 3013 741 3078 gens
773 2994 839 3058 ulla
861 3012 954 3076 pares
978 2991 1056 3057 tulit
1067 2992 1098 3075 ,)
1119 3011 1184 3073 qua
1204 2990 1347 3073 denique
1370 2991 1511 3074 perfidia

338 3105 478 3189 Hispani
502 3120 559 3171 aut
581 3106 702 3170 bellum
727 3104 1047 3184 administraverint,
1072 3118 1129 3169 aut
1139 3123 1249 3186 pacem
1264 3103 1511 3185 simulaverint,

337 3219 472 3302 longum
496 3216 538 3282 sit
560 3215 677 3281 dicere.
723 3215 789 3281 Sed
810 3214 887 3280 hinc
911 3215 989 3282 satis
1012 3214 1152 3299 intelligi
1171 3228 1281 3297 potest
1312 3213 1405 3296 quod
1434 3213 1510 3296 illi,

338 3348 412 3393 curn
436 3347 571 3408 omnes,
596 3326 653 3407 qui
678 3326 711 3391 in
731 3325 841 3407 aliqua
863 3346 1026 3394 sacrarum
1050 3326 1216 3392 literarum
1240 3325 1511 3408 interpretatione

338 3454 395 3506 aut
426 3438 565 3521 receptis
587 3438 748 3504 ritibusa
777 3437 926 3503 Romana
950 3438 1103 3504 cathedra
1125 3437 1345 3520 dissentiunt,
1369 3436 1512 3504 haereti-

337 3571 394 3618 cos
426 3564 570 3631 vocent,
594 3550 730 3616 rebelles
753 3564 884 3631 autern,
910 3551 1101 3633 quicunque
1131 3548 1338 3633 Principibus
1362 3549 1432 3615 sine
1455 3568 1513 3614 ex-

337 3662 488 3746 ceptione
515 3662 694 3745 parendum
723 3679 789 3728 non
813 3681 939 3745 semper
969 3661 1178 3743 existimant,
1202 3675 1271 3730 tum
1296 3660 1379 3725 illud
1401 3675 1512 3743 aperte

338 3774 553 3858 profitentur,
578 3793 686 3856 neque
710 3793 783 3838 cunt
807 3772 978 3839 haereticis
1001 3793 1109 3855 neque
1132 3793 1207 3838 curn
1230 3772 1409 3838 rebellibus
1432 3771 1509 3836 fidei

339 3906 410 3952 csse
442 3883 670 3951 commercium
697 3891 727 3963 ¹,
761 3883 1013 3970 improbantgue
1045 3904 1172 3950 ornnem
1204 3882 1446 3950 conciliationis
1478 3897 1513 3948 et

339 3994 529 4064 clementiae
559 3996 727 4064 rationem.
774 3995 920 4062 Tandem
952 4017 1025 4062 cum
1048 4017 1104 4063 rex
1127 3995 1301 4079 Philippus
1322 4013 1388 4059 non
1410 3995 1512 4061 modo

338 4111 481 4193 populos
514 4129 590 4175 suae
623 4110 745 4175 tutelae
777 4109 1021 4175 commendatos
1052 4095 1365 4188 non'defenderet,
1400 4126 1512 4188 neque

339 4238 489 4289 auctores
510 4221 647 4307 injuriae
669 4221 701 4287 in
722 4220 915 4303 Hispaniam
935 4239 1084 4287 reversos
1105 4239 1164 4303 pro
1183 4218 1309 4284 meritis
1328 4219 1512 4301 plecteret,

374 4519 382 4551 ¹
401 4521 431 4568 V.
449 4522 554 4580 Ayalam
572 4523 590 4568 l.
612 4534 633 4569 1.
652 4534 675 4569 c.
693 4521 719 4568 6.
735 4533 760 4570 n.
779 4532 819 4578 71.
