3326 5506
447 625 493 670 DE
516 625 610 691 JURE
636 617 822 670 PRAEDAE.
848 623 928 670 CAP.
953 623 1017 669 XII.
1252 625 1313 686 213

142 786 225 868 quia
258 781 356 848 nulla
394 779 502 845 subest
534 798 637 850 eausa
660 779 760 864 justa
790 776 895 858 delli,
928 799 1001 842 cum
1031 779 1130 866 Jesus
1162 776 1316 844 Christus

142 915 205 959 resc
236 915 378 980 regum,
409 895 466 956 cui
500 891 584 957 data
617 904 664 955 est
690 904 838 977 potestas
870 893 906 954 in
936 890 1025 956 caelo
1061 905 1092 956 et
1126 893 1162 954 in
1197 905 1316 970 terra,

143 1009 274 1071 miserit
305 1003 353 1070 ad
382 995 577 1089 capiendam
606 1005 835 1087 possessionem
861 1001 977 1068 mundi
988 1050 1000 1084 ,
1025 1023 1089 1066 non
1113 1000 1235 1066 milites
1258 1022 1317 1065 ar·

143 1130 255 1181 motae
288 1115 455 1196 militiae,
489 1112 547 1180 sed
574 1126 703 1180 sanctos
722 1113 999 1200 praedicatores,
1025 1117 1110 1178 sicut
1134 1132 1204 1180 ores
1226 1116 1318 1177 inter

143 1227 248 1314 lupos.
298 1226 393 1292 Unde
425 1248 482 1291 nec
514 1229 551 1290 in
584 1223 789 1290 Testamenta
820 1228 949 1306 reteri,
974 1225 1032 1290 ubi
1054 1237 1192 1289 armata
1217 1245 1318 1288 manu

137 1342 294 1425 possessio
329 1353 404 1405 erat
444 1335 607 1424 capienda
642 1351 757 1402 terrae
796 1335 1004 1420 infidelium,
1049 1336 1213 1403 indictum
1249 1335 1318 1422 lego

144 1450 265 1516 bellum
290 1451 396 1516 alicui
414 1463 556 1535 propter
578 1450 662 1529 lsoc,
687 1448 775 1534 quod
795 1471 859 1514 non
882 1461 981 1515 erant
1000 1446 1136 1531 fideles,
1161 1447 1217 1513 scd
1237 1451 1318 1532 quia

146 1561 302 1627 nolebant
324 1561 408 1627 dare
431 1565 642 1640 transitum,
666 1561 720 1628 uel
742 1564 823 1646 quia
847 1581 896 1640 eos
920 1558 1152 1646 offenderant,
1176 1573 1215 1624 ut
1238 1559 1319 1624 Ma-

53 1683 55 1692 ‘
145 1672 324 1755 dianitac,
357 1672 412 1741 uel
442 1686 479 1738 ut
513 1685 753 1757 recuperarent
785 1693 870 1754 sua,
905 1671 1023 1740 diuina
1057 1672 1223 1758 largitate
1257 1671 1320 1736 sibi

146 1805 311 1850 concessa.
370 1783 465 1849 Unde
496 1785 698 1870 grauissime
726 1796 964 1868 peccaremus,
999 1786 1029 1848 si
1057 1781 1155 1866 fidem
1193 1784 1321 1847 Christi

144 1897 229 1982 Jesu
258 1910 320 1982 per
351 1897 437 1961 lsanc
469 1898 559 1963 riam
592 1893 758 1979 ampliare
780 1894 1071 1975 contenderemus,
1106 1915 1162 1958 nec
1185 1915 1320 1959 essemus

148 2007 293 2093 legitimi
324 2007 450 2073 domini
481 2005 642 2087 illorum,
671 2004 729 2072 sed
749 2027 872 2092 magna
897 2005 1081 2071 latrocinia
1104 2009 1321 2070 committere·

148 2139 220 2183 mus
244 2130 276 2183 et
300 2132 489 2182 teneremur
512 2116 560 2182 ad
581 2120 848 2198 restitutionem,
883 2131 995 2204 utpote
1026 2119 1146 2203 injusti
1179 2116 1285 2183 debell
1305 2151 1321 2166 ·

147 2243 238 2295 tores
261 2243 323 2294 aut
348 2243 568 2315 occupatores.
614 2229 781 2296 Mittendi
803 2242 904 2294 essent
929 2228 976 2295 ad
995 2231 1051 2295 loos
1069 2228 1321 2316 praedicatores
1377 2290 1380 2294 .

149 2342 224 2406 boni
246 2344 340 2423 riri,
370 2344 430 2432 qui
453 2343 550 2409 uerbo
573 2355 605 2406 et
629 2341 772 2428 exemplo
795 2321 1023 2409 converterent
1047 2362 1096 2406 eos
1119 2339 1167 2406 ad
1188 2341 1321 2406 Deum:

149 2467 180 2517 et
203 2474 268 2517 non
291 2456 351 2538 qui
374 2473 423 2517 eos
447 2456 656 2552 opprimant,
681 2453 839 2538 spolient,
863 2453 1117 2534 scandalizent,
1142 2453 1321 2538 subjiciant

149 2578 180 2630 et
203 2564 304 2650 duplo
330 2563 505 2630 Gelsennae
523 2562 612 2646 filios
628 2565 769 2648 faciant
792 2585 881 2630 more
904 2566 1178 2631 Pharisaeorum.
1224 2565 1269 2630 Et
1289 2565 1321 2630 in

149 2677 232 2742 hane
268 2674 405 2742 formam
440 2676 591 2742 audimus
624 2697 719 2760 saepe
742 2696 759 2741 a
785 2691 899 2743 senatu
931 2677 964 2742 in
989 2675 1149 2758 Hispania
1173 2691 1205 2742 et
1227 2677 1322 2743 theo·-

148 2788 236 2873 logis
266 2786 443 2870 praecipue
474 2787 703 2853 Dominicanis
736 2788 902 2854 decretum
935 2787 1040 2854 fuisse
1062 2790 1095 2869 ¹,
1128 2789 1197 2854 sola
1229 2788 1322 2854 verbi

149 2899 391 2982 praedicatione
423 2919 489 2965 non
522 2901 609 2965 bello
643 2899 858 2968 Americanos
889 2900 928 2964 ad
960 2899 1057 2966 fidem
1081 2900 1321 2965 traducendos:

150 3011 334 3078 libertatem
360 3011 476 3093 etiam,
511 3032 596 3094 quae
620 3011 685 3079 illis
710 3032 748 3078 eo
772 3011 904 3077 nomine
928 3027 1038 3096 erepta
1062 3027 1169 3092 esset,
1193 3010 1323 3077 restitui

150 3123 290 3203 debere,
315 3123 405 3205 quod
417 3144 435 3188 a
446 3125 549 3189 Paulo
563 3122 703 3204 TertiO,
728 3122 891 3189 Pontifice
905 3139 938 3190 et
950 3125 1072 3190 Carolo
1085 3123 1236 3210 Quinto,
1259 3123 1324 3188 Im·

149 3249 299 3318 peratore
320 3249 353 3302 et
376 3235 608 3318 Hispaniarum
621 3255 696 3320 rege
709 3237 955 3318 comprobatum
969 3236 1101 3302 dicitur.
1127 3235 1324 3300 Omittimus
1356 3273 1359 3278 -

148 3347 214 3430 J‘am
249 3346 428 3414 Lusitanos
450 3347 481 3412 in
506 3347 673 3430 plerisque
696 3347 845 3430 partibus
869 3349 1062 3434 religionem
1087 3348 1170 3415 nihil
1193 3368 1324 3430 promo·

150 3477 250 3537 vere3
285 3475 326 3522 ne
358 3476 487 3540 operam
523 3457 656 3538 quidem
690 3457 789 3538 dare,
825 3478 899 3524 cum
935 3458 996 3524 soli
1019 3460 1115 3525 lucro
1139 3458 1324 3544 invigilent.

149 3568 221 3633 Imo
247 3581 280 3632 et
302 3567 386 3634 illud
408 3568 454 3634 ibi
478 3588 592 3634 verum
628 3589 721 3650 esse,
758 3569 850 3652 quod
872 3570 912 3636 de
935 3570 1094 3652 Hispanis
1116 3571 1150 3636 in
1172 3571 1325 3636 America

152 3680 322 3762 Hispanus
342 3680 353 3716 ²
373 3680 527 3764 scripsit,
560 3700 626 3747 non
652 3676 838 3762 miracula,
875 3701 940 3748 non
975 3681 1068 3767 signa
1099 3682 1227 3765 audiri,
1259 3702 1326 3749 non

151 3793 300 3874 exempla
319 3792 407 3860 vitae
426 3792 620 3877 religiosae,
645 3814 729 3876 quae
750 3793 791 3858 ad
810 3793 953 3858 eamdem
975 3794 1071 3860 fidem
1090 3795 1171 3862 alios
1191 3810 1327 3878 possent

151 3904 339 3987 impellere,
375 3904 433 3970 sed
455 3906 557 3970 multa
580 3905 755 3988 scandala,
790 3906 894 3971 multa
916 3904 1085 3988 facinora,
1121 3910 1240 3974 multas
1265 3907 1324 3971 im-

151 4016 302 4099 pietates.
347 4015 457 4102 Quare
490 4037 563 4082 cum
588 4031 621 4081 et
642 4017 807 4100 possessio
832 4032 865 4082 et
888 4019 1004 4083 titulus
1037 4018 1167 4084 deficiat
1195 4038 1325 4101 posses-

152 4127 283 4208 sionis,
316 4146 423 4209 neque
456 4147 507 4192 res
539 4128 747 4212 ditioresque
780 4129 934 4196 Indorum
968 4151 1027 4214 pro
1059 4131 1180 4197 talibus
1213 4131 1325 4196 haberi

157 4346 356 4356 ------ι

189 4487 197 4518 ¹
216 4489 247 4534 V.
269 4488 327 4550 Joh.
350 4490 413 4537 Met.
440 4489 466 4537 in
484 4491 564 4552 praef.
582 4494 613 4541 ad
633 4494 759 4546 Osorium.
794 4493 888 4545 ²Vict.
907 4494 933 4544 in
952 4495 1040 4544 relect.
1061 4507 1081 4544 1.
1101 4495 1131 4544 de
1151 4495 1228 4544 lrnlis.
1247 4499 1266 4555 ξ.
1287 4497 1324 4554 35³.
