3326 5506
348 621 409 704 196
649 641 695 687 ua
719 642 813 707 June
838 641 1022 690 antenna.
1047 644 1126 691 cae.
1152 645 1203 691 ιιι.

345 812 383 860 ut
403 796 529 861 scilieet
550 796 655 863 omnis
673 796 792 864 Oriens
809 817 927 865 nomen
941 798 1193 878 Hollandicum‚
1218 813 1255 866 ut
1266 813 1381 866 tetram
1391 814 1517 883 pestem

345 907 534 990 fontemque
555 909 617 975 sibi
640 925 672 974 et
703 909 861 994 originem
895 910 1112 976 calamitatum
1151 909 1318 991 omnium,
1353 925 1518 994 perpetuo

346 1021 593 1088 abominaretur.
640 1021 719 1086 Ut
712 1021 812 1106 rgitur
834 1022 875 1087 de
898 1021 988 1087 illo
980 1040 1014 1087 tn
1037 1024 1265 1088 Bantamenses
1288 1023 1397 1102 bello,
1422 1024 1522 1107 cujus

183 1120 354 1234 ffl'gffffffl
343 1153 408 1218 jam
433 1132 570 1199 historia
593 1133 754 1216 explicata
777 1147 850 1213 est,
874 1133 957 1199 nihil
980 1134 1034 1200 hic
1059 1149 1224 1217 repetam,
1248 1154 1322 1200 curn
1347 1135 1523 1200 Ambonae

346 1258 432 1310 esset
451 1243 628 1309 Cornelius
649 1243 905 1310 Hemskercltius
925 1245 1103 1327 aliquoties
1122 1262 1195 1312 ante
1214 1245 1426 1326 nominatus,
1451 1247 1521 1310 Lu·

347 1356 445 1420 sitani
477 1356 749 1438 quemadmodum
784 1356 947 1439 Batavos,
971 1356 1016 1422 ita
1040 1358 1112 1441 ejus
1135 1357 1278 1443 regionis
1301 1376 1458 1439 proceres
1481 1357 1522 1421 ad

347 1468 460 1533 caedes
484 1468 763 1550 proscripserant,
795 1467 948 1550 apposito
975 1468 1081 1551 pretio
1105 1467 1138 1532 in
1162 1468 1268 1551 capita
1293 1468 1423 1553 singula
1447 1487 1523 1534 cen·

347 1594 416 1645 turn
452 1579 632 1663 regalibus:
669 1578 703 1644 in
737 1593 893 1645 rectorem
928 1594 1035 1645 autern
1068 1578 1169 1659 arcis,
1203 1579 1261 1662 qui
1297 1579 1419 1645 ibidem
1455 1595 1521 1656 est,

348 1691 495 1756 mercede
530 1690 661 1771 eadem,
694 1709 758 1772 qua
793 1689 826 1755 in
857 1689 1125 1756 Hollandicarum
1154 1690 1287 1757 navium
1321 1689 1521 1774 praefectum

347 1821 570 1884 percussorem
603 1801 838 1868 invitaverant:
873 1817 910 1868 ut
932 1802 1055 1868 scirent
1078 1803 1149 1887 ejus
1173 1802 1297 1868 insulae
1322 1802 1523 1868 habitatores

348 1933 552 1980 communem
594 1912 657 1978 sibi
701 1935 774 1979 cum
819 1913 948 1979 Batavis
991 1911 1155 1980 fortunam
1197 1913 1402 1979 subeundam
1437 1933 1521 1979 esse.

348 2024 542 2107 Eodemque
575 2039 721 2107 tempore
755 2044 828 2092 curn
863 2026 1024 2092 adversus
1059 2045 1157 2102 traves
1191 2024 1275 2090 nihil
1309 2025 1524 2108 potuissent,

240 2207 249 2223 ⁸
348 2136 547 2202 Lusitellum
581 2136 758 2219 (oppidum
788 2128 851 2202 est'
869 2135 1129 2202 Ambonensiurn
1159 2136 1302 2201 cinctum
1328 2135 1527 2220 moenibus)

348 2245 458 2313 infesti
482 2247 703 2313 contendunt:
728 2246 845 2332 dejecti
867 2247 907 2314 ab
930 2225 1177 2332 oppugnatione
1200 2247 1240 2312 ad
1261 2247 1427 2314 obsidium
1448 2267 1526 2313 ver·

349 2375 474 2426 tuntur.
509 2358 563 2424 Ob
584 2358 694 2424 victus
714 2358 856 2442 inopiam
876 2359 978 2425 resin
999 2359 1146 2442 periculo
1167 2373 1276 2439 erant,
1299 2377 1373 2424 cum
1394 2357 1523 2424 insulae

349 2471 507 2554 primores
526 2469 712 2553 supplicum
731 2471 799 2536 ritu
818 2470 914 2536 fidem
934 2491 1097 2554 opemque
1117 2469 1315 2537 Batavorum
1335 2471 1524 2554 implorant.

351 2583 510 2649 Adventu
539 2582 673 2648 navium
705 2582 753 2648 illi
786 2582 905 2650 exemti
939 2583 1093 2664 obsidio,
1125 2583 1178 2649 his
1210 2597 1302 2667 parta
1325 2581 1430 2667 gloria
1455 2597 1522 2648 est.

351 2695 416 2760 Sed
439 2714 550 2760 omnes
584 2694 689 2760 minae
712 2694 947 2762 Lusitanorum
971 2695 1005 2760 in
1028 2695 1062 2761 id
1085 2695 1176 2778 quod
1198 2693 1346 2778 proxime
1369 2708 1523 2759 secutum

350 2822 399 2874 est
418 2821 547 2889 tempus
566 2806 769 2872 inciderunt:
793 2826 866 2871 cum
886 2806 1005 2890 passim
1022 2807 1183 2891 jactarent
1200 2825 1234 2872 se
1252 2824 1319 2872 non
1338 2807 1402 2871 hoc
1423 2806 1523 2872 modo

351 2917 550 2999 effecturos,
573 2937 613 2983 ne
645 2938 800 3000 umquam
830 2932 945 3001 postea
975 2938 1032 3001 per
1064 2937 1118 2983 eas
1150 2932 1251 2984 terras
1280 2917 1523 2984 Hollandorum

349 3049 469 3096 nomen
487 3030 674 3110 audiretur,
688 3029 746 3096 sed
764 3043 950 3098 vastaturos
970 3029 1070 3094 urbes
1088 3029 1279 3112 insulasque
1298 3048 1430 3112 omnes,
1443 3049 1524 3112 quas

205 3152 274 3196 Anno
285 3157 335 3196 1⁶01
350 3143 481 3208 rllorum
522 3142 623 3224 pedes
664 3141 893 3226 contigissent.
941 3140 1066 3208 Classis
1099 3140 1211 3226 regia,
1245 3160 1327 3223 quae
1360 3137 1523 3206 Cunalam

191 3206 338 3326 immi&
350 3254 506 3319 Indorum
528 3253 734 3319 Malabarum
766 3252 1010 3336 archipiratam,
1033 3252 1272 3338 quinquaginta
1294 3271 1453 3318 annorum
1477 3272 1525 3318 ra·

186 3311 314 3374 punam
350 3365 437 3448 pinis
461 3379 492 3430 et
515 3363 693 3449 insignium
725 3364 890 3449 regiorum
912 3363 1125 3447 usurpatione
1144 3364 1305 3442 nobilem,
1330 3363 1363 3428 in
1388 3364 1522 3449 gratiam

351 3477 435 3561 regis
479 3476 698 3544 Calieutensis
742 3492 1007 3562 expugnaverat,
1049 3476 1200 3544 confecto
1235 3477 1346 3556 beno,
1384 3491 1425 3541 ut
1459 3477 1523 3544 huc

350 3589 438 3656 vires
469 3603 632 3669 verteret,
665 3589 704 3654 ab
737 3589 813 3656 Goa
844 3592 940 3675 longe
972 3588 1012 3654 ad
1043 3587 1162 3655 fretum
1193 3588 1407 3667 Sunda'num,
1433 3588 1524 3670 quod

347 3701 460 3785 Javarn
494 3715 526 3767 et
557 3699 811 3784 Taprobanen
803 3715 960 3782 interest,
992 3701 1195 3767 mittebatur.
1241 3698 1347 3765 Simul
1380 3700 1420 3765 ab
1454 3699 1524 3765 aliis

350 3812 584 3878 Lusitanorum
606 3812 745 3878 coloniis
768 3833 868 3881 naves
891 3812 1032 3879 coibant
1078 3812 1152 3878 Et
1140 3831 1205 3896 Jam
1226 3829 1326 3877 naves
1347 3825 1441 3876 erant
1458 3830 1525 3877 non

352 3925 455 3990 multo
480 3924 563 3990 infra
586 3925 729 4009 triginta.
771 3923 930 4010 Quinque
950 3926 1103 4008 galeones
1122 3944 1138 3988 e
1160 3923 1253 3990 Goa:
1279 3941 1374 3987 unam
1393 3923 1526 3988 tenebat

351 4035 499 4102 Andreas
512 4037 658 4103 Furtado
672 4037 860 4118 Mendoza,
873 4036 986 4103 classis
999 4055 1142 4102 summae
1154 4034 1378 4118 praepositus:
1392 4035 1522 4100 alteram

353 4147 500 4214 Thomas
525 4150 629 4214 Sousa
642 4149 682 4214 de
695 4149 853 4214 Roncha:
878 4146 1209 4216 tertiamFranciscus
1223 4145 1314 4212 Silva
1327 4144 1521 4211 Menezius:

352 4275 498 4342 quartam
523 4260 691 4328 Antonius
716 4261 839 4326 Sousa:
864 4260 1011 4342 quintam
1036 4260 1146 4343 Lopes
1169 4257 1361 4342 Dalmeyda.
1398 4256 1428 4322 E
1450 4257 1521 4322 Ma-

352 4373 439 4437 lacea
472 4393 619 4438 caraccae
644 4372 743 4437 duae:
772 4386 941 4456 praeerant
963 4372 1128 4458 Traianus
1160 4369 1346 4436 Rodericus
1369 4367 1520 4434 Castelli-

353 4483 523 4562 blancius,
549 4483 715 4569 Georgius
738 4483 883 4568 Pinteus.
909 4484 938 4550 E
961 4483 1104 4551 Coehini
1129 4503 1213 4562 una,
1238 4483 1320 4549 duce
1333 4481 1520 4548 Sebastiano
