3326 5506
324 567 386 642 238
621 581 667 630 ne
690 580 784 646 June
809 581 995 626 sunnone.
1020 579 1103 650 ceo.
1128 549 1213 658 uss(

323 755 387 800 csse
410 737 580 821 opinione,
612 749 650 802 ut
671 755 782 802 eorum
806 755 868 800 rex
889 736 941 800 itu
963 735 1225 820 praescripserit
1246 737 1498 828 nauigntionem

323 845 434 912 Indici
468 846 681 913 occidentalis
715 845 821 930 (forte
855 845 1056 928 orientalis.)
1081 825 1502 942 'dusdcmquea‘fmostissi-

321 960 367 1022 mi
395 962 525 1038 maris,
548 961 600 1024 itu
625 973 663 1024 ut
692 957 833 1043 reliquis
862 957 1016 1043 gentibus
1044 977 1194 1040 aequora
1211 955 1500 1040 ‚illustrausfre-

322 1081 400 1132 ture
433 1090 497 1134 non
530 1069 631 1134 liceat
663 1082 694 1136 et
716 1090 758 1134 eoo
781 1061 970 1134 nos'trismet
991 1065 1152 1152 Hispanis
1174 1061 1359 1154 omgmltn
1382 1067 1499 1132 cadem

322 1182 471 1265 opinione
488 1179 573 1264 scre
604 1199 668 1245 esse
693 1179 878 1259 uideatur,
900 1192 938 1243 ut
955 1192 1020 1263 per
1041 1181 1269 1246 vastissimum
1286 1181 1502 1244 immensum-

320 1311 382 1375 que
407 1304 546 1377 pontum
579 1289 627 1358 od
655 1291 815 1357 Indorum
847 1293 1018 1376 regiones,
1046 1291 1131 1374 quos
1155 1287 1378 1374 potentissimi
1400 1311 1498 1376 reges

320 1404 428 1473 nostri
462 1402 707 1486 Hispaniarum
740 1402 963 1489 subegerunt,
996 1401 1139 1486 reliquis
1171 1401 1365 1476 mortalium
1398 1405 1501 1468 naui-

317 1532 428 1598 gare,
455 1526 699 1598 praeterquam
733 1513 894 1601 Hisponis
918 1512 979 1598 jus
995 1515 1145 1606 [minime
1175 1497 1248 1594 step
1266 1517 1365 1598 quasi
1387 1513 1432 1577 ob
1457 1515 1528 1594 iis„

320 1623 360 1690 id
371 1625 431 1710 jus
449 1628 699 1710 praescriptum
716 1624 854 1709 fuerit,
878 1625 1153 1714 tumen-istorum
1182 1607 1324 1690 omnium
1348 1645 1411 1688 non
1438 1627 1500 1686 mi-

238 1823 241 1826 ,
322 1757 383 1801 nus
405 1739 545 1802 insanae
567 1750 644 1800 suut
668 1739 856 1822 opiniones,
880 1719 1142 1828 quood-eorum,
1158 1735 1226 1824 aiii
1248 1729 1500 1819 quoad‘Genu-

321 1867 408 1912 enses
439 1860 471 1912 ct
495 1846 631 1912 Venetos
659 1850 695 1914 in
727 1847 832 1914 codem
857 1835 1381 1931 fere1soosuios-essdi‘adsolent,
1411 1865 1499 1930 quas

322 1949 501 2024 sententias
535 1961 680 2046 ineptire
709 1943 764 2026 sel
793 1980 834 2024 esc
857 1980 890 2024 eo
914 1957 1096 2024 dilucidius
1119 1943 1281 2046 apparet,
1306 1956 1395 2043 quod
1414 1961 1501 2022 ista·

322 2089 397 2134 rum
422 2073 595 2134 notionum
619 2069 773 2157 singulae
803 2084 923 2134 contra
954 2091 987 2134 se
1016 2073 1105 2155 ipsas
1133 2081 1298 2153 nequeunt
1324 2073 1498 2154 praescri·

324 2179 399 2244 bere
411 2229 421 2261 ,
435 2182 503 2264 boc
524 2195 571 2248 est
593 2202 656 2246 non
677 2180 864 2266 respublica
884 2179 1102 2254 Venetiarum
1122 2193 1242 2246 contra
1262 2183 1498 2266 semetipsam,

323 2313 387 2356 non
410 2291 596 2376 respublica
620 2290 840 2358 Genuensium
863 2295 985 2381 eontra
1004 2305 1100 2364 semet
1122 2293 1253 2376 ipsam,
1274 2311 1337 2356 nou
1358 2312 1498 2378 reguum

323 2403 550 2488 Hispanorum
579 2416 700 2468 contra
732 2404 979 2489 semetipsum,
1004 2425 1067 2470 non
1090 2411 1228 2488 regnum
1251 2401 1497 2469 Lusitanorum

322 2527 459 2588 contrav
476 2527 572 2580 semet
606 2517 712 2599 ipsum
738 2517 761 2580 ¹.
820 2513 902 2580 Esse
935 2517 1020 2580 enim
1054 2511 1146 2582 debet
1179 2511 1373 2599 differentia
1393 2517 1498 2605 iuter

324 2639 474 2710 agentem
497 2638 529 2690 ct
547 2628 731 2710 potientem
754 2623 779 2691 ².
816 2623 942 2692 Contra
964 2624 1113 2710 reliquos
1134 2644 1212 2691 uero
1225 2628 1380 2716 nationes
1405 2625 1499 2711 louge

323 2740 431 2800 miuus
459 2735 690 2822 praescribere
718 2749 856 2822 possunt
864 2735 881 2822 s,
916 2739 999 2821 quio
1017 2737 1078 2822 jus
1106 2738 1413 2820 praescriptionum
1448 2750 1495 2802 est

323 2869 411 2916 mere
428 2847 543 2926 ciuile,
566 2861 604 2912 ut
616 2847 696 2932 fuse
715 2845 913 2934 ostendimus
932 2832 1069 2943 supruff.
1094 2845 1189 2934 Ergo
1211 2845 1282 2912 tale
1292 2847 1353 2930 jus
1372 2860 1498 2928 cessat,

322 2980 396 3024 cum
426 2980 478 3026 res
507 2962 628 3045 agitur
657 2962 749 3024 inter
770 2943 953 3054 Principes.
974 2957 1031 3029 uel
1044 2957 1184 3043 *populos
1208 2961 1412 3043 superiorem
1435 2955 1498 3023 uon
1575 3024 1579 3034 ,
1633 2991 1634 3008 1

324 3083 583 3157 recognoscentes
613 3073 650 3135 in
673 3069 921 3154 temporblibus.
952 3069 1060 3156 *juia
1086 3072 1170 3134 enim
1194 3090 1281 3139 mere
1299 3069 1419 3136 ciuilia
1442 3076 1497 3134 c'u·

314 3184 503 3268 jussumque
524 3184 669 3268 regionis
688 3178 800 3265 quoad
817 3193 947 3248 exteros
955 3173 1116 3268 populos,
1145 3183 1294 3246 nationes
1320 3178 1375 3248 uel
1395 3183 1497 3245 etiam

236 3317 239 3322 ·
324 3295 467 3358 nomines
490 3291 637 3378 singulos
667 3313 730 3358 non
754 3295 861 3378 magis
884 3305 962 3358 suut
983 3296 1019 3356 in
1038 3291 1325 3371 consideratione,
1341 3311 1449 3376 quum
1469 3295 1499 3358 si

325 3423 445 3470 reuera
467 3423 529 3468 uon
550 3415 627 3470 esset
650 3402 720 3467 tole
731 3403 793 3488 jus
813 3416 874 3470 out
894 3424 1050 3488 umquam
1063 3403 1206 3488 fuisset,
1229 3417 1260 3468 ct
1282 3402 1399 3488 adjus
1414 3423 1497 3468 com·

325 3533 421 3582 mune
440 3517 591 3600 gentium
618 3517 830 3599 primaevum
854 3515 909 3582 uel
928 3513 1163 3581 secundarium
1186 3512 1427 3582 recurrendum
1449 3526 1497 3588 cst

325 3645 422 3711 eoque
459 3625 640 3707 utendum,
674 3646 738 3712 quo
756 3629 841 3714 jure
872 3627 974 3694 talem
1004 3630 1110 3694 moris
1136 3629 1436 3712 praescriptionem
1465 3638 1496 3693 ct

326 3740 575 3822 usurpationem
611 3737 789 3832 admissum
821 3759 886 3808 uon
910 3738 1020 3824 fuisse
1042 3741 1126 3806 satis
1157 3750 1300 3804 constat.
1348 3737 1444 3802 Num
1465 3749 1497 3800 et

326 3846 420 3913 bodie
450 3867 527 3913 usus
550 3833 917 3932 uquarumoommunis
941 3864 1011 3932 cst,
1035 3872 1099 3915 non
1121 3870 1210 3914 secus
1231 3868 1330 3933 quum
1352 3860 1429 3916 erat
1455 3846 1495 3911 ab

327 3961 456 4046 origine
487 3958 615 4026 mundi.
662 3959 757 4050 Ergo
791 3962 827 4024 in
849 3960 1058 4052 ¹aequoribus
1091 3973 1123 4028 et
1155 3962 1252 4046 aquis
1284 3957 1416 4024 nullum
1437 3959 1495 4044 jus

330 4135 524 4147 Μαι-*ι

360 4230 368 4262 ¹
387 4234 405 4280 1.
423 4231 545 4292 sequitur.
563 4231 622 4290 §.si
641 4229 718 4278 viam.
734 4230 760 4278 ff.
780 4233 813 4280 de
829 4231 901 4280 u'suc.
923 4229 966 4298 [D.
984 4246 1025 4294 41.
1045 4245 1068 4288 3.
1084 4245 1108 4294 4.
1128 4236 1149 4291 ξ.
1167 4231 1221 4296 nn]
1239 4230 1308 4290 §.sic
1324 4230 1419 4291 itaque.
1438 4233 1494 4279 lost.

327 4324 358 4370 de
381 4321 534 4370 actionibus.
560 4320 633 4387 [1.4‚
656 4322 680 4370 6.
699 4325 720 4380 ξ.
742 4321 792 4386 14.]
828 4317 890 4369 ²Us
916 4323 991 4372 diesis
1010 4321 1106 4379 juribus
1123 4335 1147 4370 et
1166 4325 1182 4370 1.
1201 4337 1258 4371 cum
1278 4321 1343 4370 filio.
1359 4322 1403 4370 nbi
1420 4325 1494 4370 mulsa

326 4427 372 4472 pes
386 4415 452 4460 Bars.
469 4425 493 4460 et
509 4414 558 4474 Jas.
574 4411 598 4459 ff.
616 4414 647 4460 de
664 4415 712 4472 leg.
732 4425 752 4459 ι,
786 4410 796 4442 ³
814 4425 884 4472 passe
901 4426 921 4459 1.
937 4413 962 4460 in
979 4413 1089 4474 princip.
1107 4426 1203 4474 quaest.
1220 4427 1242 4472 3.
1259 4425 1283 4461 et
1298 4429 1322 4474 4.
