3362 5504
446 581 493 628 DE
517 581 610 647 JURE
636 581 822 628 PRAEDAE·
848 581 928 628 CAP.
954 580 1034 626 x111.
1258 575 1321 641 275

150 735 242 801 Haec
264 733 327 802 tria
350 735 377 802 si
401 734 434 802 in
457 755 559 802 unum
583 733 793 803 conferantur
812 737 867 821 jus
884 735 1004 801 facient
1015 753 1116 818 prope
1130 733 1319 813 inlinitum,

147 863 235 914 certe
259 847 361 916 nullis
384 867 537 930 umquam
561 847 901 930 temporibus,nullis
923 835 1320 929 victoriisrecuperabiless

147 959 321 1026 Adversus
344 959 434 1042 ipsos
457 959 635 1026 Lusitanos
658 959 809 1042 propriae
832 959 911 1024 belli
934 979 1049 1025 causae
1063 957 1219 1039 fuerunt,
1244 978 1318 1022 cum
1347 969 1386 1013 Ex
1407 971 1478 1017 τουσι.

1290 1051 1293 1056 -
1332 1024 1372 1068 VI.
1378 1023 1448 1070 artic.
1456 1025 1476 1071 1.

147 1071 211 1154 ipsi
235 1069 360 1154 priores
383 1071 470 1136 bello
494 1071 769 1155 aggrederentur,
794 1085 831 1136 ut
854 1071 887 1135 in
911 1073 1012 1136 classe
1038 1069 1239 1152 Hispanica,
1262 1069 1476 1192 defflmffigflf·

146 1181 256 1247 fensio
289 1182 480 1248 damnorum
505 1197 537 1248 et
561 1196 728 1248 sumtuum
761 1181 963 1264 recuperatio
986 1196 1019 1246 et
1039 1184 1127 1266 justa
1162 1180 1318 1246 vindicta.
1332 1183 1478 1285 {312¹less

147 1294 297 1376 Itemque
319 1293 524 1377 recuperatio
547 1309 579 1358 ct
591 1294 737 1360 vindicta
758 1293 904 1359 omnium
923 1313 1057 1371 eorum,
1082 1313 1165 1375 quae
1178 1291 1320 1358 detentis
1332 1303 1402 1390 fsssg
1411 1293 1474 1392 'ild'

146 1406 248 1472 toties
278 1405 419 1472 navibus
442 1420 474 1471 et
497 1406 605 1471 nautis
642 1405 816 1471 Hollandis
840 1405 873 1471 in
897 1404 1068 1472 Lusitania
1091 1404 1318 1488 contigerunt:
1333 1399 1476 1500 ,ἕψῃ

146 1535 207 1582 nec
231 1517 340 1582 minus
364 1537 475 1583 eorum
489 1537 571 1598 quae
585 1517 759 1584 Hollandis
772 1531 877 1583 totum
891 1537 947 1599 per
960 1517 1095 1595 orbem,
1120 1534 1320 1596 quacunque
1333 1508 1477 1622 fujrjjmffj

148 1646 184 1692 se
203 1627 438 1694 Lusitanorum
460 1628 606 1711 potentia
617 1629 657 1693 ad
667 1628 826 1712 injurias,
848 1643 886 1694 ut
896 1628 1028 1694 videtur
1040 1673 1051 1708 ,
1064 1641 1138 1693 nata
1150 1625 1296 1692 extendit
1308 1672 1320 1705 ,
1333 1616 1407 1716 ’ἐξῇ
1418 1572 1477 1715 ἔῃ,

149 1738 338 1804 acciderunt
367 1739 557 1806 hominibus
587 1741 760 1822 spoliatis,
799 1740 982 1805 trucidatis.
1039 1740 1076 1804 In
1109 1739 1178 1822 ipsa
1213 1751 1319 1804 autem
1333 1723 1480 1878 afflig:

147 1850 245 1915 India
255 1852 435 1934 peculiares
447 1851 646 1934 reipublicae
657 1851 896 1917 Hollaudorum
910 1871 1025 1917 causae
1038 1853 1046 1886 ¹
1060 1899 1071 1931 ,
1095 1850 1175 1915 aliae
1187 1863 1321 1933 propter
1333 1831 1430 1931 ζββῖἱ·
1471 1863 1478 1876 ·

148 1983 205 2044 se,
230 1962 310 2028 aliae
330 1979 463 2046 propter
484 1963 588 2029 cives.
609 1964 666 2029 Ad
674 1963 766 2046 prius
778 1982 881 2048 genus
891 1961 1156 2048 referrifpossunt
1168 1959 1319 2047 injuriae,
1334 1939 1478 2038 ffir‘ffl:

149 2094 207 2156 per
238 2091 320 2156 quas
347 2088 417 2140 tota
445 2094 523 2159 gens
545 2074 784 2140 Hollaudorum
805 2074 1010 2142 commerciis
1030 2073 1195 2157 prohibita
1216 2087 1265 2140 est
1289 2087 1322 2137 et
1333 2061 1378 2146 ii?
1378 2062 1407 2092 '¹¹‘
1421 2046 1443 2092 Ι·
1455 2055 1479 2092 “

149 2185 239 2268 apud
270 2201 419 2252 externas
448 2186 597 2252 nationes
629 2185 792 2254 infamata.
847 2187 1036 2268 Utrumque
1063 2188 1128 2271 jam
1159 2199 1253 2251 antea
1286 2184 1319 2248 in

150 2297 258 2362 causis
278 2297 356 2363 belli
377 2297 496 2380 privati
518 2299 662 2365 exsecuti
687 2319 800 2364 sumus
812 2303 835 2363 ².
866 2298 980 2362 Unum
1002 2311 1110 2362 tamen
1132 2296 1185 2361 hic
1203 2311 1319 2362 notatu

150 2427 216 2474 non
248 2408 418 2492 indignum
450 2424 519 2492 est,
553 2409 678 2475 etiamsi
703 2410 744 2474 ad
767 2409 948 2475 Lusitanos
969 2408 1182 2492 pertinuisset
1202 2408 1258 2492 jus
1281 2409 1322 2474 ad

151 2520 251 2586 Indos
282 2520 493 2606 negotiandi,
526 2522 571 2586 ita
603 2536 640 2587 ut
663 2520 742 2587 alias
766 2535 877 2605 gentes
901 2541 1007 2585 arcere
1031 2534 1189 2603 possent,
1214 2534 1320 2584 tanren

151 2652 190 2696 ex
219 2652 287 2714 quo
320 2633 451 2700 Batavis
481 2655 552 2699 cum
589 2633 719 2699 illorum
749 2632 900 2715 Principe
935 2633 1055 2697 bellum
1078 2633 1203 2715 justum
1228 2646 1319 2713 erat,

152 2743 238 2809 sicut
256 2763 308 2809 res
329 2744 416 2810 hosti
438 2745 644 2812 subditorum
667 2745 789 2828 eripere
810 2743 927 2823 licuit,
952 2743 1038 2809 itaet
1048 2743 1103 2827 jus
1117 2743 1319 2825 illisalioqui

150 2855 319 2938 proprium
343 2876 499 2939 usurpare
523 2856 669 2924 licuisse.
718 2857 773 2922 Ad
794 2858 930 2920 alterum
952 2873 1054 2939 genus
1078 2854 1169 2935 quod
1181 2854 1318 2936 attinet,

151 2966 231 3032 satis
253 2969 385 3050 planum
410 2983 460 3035 est
481 2970 616 3034 tutelam
637 2969 760 3052 jusque
784 2966 907 3033 civium
931 2981 963 3030 et
984 2964 1239 3032 vindicationem
1258 2965 1321 3032 rei·

151 3078 303 3161 publicae
326 3079 416 3144 cordi
440 3098 510 3146 esse
534 3080 673 3159 debere,
698 3100 771 3145 cum
785 3080 845 3145 hac
858 3078 996 3145 maxime
1009 3078 1048 3143 de
1061 3097 1159 3143 causa
1171 3078 1322 3144 instituta

152 3190 196 3256 sit
219 3189 327 3257 civilis
352 3192 513 3273 societas,
530 3207 568 3256 ut
591 3193 682 3274 quod
701 3211 768 3258 non
791 3207 925 3275 possent
945 3190 1067 3275 singuli
1090 3206 1226 3273 possent
1248 3191 1323 3256 uni-

152 3300 272 3368 versi³.
319 3301 354 3368 Si
377 3303 542 3383 Romani,
568 3304 660 3385 quod
672 3301 808 3368 Tullius
821 3309 997 3384 annotatl,
1021 3323 1117 3386 saepe
1131 3303 1323 3388 injuriosius

151 3412 298 3481 tractatis
319 3414 601 3481 naviculatoribus
624 3415 708 3480 bella
732 3431 922 3500 gesserunt,
947 3414 1029 3497 quid
1051 3433 1117 3481 non
1139 3415 1324 3482 Hollandos

153 3522 257 3590 facere
278 3525 426 3608 oportuit
449 3528 520 3611 eJ'us
543 3525 708 3592 societatis
733 3526 858 3610 gratia,
883 3547 947 3609 qua
971 3541 1021 3592 tot
1037 3527 1159 3593 civium
1172 3529 1324 3594 alimenta

154 3637 382 3704 sustinentur?
420 3638 604 3703 Potuerunt
616 3655 716 3718 sane,
740 3637 832 3719 imo,
857 3653 1015 3720 quantum
1030 3639 1112 3705 ratio
1125 3639 1323 3721 reipublicae

153 3748 319 3832 permisit,
343 3749 438 3814 etiam
463 3749 648 3815 debuerunt
668 3749 756 3815 cives
780 3769 858 3816 suos
880 3765 953 3816 ante
976 3749 1110 3816 exitium
1131 3749 1322 3831 defendere,
1337 3758 1483 3861 {³151th

154 3860 256 3925 exitio
278 3860 370 3927 datos
394 3861 529 3943 ulcisci,
554 3880 605 3927 res
629 3859 779 3927 similiter
800 3881 912 3927 eorum
935 3877 993 3934 aut
1011 3862 1134 3942 tutari,
1159 3878 1216 3928 aut
1226 3863 1323 3930 armis
1357 3846 1364 3860 ’
1406 3844 1412 3859 ’
1461 3845 1468 3859 ’

153 3991 335 4055 reposcere.
383 3971 486 4038 Estne
509 3973 574 4038 ulla
597 3973 741 4039 sanctior
763 3973 841 4039 belli
863 3993 982 4053 causa,
1016 3993 1113 4054 quam
1138 3975 1217 4040 haec
1240 3996 1323 4058 quae

154 4098 186 4148 et
209 4082 330 4148 divinis
353 4082 455 4150 literis
479 4098 511 4148 ct
533 4083 763 4165 antiquissimo
787 4084 931 4170 gentium
952 4085 1049 4169 jure,
1073 4085 1203 4171 legibus
1227 4087 1322 4152 etiam

189 4343 198 4376 ¹
218 4345 249 4391 V.
267 4357 342 4404 supra
358 4359 380 4393 c.
401 4358 439 4393 12.
473 4342 484 4376 ²
502 4346 532 4392 V.
548 4359 571 4394 c.
587 4346 613 4394 6.
631 4347 708 4406 paulo
725 4357 783 4406 post
803 4345 875 4394 artic.
896 4359 916 4394 1.
931 4357 956 4394 et
971 4360 993 4396 c.
1008 4361 1032 4408 9.
1048 4349 1078 4396 ad
1094 4349 1178 4396 concl.
1189 4347 1293 4395 8.artic.
1303 4361 1324 4396 1.

156 4435 166 4468 ³
184 4437 215 4483 V.
230 4450 253 4483 c.
272 4450 295 4483 2.
311 4437 342 4484 ad
360 4438 377 4484 l.
395 4449 418 4494 7.
437 4448 461 4484 et
479 4439 502 4484 8.
537 4437 548 4468 ⁴
565 4450 613 4496 pro
632 4437 648 4484 l.
667 4435 785 4484 Manilia.
803 4434 840 4498 [c.
854 4449 876 4492 5.
893 4440 916 4494 5.
934 4436 984 4500 ru]

1144 4529 1201 4591 18*
