3310 5482
461 635 631 705 unques
655 637 839 686 sennone-
864 635 945 687 cnr.
970 635 1010 685 n.
1287 637 1327 701 15

150 792 365 858 Geometram
404 793 512 876 dixit,
556 813 654 876 quam
687 793 764 876 quia
793 794 848 879 Jus
882 807 914 859 et
945 809 1084 876 aequum
1114 793 1326 876 proportione

144 906 289 987 ¹quadam
318 905 522 972 administrat
542 909 576 983 ²,
610 920 649 971 ut
681 905 751 989 fpse
778 906 811 971 in
834 904 960 992 Gorgia
981 906 1227 989 intorpretatur:
1251 923 1327 991 geo·

153 1032 269 1083 metrae
304 1018 391 1082 enim
422 1017 497 1082 finis
526 1031 576 1083 est
608 1017 716 1083 omnia
748 1018 788 1082 ad
810 1017 1037 1100 aequalitatem
1061 1017 1224 1083 reducere.
1269 1018 1327 1083 Al-

152 1144 216 1193 tera
251 1143 358 1194 autem
391 1129 543 1215 justitia,
578 1149 676 1211 quam
705 1147 792 1195 nunc
825 1129 1112 1213 compensatricem
1140 1130 1244 1212 placet
1278 1128 1327 1194 di-

145 1259 245 1323 cere,
280 1257 349 1306 non
384 1242 416 1308 in
450 1240 680 1307 communibus
708 1240 765 1307 sed
796 1240 829 1306 in
863 1242 1005 1326 propriis
1035 1243 1197 1326 cujusque
1219 1259 1328 1308 versa-

151 1369 226 1433 tur,
262 1352 407 1435 ideoque
438 1367 545 1436 partes
577 1353 617 1417 ad
635 1367 755 1428 ,totum
787 1371 854 1420 non
886 1351 1004 1434 refert,
1037 1356 1100 1420 hoc
1132 1367 1182 1422 est
1214 1371 1263 1420 res
1297 1367 1329 1420 et

152 1465 296 1530 actiones
326 1465 470 1548 seposito
491 1483 702 1548 personarum
737 1479 888 1548 respectu
919 1465 1091 1532 examinat.
1139 1465 1235 1550 Opus
1258 1467 1328 1550 ejus

152 1577 295 1658 duplex,
330 1576 415 1644 circa
445 1579 567 1644 bonum
592 1577 745 1660 quidem,
771 1594 919 1656 servare3
949 1578 1034 1644 circa
1053 1579 1172 1644 malum
1193 1593 1326 1662 autem,

151 1706 272 1756 sanare.
321 1689 368 1755 Et
393 1693 480 1776 leges
513 1691 614 1775 igitur
641 1690 743 1757 duae:
775 1707 863 1772 una,
887 1690 1080 1775 Malefacta
1102 1691 1326 1778 corrigenda:
1341 1690 1432 1738 text<

152 1803 267 1879 altera,
303 1802 485 1886 benefacta
513 1802 745 1890 repensanda:
792 1803 918 1871 Graece
959 1807 1181 1882 αἱντευποιητέον.
1224 1802 1389 1869 Nam-tex
1405 1805 1447 1852 Vl·

152 1933 215 1994 que
249 1914 329 1979 haec
359 1915 499 1998 partium
531 1916 615 1980 inter
648 1935 683 1981 se
717 1915 832 1981 relatio
866 1916 957 1982 velut
989 1914 1090 1981 mixta
1113 1929 1162 1981 est
1184 1933 1223 1979 ex
1245 1915 1328 1980 rela-

152 2024 238 2090 tione
272 2025 456 2110 reciproca,
490 2047 573 2112 quae
605 2029 701 2114 primi
731 2028 855 2096 ordinis
887 2030 973 2114 leges
1000 2028 1196 2110 constituit,
1225 2041 1257 2094 et
1275 2027 1328 2094 fo·

151 2157 200 2203 ras
228 2138 458 2222 prominente,
494 2159 577 2223 quae
611 2141 765 2208 secundi:
801 2142 871 2226 ipsa
899 2159 980 2207 vero
1013 2154 1127 2206 mutua
1154 2154 1185 2206 et
1206 2141 1328 2206 alterna

154 2263 215 2314 est:
249 2251 340 2316 unde
373 2253 518 2318 nascitur
550 2254 654 2337 talio,
689 2261 721 2325 ri
743 2257 966 2336 ἀντιπεπονθός,
991 2257 1162 2319 restitutio
1183 2253 1328 2320 scholas·

153 2361 248 2444 ticis,
279 2382 364 2446 opus
392 2364 539 2448 iustitiae
571 2365 845 2450 compensatricis.
890 2367 951 2432 Per
980 2367 1063 2432 hanc
1098 2379 1130 2430 et
1159 2365 1217 2447 qui
1252 2367 1326 2448 plus

153 2475 248 2541 habet
269 2475 402 2543 alterius
421 2475 611 2561 benefacto,
646 2478 679 2544 id
709 2480 815 2563 ipsum
841 2478 1041 2545 benefactori
1065 2477 1172 2544 minus
1194 2477 1327 2543 habenti

154 2587 284 2668 reddit,
318 2601 350 2653 et
383 2589 441 2670 qui
464 2589 571 2656 minus
601 2591 700 2657 habet
731 2592 863 2658 alterius
895 2589 1080 2670 malefacto,
1114 2590 1148 2656 id
1179 2590 1328 2673 ipsuma

154 2699 357 2766 malefactore
391 2704 465 2783 plus
499 2702 639 2768 habente
673 2703 799 2786 recipit.
846 2703 943 2769 Unde
972 2702 1122 2784 sequitur
1154 2702 1329 2788 obligatio·

154 2831 228 2878 num
253 2831 370 2897 genera
393 2831 463 2879 esse
486 2813 574 2894 duo,
607 2814 814 2898 philosophis
838 2812 849 2848 ¹
870 2817 991 2884 ἑκούσιον
1021 2819 1070 2884 καὶ
1099 2818 1252 2896 ἀκούσιον,
1275 2835 1329 2882 νο·

155 2923 342 2989 luntariam
375 2939 407 2990 et
438 2946 494 2990 nec
515 2925 771 3009 voluntariam,
799 2925 1101 3012 jurisprudentibus
1135 2927 1146 2961 ⁸
1182 2945 1222 2990 ex
1255 2947 1329 2990 con·

154 3050 269 3102 tractu
300 3051 332 3102 ec
354 3037 483 3103 delicto.
527 3037 666 3104 Utrovis
694 3038 818 3120 modo,
852 3039 910 3121 qui
931 3040 1005 3122 plus
1027 3038 1150 3120 habet,
1175 3037 1328 3120 debitor,

126 3225 129 3232 Ι
154 3149 210 3229 qui
238 3148 363 3228 minus,
399 3148 539 3215 creditor
565 3147 706 3233 dicitur,
743 3151 1011 3234 tantumdemque
1043 3127 1139 3216 alteri
1159 3162 1328 3232 superest,

155 3275 312 3341 quantum
344 3261 436 3326 alteri
464 3261 555 3328 deest
574 3267 605 3326 ⁴:
641 3263 733 3345 quod
765 3262 793 3328 si
819 3262 867 3329 ilii
891 3263 1035 3330 demtum
1066 3261 1144 3328 huic
1176 3261 1329 3343 additur,

156 3392 190 3436 ea
220 3393 299 3440 vera
324 3373 453 3457 justitia
479 3388 539 3440 est.
587 3375 677 3440 Haec
710 3378 856 3459 postulat
884 3395 950 3441 rem
982 3373 1160 3440 redditam
1185 3372 1330 3440 infurto
1380 3385 1384 3394 '

155 3501 250 3565 quam
283 3484 318 3550 in
350 3487 580 3569 commodam,
618 3501 722 3570 utque
754 3507 793 3552 ex
826 3502 914 3553 emto
943 3487 1108 3570 pretium,
1154 3505 1192 3552 ex
1224 3487 1330 3551 locato

155 3595 332 3662 mercedem
366 3598 487 3681 pendi,
523 3600 567 3665 ita
599 3600 751 3665 damnum
786 3599 897 3666 datum
932 3599 1081 3682 exsolvi,
1116 3618 1176 3683 pro
1211 3598 1331 3684 injuria

155 3708 315 3776 satisfieri.
361 3709 415 3776 Fit
436 3726 541 3777 autem
565 3731 836 3796 nonnumquam,
868 3726 906 3778 ut
929 3733 965 3778 ea
989 3731 1072 3796 quae
1093 3726 1170 3778 sunt
1190 3711 1331 3795 partium

155 3821 284 3905 propria
316 3823 357 3888 ad
383 3836 518 3902 totum,
553 3837 748 3890 nontamen
773 3840 810 3890 ut
836 3838 966 3908 totum,
991 3824 1190 3910 dirigantur:
1224 3843 1331 3906 neque

156 3947 222 3998 tum
254 3952 465 4018 personarum
496 3936 631 4020 merita,
666 3937 725 4003 sed
750 3957 856 4004 rerum
877 3951 934 4004 aut
953 3936 1119 4003 actionum
1152 3937 1245 4004 valor
1276 3956 1331 4002 ex-

154 4045 251 4128 pendi
283 4047 392 4113 debet.
438 4047 526 4113 Hinc
550 4049 691 4133 praemia
709 4067 900 4134 poenaeque
919 4049 1135 4118 descendunt.
1183 4047 1270 4115 Nam
1300 4063 1332 4113 et

156 4252 350 4264 Μ

191 4383 242 4432 ¹v.
263 4386 328 4432 Plut.
354 4397 430 4434 conv.
456 4387 474 4433 l.
499 4387 522 4432 8.
540 4397 562 4432 c.
581 4398 604 4433 a.
625 4383 680 4449 [p.'
693 4397 750 4448 719.
768 4386 792 4434 b.
811 4397 835 4435 et
853 4385 887 4450 c.]
925 4384 1029 4436 ’Arist
1048 4388 1079 4436 de
1094 4400 1158 4435 mor.
1177 4388 1208 4435 ad
1226 4385 1328 4435 Nicom.

155 4475 251 4531 bec.
276 4489 299 4532 5·
327 4471 1114 4540 [1¹·113¹1.1.vs.a.]¹1.1.ffdeoblig.[D.44.7.t.]
1149 4475 1292 4527 turiseo.
1313 4480 1330 4526 l.

184 4573 205 4616 5·
224 4562 248 4609 6.
265 4573 356 4622 etseq.
373 4561 411 4623 [p.
433 4575 502 4620 1130.
523 4577 543 4614 t·
558 4577 596 4613 vs.
613 4577 637 4626 9.
653 4567 736 4629 seqq]
