3310 5482
312 629 331 669 x
370 610 372 614 ’
794 626 979 668 numerurm.

310 820 355 860 res
376 805 570 874 iniquissima,
591 811 627 858 nt
646 799 751 857 Indiae
772 804 935 858 commercio
956 801 1182 869 abstineremus,
1199 813 1318 876 partem
1339 802 1398 876 ejus
1410 821 1480 860 com-

311 910 464 974 mentarii,
494 909 525 964 in
554 922 613 976 qua
642 915 781 962 ostensum
810 915 879 961 erat
908 923 958 961 nec
979 905 1065 978 jare,
1094 924 1144 961 nec
1160 907 1311 980 probabili
1330 908 1387 964 ullo
1402 907 1481 982 juris

311 1013 401 1069 colore
430 1013 488 1068 niti
514 1007 593 1066 lonc
616 1009 856 1083 postulationem,
887 1026 1008 1066 seorsum
1038 1008 1120 1066 edere
1151 1014 1247 1068 statui
1274 1009 1374 1068 Maris
1395 1011 1483 1069 liberi

310 1119 434 1184 nomine,
463 1111 513 1170 hoc
533 1117 628 1170 animo
649 1129 684 1168 ac
705 1125 767 1187 spe,
796 1123 830 1168 ut
851 1123 881 1169 et
902 1117 1006 1171 nostris
1026 1118 1155 1170 animum
1175 1113 1327 1184 adderem,
1356 1114 1483 1187 nequid

308 1219 343 1277 de
373 1215 604 1292 manifestissimo
629 1216 700 1291 jure
730 1214 917 1287 decederent,
955 1227 985 1274 et
1016 1221 1168 1292 experirer
1198 1235 1238 1275 an
1270 1220 1310 1275 ab
1341 1217 1480 1293 Hispanis

309 1325 435 1381 obtineri
456 1333 566 1397 posset,
593 1332 629 1378 nt
658 1337 776 1380 causam
798 1338 853 1377 non
873 1332 992 1378 tantum
1012 1321 1194 1380 validissimis
1214 1327 1412 1396 argumentis,
1433 1322 1483 1380 sea'

308 1439 339 1486 et
354 1427 539 1502 popularium
559 1442 672 1482 suoram
692 1428 875 1482 auctoritate
889 1425 1062 1498 jugulatam
1083 1437 1208 1499 agerent
1217 1427 1307 1501 paulo
1318 1432 1480 1485 remissius:

309 1549 428 1605 quorum
448 1542 603 1602 utrumqne
622 1545 748 1586 successu
771 1547 825 1585 non
846 1533 956 1586 caruit.

349 1737 444 1797 Nobis
465 1735 635 1812 persuadere
646 1753 706 1793 non
718 1752 882 1811 possumus,
904 1737 988 1794 Mare
999 1736 1140 1806 liberum,
1161 1749 1195 1795 ut
1207 1738 1328 1796 Grotius
1340 1736 1479 1807 affirmat,

309 1844 339 1900 in
367 1841 553 1900 conditiones
580 1839 765 1898 induciarum
793 1840 853 1898 vim
882 1840 1007 1912 aliquam
1033 1840 1205 1898 exercuisse.
1246 1840 1383 1900 Fruinius
1403 1845 1480 1901 clare

309 1945 487 2004 demonstrat
507 1947 678 2018 opusculum
700 1946 761 2002 sine
782 1945 932 2019 scriptoris
954 1945 1070 2002 nomine
1092 1947 1242 2019 vulgatum
1254 1947 1340 2003 initio
1351 1947 1480 2004 homines

307 2067 409 2125 parum
430 2050 569 2118 movisse,
590 2065 643 2105 nec
664 2047 823 2122 quidquam
845 2048 1039 2118 continuisse,
1060 2047 1141 2121 quod
1161 2051 1293 2107 novitate
1311 2067 1360 2107 sua
1370 2051 1479 2108 animos

308 2157 497 2228 percelleret:
528 2153 643 2227 aliquot
664 2154 746 2210 annis
768 2164 833 2226 post
855 2151 985 2220 demum,
1007 2169 1072 2210 cum
1094 2153 1171 2210 inter
1193 2139 1295 2226 Belgas
1317 2165 1347 2211 et
1367 2156 1479 2228 Anglos

308 2256 344 2316 de
366 2259 486 2331 Anglici
509 2258 592 2314 maris
613 2255 743 2314 dominio
765 2255 983 2331 disputabatur,
1002 2273 1136 2329 magnum
1155 2273 1258 2314 nomen
1276 2256 1412 2331 adeptum
1428 2268 1480 2316 est.

350 2362 460 2436 Sponte
481 2361 669 2434 intelligimus
691 2362 878 2435 scriptorem,
898 2359 976 2418 edita
987 2360 1056 2417 libri
1067 2371 1164 2434 parte,
1185 2359 1220 2418 de
1231 2363 1350 2435 reliquis
1361 2360 1479 2420 edendis

307 2484 366 2526 non
387 2468 509 2526 ulterius
531 2467 681 2539 cogitasse.
723 2467 860 2524 Fruinius
877 2466 959 2538 jure,
978 2476 1013 2523 ut
1024 2467 1147 2539 opinor,
1168 2468 1330 2540 suspicatur
1341 2467 1478 2524 Grotium

306 2573 362 2645 jam
391 2589 428 2630 ex
457 2573 509 2628 illo
540 2581 671 2644 tempore
698 2587 771 2643 opus
799 2568 835 2626 de
861 2569 926 2642 jure
955 2570 1083 2644 gentium
1113 2568 1282 2627 meditatum
1303 2587 1378 2640 esse,
1398 2568 1479 2643 quod

307 2677 412 2751 partim
432 2691 448 2732 e
469 2675 649 2748 Dogmaticis
678 2673 713 2731 de
741 2674 807 2747 iure
837 2672 958 2747 praedae
988 2673 1175 2730 confecturus
1196 2685 1285 2744 esset,
1305 2685 1334 2731 et
1355 2672 1478 2730 sedecim

307 2781 389 2837 annis
411 2790 477 2853 post
499 2778 637 2836 confecit.
679 2777 739 2834 Tot
760 2794 849 2834 annos
872 2777 960 2834 fuisse
979 2777 1054 2834 inter
1066 2778 1189 2850 primum
1201 2777 1261 2850 ejus
1272 2777 1313 2834 rei
1325 2779 1478 2835 consilium

307 2896 337 2942 et
358 2884 590 2950 exsecutionem,
612 2882 684 2939 nihil
696 2880 829 2955 estquod
841 2881 995 2939 miremur:
1017 2881 1104 2939 initio
1114 2883 1287 2954 multiplicia
1298 2883 1479 2956 magistratus

235 3042 238 3049 .
306 3005 441 3057 munera,
462 2999 528 3061 post
549 2987 627 3046 vitae
648 3003 745 3058 casus,
765 3003 837 3059 quos
859 3002 943 3043 nemo
964 2985 1096 3059 ignorat,
1117 2986 1185 3044 huic
1197 2986 1288 3044 labori
1299 3003 1400 3047 vacare
1411 3003 1477 3045 eum

306 3110 365 3152 non
387 3094 530 3151 siverunt.

347 3199 473 3255 Constat
485 3195 601 3254 Indicae
615 3195 767 3254 Societatis
778 3207 924 3262 rectores,
945 3194 1046 3252 eodem
1058 3196 1116 3252 fere
1128 3205 1275 3268 tempore,
1296 3211 1372 3251 anno
1387 3195 1476 3264 1610,

307 3303 383 3360 inter
405 3319 433 3359 se
454 3299 625 3358 deliberasse
654 3318 689 3358 an
719 3301 826 3358 Grotio
855 3297 1041 3369 mandarent,
1068 3310 1102 3357 ut
1131 3298 1247 3357 Indicae
1272 3299 1478 3372 negotiationis

306 3407 456 3466 historiam
484 3405 691 3463 conscriberet.
734 3404 879 3477 Suspicari
908 3405 977 3462 licet
999 3405 1092 3477 ipsum
1114 3404 1251 3462 Grotium
1273 3415 1421 3462 auctorem
1442 3403 1478 3460 iis

306 3512 412 3580 fuisse,
439 3521 474 3568 ut
504 3509 661 3567 Historicis
683 3525 699 3566 e
722 3508 940 3566 Commentario
969 3507 1005 3565 de
1031 3507 1095 3581 jure
1127 3506 1247 3581 praedae
1268 3506 1303 3563 ad
1325 3508 1398 3565 hanc
1417 3523 1477 3564 rem

304 3625 448 3674 uteretur.
489 3613 549 3672 Res
570 3624 678 3671 eventu
700 3613 804 3671 caruit.

347 3721 380 3777 ln
410 3719 549 3776 universo
577 3733 665 3791 opere
695 3717 812 3774 maximi
846 3717 934 3791 pretii
966 3728 1034 3774 sunt
1065 3716 1248 3789 Dogmatica.
1290 3716 1370 3774 Haec
1401 3716 1476 3774 enim

305 3824 487 3898 principium
515 3833 582 3880 sunt
604 3832 634 3878 et
655 3821 719 3878 fons
740 3820 921 3878 celeberrimi
943 3819 978 3878 de
998 3820 1062 3894 jure
1082 3820 1151 3876 belli
1174 3836 1206 3876 ac
1228 3821 1305 3893 pacis
1327 3820 1405 3878 libri.
1447 3821 1476 3878 Si

305 3939 462 4001 utrumque
492 3926 599 3983 librum
629 3926 706 3982 inter
733 3941 761 3982 se
790 3925 937 3994 conferas,
965 3925 996 3981 in
1027 3927 1128 3982 oculos
1160 3925 1288 3982 incurrit
1318 3925 1369 3998 Jus
1399 3925 1477 3998 pacis

305 4043 406 4106 postea
427 4030 606 4104 Dogmaticis
634 4027 670 4086 de
697 4029 761 4103 iure
790 4029 859 4086 belli
881 4026 1100 4102 superadditum
1120 4045 1196 4096 esse,
1218 4027 1342 4102 indeque
1362 4027 1424 4086 fieri
1444 4040 1477 4087 ut

306 4137 425 4194 alterius
446 4136 542 4208 operis
564 4144 660 4207 partes
682 4135 776 4191 minus
797 4133 871 4191 bene
893 4134 970 4190 inter
992 4149 1021 4190 se
1041 4144 1160 4206 aptatae.
1176 4134 1234 4191 sint
1255 4142 1284 4190 et
1295 4133 1478 4191 cohaereant.

345 4242 411 4314 Ipsa
436 4239 509 4312 juris
537 4239 667 4311 gentium
697 4236 851 4311 disprlina
871 4238 902 4294 in
924 4248 1052 4312 utroque
1072 4253 1161 4311 opere
1181 4236 1278 4294 eadem
1299 4249 1352 4295 est.
1392 4237 1477 4295 Libri

306 4347 328 4404 si
350 4342 421 4419 quid
442 4342 626 4417 discrepant,
647 4343 677 4399 in
700 4341 792 4398 forma
813 4340 967 4399 discrimen
989 4343 1136 4410 cernitur,
1159 4359 1217 4399 non
1239 4343 1268 4399 in
1291 4358 1331 4400 re.
1362 4343 1477 4400 Auctor

306 4450 401 4508 senior
434 4449 528 4507 factus
560 4451 623 4522 plus
655 4445 829 4520 prudentiae
860 4445 995 4516 adhibet,
1033 4449 1127 4506 minus
1158 4447 1289 4505 absolute
1328 4447 1478 4520 loquitur,
