3362 5504
336 615 398 674 282
619 627 666 674 ort
688 627 783 693 June
809 626 1209 674 rnnnnan.cxt>.x111.

338 782 428 848 Ordo
451 783 490 849 id
510 786 676 869 negotium
695 781 787 847 dedit
808 786 828 845 ¹.
877 781 964 846 Cum
989 801 1066 866 ergo
1091 781 1158 848 sint
1180 780 1342 847 Ordinum
1367 781 1511 862 subditi,

334 894 375 960 de
397 894 519 978 quibus
541 879 730 976 loquimur,
764 893 885 958 sufficit
918 892 1007 973 illis,
1042 894 1135 975 quod
1166 894 1288 960 bellum
1311 894 1351 959 ab
1375 892 1514 959 Ordini-

204 1021 322 1120 tysim:
335 1006 398 1072 bus
430 1020 555 1090 gestum
589 1025 655 1070 non
688 1004 875 1069 existimant
908 1004 1067 1088 injustum
1100 1025 1193 1086 esse,
1227 1004 1255 1071 si
1286 1005 1385 1071 modo
1406 1005 1452 1071 ‘in
1474 1025 1513 1070 ea

204 1133 247 1175 111·
335 1116 490 1200 opinione
523 1137 589 1182 non
622 1131 672 1196 est
705 1136 796 1183 error
829 1115 1074 1181 inexcusabilis.
1130 1116 1256 1182 Omnes
1295 1130 1402 1182 autem
1437 1115 1513 1198 pios

334 1243 434 1312 atque
453 1228 624 1312 religiosos
647 1227 737 1294 cives
760 1227 899 1310 (horum
921 1227 1007 1293 enim
1029 1245 1126 1292 causa
1145 1227 1297 1293 instituta
1317 1242 1366 1293 est
1385 1227 1511 1306 orat10,

333 1339 451 1406 caeteri
474 1339 565 1424 digni
588 1359 654 1404 non
677 1353 778 1420 sunt,
812 1358 955 1420 quorum
978 1338 1061 1405 ratio
1085 1340 1263 1424 habeatur)
1287 1358 1354 1405 non
1376 1339 1512 1406 credere

334 1453 457 1518 bellum
481 1452 544 1518 hoc
570 1471 640 1518 esse
672 1450 832 1534 injustum
857 1449 1040 1517 certissimo
1062 1466 1254 1536 argumento
1275 1450 1512 1530 convincitur,

334 1563 414 1645 quia
436 1564 527 1628 salva
549 1561 750 1628 conscientia
780 1581 876 1627 nemo
898 1575 1010 1644 potest
1036 1561 1191 1630 interesse
1214 1563 1322 1643 bello,
1345 1562 1437 1644 quod
1461 1562 1512 1626 in·

331 1675 459 1759 justum
495 1673 604 1739 credat
637 1688 670 1738 et
701 1675 765 1738 tale
791 1673 913 1739 bellurn
945 1693 1007 1756 pro
1039 1673 1110 1740 suis
1143 1673 1271 1740 viribus
1307 1688 1512 1740 sustentare:

335 1785 427 1867 quod
451 1784 500 1851 illi
520 1805 595 1850 cum
617 1783 767 1866 faciunt,
789 1798 823 1849 et
844 1783 978 1866 quidem
1001 1803 1069 1850 non
1089 1784 1267 1869 gravatim,
1298 1786 1381 1851 bene
1406 1803 1441 1849 se
1471 1783 1513 1850 de

336 1897 423 1963 bello
446 1895 565 1964 sentire
587 1911 750 1962 testantur
770 1896 793 1963 ¹.
816 1895 899 1981 Ejus
928 1911 1039 1962 autem
1062 1895 1283 1979 persuasionis
1314 1915 1411 1977 quam
1443 1914 1512 1960 non

335 2007 546 2090 improbanda
569 2006 613 2072 sit
634 2007 742 2086 ratio,
777 2027 818 2072 ex
842 2006 895 2072 his
919 2027 1004 2088 quae
1025 2007 1065 2072 de
1089 2027 1186 2072 causa
1204 2007 1282 2073 belli
1305 2007 1405 2072 modo
1425 2005 1512 2071 dixi·

335 2139 408 2184 mus
438 2118 535 2184 facile
563 2117 675 2200 quivis
706 2117 871 2203 intelligit.
924 2117 967 2182 Et
1001 2117 1154 2199 quamvis
1185 2139 1235 2184 res
1266 2117 1368 2184 dubia
1402 2131 1511 2198 esset,

336 2245 442 2296 tamen
469 2229 503 2294 in
536 2228 691 2313 ambiguo
722 2228 888 2310 sequenda
909 2227 994 2295 foret
1016 2229 1226 2313 magistratus
1245 2228 1446 2320 auctoritas,
1479 2243 1513 2293 et

336 2340 470 2422 quidem
500 2343 571 2424 ejus
603 2340 660 2422 qui
692 2360 841 2407 summus
869 2342 933 2406 hoc
965 2343 1041 2406 loco
1074 2355 1107 2406 et
1137 2355 1283 2422 tempore
1311 2339 1511 2424 agnoscitur.

335 2451 442 2533 Atqui
465 2451 645 2531 Hollandi,
667 2466 705 2516 ut
726 2451 893 2533 diximus,
916 2451 1078 2517 neminem
1091 2452 1191 2518 hodie
1203 2450 1301 2516 alium
1314 2466 1511 2534 agnoscunt.

336 2564 444 2627 Bonae
478 2561 578 2646 igitur
610 2561 686 2626 fidei
710 2565 886 2627 bellatores
921 2563 1074 2630 censendi
1098 2578 1176 2628 sunt
1204 2581 1271 2628 non
1304 2562 1354 2626 illi
1387 2561 1511 2642 modo,

337 2675 395 2756 qui
418 2693 506 2739 nune
529 2674 688 2738 adversus
708 2673 913 2755 Lusitanos,
942 2674 1000 2740 sed
1030 2689 1062 2739 et
1090 2675 1148 2756 qui
1171 2673 1249 2738 olim
1271 2673 1427 2738 adversus
1450 2673 1512 2737 Al·

336 2787 454 2851 banum
474 2785 650 2868 ipsumque
671 2784 751 2849 adeo
763 2784 953 2868 Philippum
976 2786 1170 2850 auctoritate
1189 2785 1323 2868 publica
1346 2784 1511 2850 Ordinum

203 2915 422 3013 grootemaarma
442 2909 638 2962 sumserunt.
685 2896 753 2962 Res
785 2896 854 2979 ipsa
879 2896 987 2979 poscit
1010 2896 1064 2962 hic
1086 2896 1217 2979 reprimi
1247 2895 1376 2962 foedam
1401 2911 1434 2960 et
1462 2895 1512 2960 in-

226 3003 230 3014 '
336 3007 451 3092 genuis
482 3008 675 3073 hominibus
696 3007 862 3092 indignam
888 3007 1108 3073 adulationem
1131 3027 1263 3087 eorum,
1298 3007 1357 3088 qui
1381 3007 1449 3072 nati
1478 3007 1512 3070 in

335 3122 399 3185 hoc
419 3119 596 3199 videntur,
618 3135 656 3184 ut
676 3119 799 3202 optima
822 3119 918 3184 etiam
939 3119 1128 3202 Principum
1150 3118 1280 3203 ingenia
1292 3131 1513 3201 corrumpant.

334 3232 384 3296 Ita
406 3231 490 3296 enim
514 3230 656 3311 docent,
680 3231 802 3296 nullam
825 3231 948 3314 justam
971 3250 1040 3297 esse
1064 3251 1192 3296 causam
1216 3230 1404 3296 rebellandi.
1443 3229 1513 3316 Qui

336 3342 363 3407 si
385 3341 470 3407 serio
492 3357 593 3426 agunt
615 3357 647 3408 et
669 3343 733 3407 hoc
754 3345 874 3408 volunt
898 3342 1028 3422 dicere,
1062 3342 1133 3408 fieri
1153 3361 1221 3408 non
1243 3361 1339 3424 posse
1364 3357 1403 3406 ut
1422 3342 1514 3425 justa

336 3452 380 3517 sit
400 3453 510 3534 aliqua
533 3472 630 3517 causa
649 3453 856 3520 desciscendi
876 3453 916 3518 ab
941 3473 1002 3533 eo,
1035 3452 1094 3534 qui
1115 3453 1272 3535 Princeps
1292 3453 1358 3532 sit,
1384 3451 1512 3532 fuerit,

336 3563 411 3630 inve
434 3583 507 3629 eum
529 3584 616 3629 arma
638 3564 816 3644 movendi,
851 3564 985 3629 turbant
1012 3564 1158 3629 omnium
1188 3583 1360 3648 regnorum
1381 3582 1514 3645 posses·

337 3676 471 3756 siones,
505 3695 578 3741 cum
608 3676 736 3742 nullum
766 3674 836 3740 fere
856 3673 1028 3757 imperium
1049 3676 1148 3740 hodie
1181 3676 1268 3758 apud
1291 3675 1423 3740 eosdem
1445 3674 1513 3756 sit,

336 3787 426 3869 apud
455 3807 540 3868 quos
572 3788 650 3853 olim
680 3787 755 3854 fuit.
801 3787 838 3851 In
874 3786 926 3852 his
949 3801 1055 3851 autern
1089 3806 1228 3868 quorum
1257 3806 1351 3852 causa
1375 3785 1513 3851 omnino

336 3898 427 3963 nulla
456 3918 526 3965 esse
555 3899 690 3982 potuit,
713 3920 753 3965 ne
778 3897 961 3983 longissimi
985 3897 1117 3980 quidem
1141 3898 1297 3980 temporis
1319 3897 1513 3981 exceptione

372 4205 378 4236 ¹
398 4208 414 4254 l.
428 4207 490 4255 item
507 4220 594 4256 eorum
609 4207 634 4254 θ’.
650 4210 720 4267 quod
741 4206 864 4266 cujusque
889 4207 959 4254 univ.
978 4217 1054 4254 mom.
1076 4207 1119 4270 [D.
1139 4219 1161 4264 3.
1179 4222 1203 4268 4.
1222 4206 1258 4270 6.]
1279 4209 1353 4255 Adde
1370 4209 1430 4269 Joh.
1451 4207 1513 4255 Fab.

338 4300 398 4346 lnst.
417 4299 448 4346 de
466 4312 549 4359 poena
567 4311 626 4347 tem.
642 4299 679 4346 lit.
696 4303 727 4348 ad
742 4301 762 4361 5.
782 4298 902 4347 omnium.
919 4299 951 4359 [Ι.
965 4313 988 4360 4.
1005 4299 1043 4346 16.
1057 4299 1078 4358 §.
1095 4299 1131 4360 3.]
1143 4310 1168 4347 et
1177 4301 1194 4346 l.
1203 4298 1510 4359 necessariumpdeinde

337 4389 362 4436 ff.
384 4391 416 4438 de
439 4392 502 4452 orig.
525 4390 597 4448 juris.
624 4393 654 4456 [l.
673 4407 696 4440 2.
716 4395 736 4450 ξ.
754 4393 777 4439 6.
796 4392 827 4436 Ι).
847 4403 868 4437 1.
889 4390 923 4450 a]
945 4388 970 4420 =2
988 4391 1018 4436 V.
1037 4404 1098 4449 quae
1122 4390 1231 4438 diximus
1253 4403 1275 4437 c.
1292 4401 1316 4446 7.
1332 4389 1405 4436 add.
1422 4399 1511 4444 art.3.

336 4481 380 4528 ubi
404 4484 445 4530 all.
465 4495 488 4530 c.
510 4483 634 4545 Julianus.
655 4497 692 4532 11.
705 4498 730 4541 q.
746 4495 769 4539 3.
785 4485 873 4545 [Decr.
890 4483 958 4532 Grat.
976 4498 1002 4542 p·
1021 4496 1043 4529 2·
1065 4495 1102 4529 ¹1·
1121 4494 1144 4538 3·
1161 4481 1215 4541 94·]
