3310 5482
352 623 394 668 20
667 615 714 662 DE
736 613 830 681 JURE
855 611 1041 662 Phalanna.
1064 613 1144 660 CAP.
1168 613 1208 660 11.

351 773 430 842 boni
456 769 638 839 communis
660 770 761 856 gratia
773 769 803 851 ¹,
827 768 851 833 i.
864 788 891 834 e.
904 766 944 833 ad
956 787 989 834 sc
1000 767 1151 833 tuendam
1163 781 1277 833 mutua
1289 787 1351 850 ope
1363 784 1395 833 et
1412 767 1525 850 acqui-

352 885 451 954 renda
476 883 596 970 pariter
621 903 678 963 ea,
702 901 785 964 quae
805 880 845 945 ad
865 879 1043 946 vivendum
1065 879 1244 946 necessaria
1263 894 1342 946 sunt
1361 880 1524 946 sufficiens

202 1012 340 1074 unauna
353 997 553 1076 multitudo,
577 993 765 1080 respublica
788 991 911 1056 dicitur
935 1005 966 1056 et
986 989 1106 1075 singuli
1130 990 1163 1057 in
1184 1010 1221 1055 ea
1241 995 1336 1059 aines.

200 1077 224 1114 η
238 1066 306 1115 ava.
395 1109 529 1176 Initium
551 1105 628 1171 huic
649 1103 757 1170 ordini
778 1125 800 1168 a
823 1100 893 1167 Deo
912 1106 1090 1189 principe,
1114 1105 1173 1186 qui
1200 1123 1320 1166 omnem
1333 1081 1524 1168 nuncnun-

352 1219 429 1288 dum
463 1222 574 1307 ragit,
609 1219 664 1281 cui
695 1214 784 1280 nihil
806 1211 1043 1300 quodquidam
1065 1211 1305 1296 interrisfiat
1326 1235 1390 1279 asse
1411 1231 1523 1301 accep-

352 1335 419 1396 tius
446 1328 635 1414 philosophi
659 1325 670 1360 ²
689 1324 918 1408 prodiderunt,
943 1345 1042 1409 quam
1065 1322 1206 1388 concilia
1229 1336 1401 1409 coetusque
1420 1327 1523 1389 homi-

353 1464 447 1520 num,
472 1463 557 1528 quaa
578 1442 731 1506 ciuitates
753 1435 982 1523 appellantur.
1028 1435 1126 1499 Hanc
1155 1434 1276 1521 legam,
1300 1437 1357 1500 hoa
1371 1437 1456 1521 jus,
1485 1453 1524 1502 ut

318 1595 321 1604 ·
351 1552 461 1636 inquit
483 1551 618 1618 Tullius
631 1545 664 1630 ³,
685 1549 847 1636 Juppiter
871 1550 939 1633 ipsa
960 1549 1098 1626 sanxit,
1122 1559 1159 1609 at
1183 1549 1293 1611 amnia
1306 1551 1522 1634 *quaeraipu-

351 1664 457 1730 blicaa
476 1663 649 1728 salutaria
672 1672 774 1726 assant
796 1640 949 1746 legitima
970 1670 1001 1722 at
1013 1658 1112 1742 justa
1132 1657 1349 1723 haberentur.
1399 1659 1437 1723 In
1458 1660 1522 1724 hoc

350 1794 462 1841 omnes
487 1773 555 1839 fere
576 1785 687 1859 gentes
710 1769 943 1850 consentiunt,
978 1787 1061 1849 quae
1082 1781 1188 1833 totum
1211 1787 1268 1850 per
1287 1769 1399 1834 orbem
1419 1768 1453 1834 in
1475 1785 1523 1835 ta-

346 1887 394 1952 les
424 1898 605 1950 conventus
628 1881 822 1947 distributae
846 1879 1125 1962 conspiciuntur,
1149 1879 1194 1944 ita
1212 1894 1250 1944 ut
1274 1879 1332 1945 vix
1351 1880 1523 1948 hominum

348 1996 479 2062 nomine
501 1994 592 2080 digni
617 1993 813 2074 videantur,
838 1991 896 2074 qui
917 1991 956 2055 ab
969 1990 1033 2056 isto
1046 1990 1199 2057 instituto
1212 1991 1407 2074 abhorrent,
1421 2013 1524 2076 quare

348 2107 494 2174 omnium
517 2105 711 2190 probrorum
734 2103 827 2187 quasi
849 2117 1026 2170 extremum
1048 2115 1096 2168 est
1118 2101 1206 2167 illud
1228 2099 1261 2167 ⁴:

600 2221 750 2304 ἀφρήτωρ,
772 2219 942 2298 ἀθέμιστος,
966 2217 1101 2289 ἀνέστιος.

491 2327 554 2392 Ille
573 2326 693 2407 exlex,
716 2328 771 2391 cui
790 2324 886 2390 nulla
906 2324 1014 2389 tribus
1035 2322 1185 2408 nullique
1200 2337 1352 2409 penates.

389 2438 538 2505 Accessit
560 2436 724 2503 communi
747 2451 879 2502 naturae
906 2436 1065 2500 humanae
1085 2434 1212 2520 judicio
1236 2435 1439 2522 singulorum
1458 2459 1520 2504 vo-

346 2550 475 2628 luntas,
504 2569 588 2630 quae
620 2563 677 2613 aut
706 2547 808 2631 pactis
835 2545 1005 2612 conventis
1039 2559 1077 2610 ut
1099 2545 1219 2626 initio,
1254 2562 1311 2612 aut
1333 2548 1431 2612 tacita
1453 2548 1520 2634 sig-

344 2658 532 2726 nificatione
572 2672 610 2724 ut
647 2673 760 2741 postea
802 2657 1020 2724 demonstrata
1062 2671 1134 2739 est,
1179 2658 1331 2723 nimirum
1369 2679 1442 2725 curn
1483 2680 1518 2725 se

345 2771 487 2853 quisque
520 2770 561 2835 ad
594 2790 713 2853 corpus
733 2770 799 2853 jam
829 2768 1026 2834 constitutae
1052 2769 1250 2851 reipublicae
1273 2785 1460 2854 aggregaret
1479 2775 1515 2835 ⁶:

344 2881 433 2969 Quia
461 2901 536 2947 cum
569 2901 670 2947 unum
703 2895 735 2946 et
764 2899 953 2962 permanens
977 2899 1095 2962 corpus
1115 2879 1159 2944 sit
1182 2902 1221 2946 ex
1241 2881 1394 2947 instituto
1417 2881 1518 2948 ratio·

342 2993 393 3059 nis
425 2992 633 3076 respublica,
667 2991 726 3057 etsi
759 2991 906 3074 partibus
938 2990 1097 3067 discreta,
1122 3011 1189 3056 uno
1213 2994 1287 3076 jure
1306 2992 1428 3058 censeri
1448 3008 1517 3058 tota

343 3104 439 3170 debet
459 3102 482 3168 ⁶.
527 3105 565 3170 In
588 3105 648 3169 hac
668 3116 775 3167 autem
798 3101 1034 3179 universitate,
1059 3122 1143 3184 quae
1161 3122 1294 3187 magnae
1313 3102 1402 3168 illius
1424 3106 1517 3170 velut

343 3213 507 3297 quoddam
527 3213 756 3297 compendium
777 3227 848 3294 est,
873 3233 971 3295 opera
994 3212 1049 3277 illa
1072 3213 1246 3295 utriusque
1265 3213 1411 3298 justitiae
1431 3217 1518 3280 mul-

341 3340 376 3390 to
400 3324 519 3390 clarius
549 3338 715 3408 apparent.
769 3323 857 3389 Nam
879 3327 1092 3410 assignatrix
1113 3325 1334 3407 possessiones
1368 3313 1517 3408 publicas

341 3455 401 3521 pro
432 3435 589 3521 dignitate
623 3435 785 3520 cujusque
816 3434 959 3500 dominis
981 3434 1138 3502 adscribit
1163 3450 1196 3501 et
1225 3436 1330 3501 officia
1351 3456 1516 3519 oneraque

342 3548 375 3614 in
404 3548 493 3614 cives
522 3566 582 3629 pro
603 3547 731 3614 viribus
753 3546 926 3630 dispertit,
950 3551 1194 3632 compensatrix
1217 3568 1294 3614 vero
1309 3565 1376 3613 non
1389 3562 1516 3614 tantum

344 3659 427 3726 inter
450 3659 598 3743 singulos
624 3658 853 3740 aequalitatem
875 3673 1001 3736 tuetur,
1026 3658 1084 3724 sed
1107 3673 1141 3724 et
1162 3659 1244 3724 bene
1265 3659 1304 3725 de
1324 3659 1428 3743 patria
1448 3681 1516 3726 me-

341 3769 421 3836 ritos
442 3771 566 3836 honore
588 3785 620 3834 et
648 3769 799 3853 praemiis
831 3784 1054 3836 remuneratur
1084 3784 1116 3834 et
1138 3769 1171 3834 in
1192 3790 1364 3837 commune
1388 3789 1512 3837 nocen-

340 3881 428 3948 tibus
463 3881 504 3947 ad
534 3899 654 3964 poenas
689 3880 805 3948 utitur.
850 3880 1029 3968 Quomodo
1063 3895 1170 3945 autem
1202 3882 1341 3962 quaein
1364 3881 1513 3966 singulos

340 3991 426 4061 stunt
447 3992 488 4058 ad
499 4006 639 4058 cunctos
651 3992 834 4076 pertineant
845 3992 952 4058 eadem
967 3991 1081 4076 docet,
1105 4011 1179 4058 cum
1191 4006 1318 4075 praeter
1329 3992 1514 4076 triumphos

373 4251 381 4286 ¹
399 4251 465 4301 Vide
478 4251 554 4311 Apu.
572 4252 604 4300 de
620 4250 683 4311 phil.
700 4251 763 4299 Plat.
782 4249 849 4314 [vol.
865 4264 888 4300 a.
905 4265 932 4313 p.
949 4250 1019 4316 usn]
1039 4252 1094 4300 Cic.
1111 4254 1142 4301 de
1156 4265 1209 4312 rep.
1219 4254 1236 4299 l.
1246 4263 1269 4308 3.
1289 4249 1329 4314 [in
1336 4251 1424 4311 fragm.
1435 4251 1446 4312 5
1457 4250 1511 4315 so]

338 4339 349 4376 ¹
375 4341 430 4392 Cic.
456 4344 540 4390 somn.
565 4341 632 4401 scip.
660 4339 705 4404 [de
731 4355 784 4403 rep.
810 4344 827 4390 1.
854 4342 878 4390 6.
904 4356 927 4391 c.
957 4355 994 4399 13.
1021 4343 1032 4404 5
1058 4341 1109 4407 13.]
1145 4340 1350 4405 ⁸Phi1.11.[c.
1371 4354 1408 4390 12.
1427 4341 1438 4402 5
1458 4339 1511 4404 28.]

336 4431 348 4466 ⁴
365 4433 439 4482 iiom.
459 4431 501 4498 [11.
518 4447 542 4496 9.
560 4445 597 4483 vs.
613 4431 668 4496 ou]
702 4433 820 4481 ⁶Th0m.
840 4447 862 4481 2.
881 4445 904 4482 a.
922 4447 946 4493 q.
964 4435 1005 4495 98.
1024 4444 1069 4481 art.
1086 4446 1111 4494 4.
1128 4434 1204 4493 Vasq.
1213 4446 1236 4481 c.
1246 4435 1286 4480 28.
1295 4447 1320 4481 n.
1333 4436 1371 4482 ιθ.
1405 4432 1511 4492 ⁶1.pro-

335 4525 485 4586 ponebatur.
503 4523 528 4573 ff.
547 4525 578 4574 de
594 4521 648 4581 iud.
667 4521 711 4586 [D.
722 4535 745 4580 5.
757 4537 778 4572 1.
787 4522 841 4587 7⁶·]
877 4525 989 4594 uterum
997 4523 1114 4574 mixtura.
1123 4525 1149 4573 u.
1158 4526 1190 4573 de
1199 4537 1303 4585 usucap.
1315 4522 1359 4588 [D.
1368 4537 1410 4585 41.
1421 4537 1444 4582 s.
1455 4525 1508 4590 so]
