3326 5506
439 591 486 636 na
510 591 603 658 JURE
630 591 815 638 nnnannn.
844 592 925 639 cnr.
950 592 1016 637 xn.
1252 597 1313 660 233

148 742 305 827 possideri
334 746 388 811 vel
408 743 502 827 quasi
519 743 679 828 possideri
702 761 873 827 nequeunt
892 751 927 826 ¹,
948 760 980 812 et
1003 765 1143 828 quorum
1163 746 1315 816 alienatio

147 854 310 938 prohibita
334 870 383 921 est
403 852 425 920 ².
464 856 555 921 Haec
576 870 683 922 autem
705 857 812 923 omnia
827 857 868 922 de
885 856 963 922 mari
985 872 1018 922 et
1037 877 1098 924 usu
1121 858 1217 924 maris
1238 881 1316 926 vere

145 967 310 1034 dicuntur.
363 967 408 1032 Et
440 988 513 1034 cum
546 967 695 1050 publicae
727 987 802 1049 res,
835 970 897 1034 hoc
930 982 980 1036 est
1009 968 1124 1051 populi
1151 969 1315 1054 alicujus,

144 1081 234 1144 nulla
264 1077 420 1162 temporis
449 1078 655 1161 possessione
687 1079 798 1161 quaeri
827 1099 924 1164 posse
946 1078 1097 1147 dicantur
1119 1081 1154 1162 ⁸,
1178 1080 1247 1147 sive
1272 1082 1315 1146 ob

144 1189 188 1256 rei
209 1204 381 1271 naturam,
405 1189 476 1256 sive
497 1191 540 1256 ob
562 1210 672 1255 eorum
696 1190 903 1277 privilegium
928 1190 1084 1258 adversus
1115 1212 1199 1273 quos
1224 1213 1317 1275 prae·

145 1300 279 1383 scriptio
308 1300 370 1366 ista
390 1301 603 1383 procederet,
627 1316 750 1383 quanto
771 1301 895 1387 justius
917 1303 1060 1369 humano
1085 1304 1195 1387 generi
1218 1325 1315 1386 quam

145 1413 202 1478 uni
222 1413 349 1496 populo
370 1411 405 1478 id
425 1411 619 1480 beneficium
643 1413 784 1479 dandum
806 1411 870 1478 fuit
891 1412 924 1478 in
943 1414 1039 1480 rebus
1061 1415 1329 1495 communibus‘i,

146 1525 190 1591 Et
209 1525 275 1590 hoe
300 1539 349 1590 est
374 1523 465 1606 quod
488 1523 686 1606 Papinianus
711 1531 722 1566 ⁴
746 1524 902 1607 scriptum
927 1525 1085 1607 reliquit,
1110 1526 1317 1609 praescripti·

145 1657 238 1703 onem
263 1638 378 1720 longae
398 1633 614 1719 possessionis
635 1635 675 1700 ad
694 1629 872 1704 obtinenda
893 1638 964 1703 loca
984 1636 1070 1721 juris
1089 1636 1234 1721 gentium
1255 1657 1317 1720 pu·

146 1748 230 1814 blica
251 1746 386 1814 concedi
403 1766 469 1813 non
492 1749 620 1827 solere,
645 1747 783 1831 ejusque
805 1748 851 1814 rei
874 1748 1057 1831 exemplum
1070 1746 1170 1816 datin
1186 1748 1315 1830 littore,

146 1860 240 1944 cujus
270 1877 344 1942 pars
367 1857 521 1943 imposito
544 1856 693 1924 aedilicio
717 1873 875 1941 occupata
897 1857 1020 1924 fuerat:
1047 1877 1120 1924 narn
1144 1878 1182 1925 eo
1206 1858 1316 1924 diruto
1344 1856 1346 1861 ’

146 1987 177 2038 et
197 1970 333 2037 alterius
354 1968 503 2036 aedilicio
526 1968 560 2036 in
583 1969 696 2034 eodem
720 1969 794 2036 loco
822 1984 936 2052 postea
957 1984 1125 2036 exstructo
1153 1970 1317 2052 exceptio·

146 2104 218 2150 nem
242 2081 364 2165 opponi
393 2100 459 2148 non
483 2101 596 2164 posse3
621 2080 713 2163 quod
742 2079 858 2146 deinde
882 2080 1096 2148 similitudine
1117 2080 1316 2164 reipublicae

146 2195 306 2261 illustrat:
329 2213 403 2260 nam
424 2206 457 2257 et
478 2191 507 2258 si
526 2191 601 2274 quis
622 2191 655 2257 in
679 2190 825 2259 fluminis
843 2191 1040 2259 diverticulo
1057 2192 1208 2279 pluribus
1224 2193 1317 2260 annis

145 2307 289 2388 piscatus
303 2305 365 2384 sit,
377 2317 490 2387 postea
509 2303 690 2385 interrupta
707 2302 835 2368 scilicet
850 2302 1031 2385 piscatione
1048 2306 1183 2371 alterum
1202 2304 1316 2370 eodem

142 2419 213 2501 jure
242 2415 419 2499 prohibere
445 2434 511 2482 non
534 2434 642 2498 posse.
687 2415 836 2498 Apparet
859 2415 959 2500 igitur
980 2417 1146 2500 Angelum
1167 2421 1180 2458 ⁸
1204 2432 1236 2482 et
1258 2415 1317 2499 qui

145 2549 216 2594 cum
242 2529 374 2611 Angelo
394 2526 568 2607 dixerunt,
590 2526 728 2592 Venetis
750 2541 782 2592 et
801 2525 1024 2611 Januensibus
1042 2548 1098 2610 per
1110 2527 1316 2611 praescripti-

145 2661 238 2706 onem
261 2639 317 2723 jus
338 2639 473 2721 aliquod
492 2637 525 2704 in
548 2637 654 2704 sinum
678 2637 776 2704 maris
797 2657 858 2704 suo
880 2638 985 2705 littori
1004 2641 1237 2724 praejacentem
1264 2659 1317 2705 ac-

145 2751 230 2834 quiri
252 2750 422 2835 potuisse,
446 2764 503 2816 aut
525 2747 593 2815 falli
616 2763 673 2814 aut
700 2748 834 2832 fallere,
860 2750 950 2832 quod
972 2769 1048 2816 sane
1072 2749 1316 2834 jurisconsultis

143 2864 280 2929 nimium
310 2877 359 2928 est
389 2859 567 2943 frequens,
601 2880 674 2926 cum
704 2875 832 2928 sanctae
853 2859 1066 2944 professionis
1089 2861 1312 2927 auctoritatem

143 2994 208 3041 non
229 2974 271 3040 ad
286 2973 427 3040 rationes
447 2988 480 3038 et
490 2973 597 3057 leges,
619 2971 675 3038 sed
685 2972 725 3038 ad
742 2971 876 3056 gratiam
893 2970 1067 3038 conferunt
1082 2973 1313 3056 potentiorum.

145 3087 230 3150 Nam
260 3083 422 3150 Marciani
451 3083 583 3165 quidem
615 3102 829 3165 responsum,
854 3083 893 3149 de
926 3103 993 3166 quo
1015 3099 1047 3150 et
1070 3097 1145 3150 ante
1164 3083 1313 3168 egimu8‚

144 3197 171 3263 si
194 3211 282 3263 recte
305 3215 378 3261 cum
401 3193 570 3278 Papiniani
588 3194 698 3260 verbis
719 3209 945 3277 comparetur,
968 3214 1034 3261 non
1057 3194 1151 3260 aliarn
1170 3195 1314 3278 accipere

145 3321 255 3392 potest
284 3306 582 3390 interpretationem
615 3325 713 3388 quam
742 3326 830 3384 eam,
855 3327 938 3389 quae
962 3320 995 3371 et
1014 3305 1157 3390 Johanni
1181 3307 1259 3372 olim
1283 3321 1315 3372 et

144 3421 277 3486 Bartolo
299 3421 435 3502 probata
467 3433 516 3484 est
540 3431 572 3482 et
594 3437 681 3483 nunc
701 3438 720 3482 a
743 3417 849 3484 doctis
870 3417 1022 3484 omnibus
1044 3415 1055 3456 ⁷
1079 3418 1253 3501 recipitur:
1278 3433 1316 3484 ut

144 3532 270 3599 scilicet
297 3532 353 3616 jus
384 3528 580 3613 prohibendi
612 3529 767 3612 procedat
797 3528 953 3611 quamdiu
988 3530 1083 3596 durat
1117 3529 1313 3612 occupatio,

143 3697 330 3708 u-——nn

176 3789 184 3822 ¹
210 3792 228 3838 l.
252 3789 315 3838 sine.
340 3788 365 3836 ff.
390 3803 421 3837 eo
437 3789 476 3837 tit.
495 3802 517 3837 c.
535 3789 589 3837 sine
606 3802 715 3850 possess.
734 3791 765 3838 de
782 3802 834 3849 reg.
851 3787 899 3846 jur.
919 3787 1057 3852 [Decretal.
1076 3787 1102 3837 in
1120 3786 1156 3838 6⁰.
1176 3801 1198 3844 s.
1219 3803 1257 3837 12.
1276 3788 1310 3853 ³·]

142 3879 187 3929 ²1.
206 3879 368 3930 alienationis
393 3881 420 3928 ff.
444 3882 475 3928 de
500 3879 573 3929 verb.
592 3879 657 3940 sign.
678 3880 722 3942 [D.
742 3893 781 3936 50.
802 3881 841 3929 16.
860 3881 913 3942 nil]
933 3882 950 3928 Ι.
968 3881 989 3930 si
1007 3881 1120 3930 fundum.
1138 3879 1165 3928 ff.
1184 3883 1215 3928 de
1232 3881 1313 3929 fundo

143 3973 195 4019 dot.
215 3971 258 4034 [D.
277 3983 317 4027 2³·
342 3981 365 4026 5.
394 3969 443 4034 16.]
480 3968 523 4018 ²1.
547 3970 723 4032 praescriptio.
742 3973 772 4019 C.
790 3972 821 4019 de
840 3985 911 4030 oper.
929 3970 1000 4030 publ.
1020 3970 1062 4032 [C.
1082 3973 1104 4018 8.
1127 3984 1165 4019 12.
1183 3970 1219 4031 6.]
1239 3973 1255 4018 l.
1275 3971 1313 4020 di·

142 4062 257 4122 ligenter.
272 4063 302 4110 C.
322 4063 353 4110 de
377 4063 543 4122 aquaeductu.
568 4062 611 4122 [c.
640 4075 677 4110 ιι.
701 4075 743 4122 42.
767 4061 805 4125 9.]
832 4064 849 4109 l.
874 4061 949 4110 viam.
967 4061 993 4109 ff.
1011 4063 1042 4109 de
1060 4061 1103 4110 via
1120 4058 1189 4122 publ.
1209 4059 1254 4124 [D.
1271 4074 1313 4122 4³·

145 4167 182 4201 11.
207 4153 244 4214 2.]
280 4153 332 4200 ⁴l.
356 4155 401 4200 ult.
427 4153 453 4201 ff.
478 4154 510 4201 de
532 4166 603 4201 usuc.
628 4154 659 4201 D.
684 4166 725 4213 41.
744 4152 780 4214 s.]
817 4150 916 4200 ⁵cons.
936 4155 992 4214 289.
1009 4154 1092 4200 thema
1108 4154 1158 4200 tale
1176 4163 1228 4199 est:
1247 4152 1313 4200 inter

143 4256 241 4294 caetera
258 4243 368 4304 capitula
385 4245 465 4305 pacis.
498 4242 509 4275 ⁶
527 4247 543 4291 l.
561 4243 582 4292 si
600 4243 741 4305 quisquam.
760 4243 784 4292 ff.
803 4245 833 4291 de
852 4243 905 4292 div.
922 4255 998 4303 temp.
1016 4256 1127 4304 praescr.
1137 4243 1181 4304 [D.
1190 4256 1230 4304 44.
1242 4255 1264 4300 3.
1274 4243 1310 4304 7.]

143 4333 245 4383 ⁷Duar.
265 4325 295 4383 'de
313 4348 384 4384 usuc.
402 4348 425 4383 c.
444 4348 467 4392 3.
486 4333 573 4391 cujac.
591 4337 623 4384 ad
641 4337 664 4384 d.
683 4337 700 4383 l.
718 4337 764 4384 ult.
782 4326 813 4384 <le
831 4348 901 4384 usuc.
921 4335 963 4395 [D.
982 4348 1023 4395 41.
1042 4333 1076 4396 3.]
1096 4335 1198 4381 Donell.
1214 4335 1312 4381 Comm.

144 4429 160 4473 l.
180 4438 202 4481 s.
220 4439 242 4474 c.
262 4439 302 4474 22.
