3310 5482
420 631 466 678 DE
489 632 583 698 JURE
608 632 790 679 nltnsuats.
816 634 896 682 CAP.
920 634 970 680 IV.
1239 631 1277 694 51

118 789 192 853 urbs
215 787 398 854 corumdem
422 808 474 853 res
497 800 598 872 atque
618 791 774 873 pecunias
797 792 920 856 uictori
940 787 1062 854 cadere.
1087 788 1132 854 Et
1153 786 1207 854 hic
1230 803 1279 854 est

116 900 165 965 ille
188 901 320 985 Cyrus,
344 899 397 964 cui
421 918 518 982 regna
541 898 687 978 Orientis
711 899 807 964 armis
831 900 977 982 quaesita
990 899 1082 965 Deus
1095 898 1166 981 ipse
1190 907 1199 940 ¹
1223 898 1279 966 ad·

117 1011 198 1077 dicit.
239 1011 330 1096 Juris
361 1009 507 1094 gentium
535 1010 589 1094 jus
619 1009 697 1076 belli
719 1030 793 1094 pars
816 1025 882 1078 est:
916 1032 1015 1094 quare
1041 1010 1222 1077 Aeschines
1246 1006 1277 1074 ¹:

116 1128 207 1205 εἰμὲν
229 1127 296 1207 πρὸς
318 1127 398 1204 ἡμᾶς
420 1124 591 1204 πολεμήσας
613 1121 785 1204 lapsinosa
802 1126 854 1200 τὴν
872 1124 954 1192 πόλιν
972 1122 1063 1198 εἷλες,
1085 1125 1183 1206 κυρίως
1201 1123 1278 1206 ἔχεις

115 1239 150 1318 τῷ
170 1241 218 1301 τοῦ
240 1235 368 1316 πολέμου
388 1233 463 1316 νόμῳ
486 1232 674 1314 κτησάμενος.
710 1228 807 1315 Quod
831 1237 861 1298 si
888 1232 969 1300 ballo
997 1247 1115 1300 contra
1135 1254 1190 1299 nos
1209 1252 1279 1298 sus·

115 1357 196 1429 cepto
225 1345 338 1410 urbem
367 1346 473 1408 armis
492 1357 625 1428 captam
645 1349 836 1429 occupasti,
864 1357 952 1411 recta
983 1345 1080 1410 illam
1103 1343 1182 1410 belli
1196 1345 1278 1429 jure

91 1454 256 1539 possides.
301 1454 533 1538 Idemquealii
557 1455 637 1540 ’jus
660 1455 818 1522 victoriae
839 1456 993 1523 dixerunt
1018 1455 1278 1541 philosophique

117 1585 219 1634 omnes
238 1569 249 1606 ⁴
269 1567 438 1650 proprium
460 1566 623 1651 quoddam
649 1587 753 1652 genus
777 1568 1006 1650 acquisitionis
1028 1589 1067 1634 ex
1090 1569 1185 1635 hoste
1211 1581 1277 1632 sta-

117 1693 230 1760 tuunt,
254 1679 345 1761 quod
368 1693 424 1744 aut
445 1682 604 1761 πολεμικήν
628 1684 837 1766 antapodasis
860 1695 917 1746 aut
935 1683 1124 1762 dyusssssuis
1143 1693 1200 1744 aut
1216 1705 1279 1762 χεν-

116 1795 224 1872 ρωτνκήν
254 1804 386 1856 vocant.
432 1789 583 1856 Socrates
616 1805 725 1856 autem
759 1790 848 1874 apud
881 1791 1132 1874 Xenophontem
1155 1793 1187 1868 a,
1220 1790 1278 1871 qui

116 1901 238 1968 mosilli
258 1901 324 1968 fuit
342 1901 530 1967 obstetricia
550 1901 688 1984 quadam
710 1917 798 1986 arte,
816 1923 855 1970 ex
867 1904 990 1969 semine
1014 1903 1104 1986 quod
1126 1901 1279 1969 humanis

117 2013 223 2082 animis
233 2013 368 2079 insitum
382 2027 431 2080 est
443 2013 560 2079 elicere
571 2013 765 2096 veritatem,
790 2014 1037 2100 Euthydemnm
1049 2014 1279 2098 interrogando

118 2145 151 2190 eo
169 2126 343 2210 perducit,
367 2139 406 2190 ut
424 2145 497 2190 cum
521 2125 661 2208 spoliare
681 2125 714 2190 in
733 2140 823 2209 parte
843 2126 1022 2210 injustitiae
1038 2140 1193 2210 poneret,
1215 2126 1279 2191 hoc

118 2237 215 2320 ipsum
249 2253 355 2303 tamen
390 2237 423 2302 in
457 2239 552 2304 hoste
573 2236 719 2321 justitiae
742 2252 994 2304 consentaneum
1018 2257 1089 2304 esse
1110 2237 1278 2304 fateretur.

118 2347 158 2414 Et
186 2349 282 2415 Plato
301 2357 341 2428 †:
365 2351 465 2420 asima
486 2358 542 2418 τῶν
563 2352 717 2433 νικωμένων
737 2353 839 2429 sinaiis
869 2358 925 2418 ssia
957 2353 1091 2419 νικώντων
1118 2351 1279 2429 γίγνεσθαι.

117 2459 193 2525 bona
215 2464 327 2527 omnia
350 2481 435 2547 quae
456 2463 564 2527 nictus
587 2461 706 2526 habitis
732 2464 870 2528 uictoris
888 2458 980 2544 fieri.
1023 2457 1122 2526 Unde
1145 2475 1278 2543 apparet

119 2590 205 2651 quam
236 2572 288 2640 illi
311 2571 323 2608 ⁶
344 2573 412 2638 sint
439 2571 564 2654 inepti,
598 2572 655 2654 qui
688 2572 773 2637 bella
804 2571 888 2638 inter
921 2571 1129 2638 Christianos
1163 2572 1280 2654 praeda

118 2685 228 2750 volunt
248 2703 378 2765 carere,
413 2682 477 2748 nisi
500 2681 583 2748 forte
607 2681 662 2749 illa
685 2683 794 2748 omnia
813 2696 931 2766 putant
952 2683 1087 2768 injusta.
1134 2681 1201 2748 Sed
1219 2682 1280 2748 ho-

120 2793 235 2860 minum
259 2794 408 2877 alioquin
431 2794 632 2860 eruditorum
654 2795 714 2861 hac
738 2794 771 2858 in
791 2809 880 2877 parte
893 2793 1053 2860 inscitiam
1074 2793 1127 2859 alii
1146 2813 1281 2876 aperue-

117 2919 186 2970 runt
206 2911 231 2972 ⁷.
278 2906 353 2972 Nos
384 2926 425 2971 ex
455 2904 625 2989 principiis
658 2921 731 2971 ante
765 2905 882 2989 positis
905 2924 969 2970 rem
993 2919 1055 2969 tam
1074 2904 1279 2987 perspicuam

116 3029 285 3099 putamus,
309 3032 348 3083 ut
378 3016 527 3101 longiore
559 3017 781 3101 disputatione
812 3036 878 3082 non
912 3030 1022 3100 egeat:
1058 3015 1140 3097 quin
1163 3029 1195 3081 et
1216 3015 1279 3080 hoc

117 3127 321 3195 animadverti
340 3148 452 3212 posse,
472 3128 619 3195 diversae
639 3128 818 3195 sententiae
838 3142 987 3194 auctores
1008 3147 1048 3192 ne
1067 3126 1131 3192 hoc
1146 3127 1279 3210 quidem

118 3235 239 3321 ipsum,
264 3239 347 3321 quid
369 3253 457 3306 esset
479 3240 615 3323 praeda,
635 3241 719 3306 satis
746 3239 956 3306 intellexisse.
1002 3237 1104 3324 Quod
1131 3253 1238 3305 autem
1262 3259 1280 3304 a

118 3347 200 3415 civili
239 3352 327 3417 bello
361 3367 496 3418 sumunt
529 3367 754 3436 argumentum
791 3351 967 3435 dupliciter
1000 3350 1176 3416 absurdum
1210 3364 1279 3416 est:

118 3460 213 3540 primo
243 3461 328 3528 enim
360 3462 435 3544 quis
456 3462 522 3528 illis
541 3463 722 3543 concedat,
746 3464 831 3528 bella
853 3461 1115 3528 Christianorum
1140 3481 1210 3527 esse
1232 3461 1279 3527 ci·

118 3571 210 3655 vilia,
235 3573 329 3656 quasi
347 3594 425 3639 vero
449 3589 539 3640 totus
560 3575 649 3642 orbis
673 3573 882 3642 Christianus
894 3592 959 3640 una
981 3573 1024 3640 sit
1043 3571 1278 3658 respublica⁸i

117 3771 303 3788 ·-·---

148 3887 255 3940 ¹Esaias
281 3902 329 3940 tot.
354 3904 409 3952 cap.
433 3904 476 3954 45.
511 3890 522 3928 ²
547 3895 579 3942 de
604 3893 659 3942 fals.
685 3894 733 3952 leg.
759 3891 797 3956 [p.
823 3904 863 3949 ³2·
880 3892 893 3953 ς
911 3891 963 3955 aa]
1001 3893 1072 3940 Fabr.
1091 3895 1154 3942 Sem.
1172 3907 1195 3942 a.
1214 3907 1238 3942 c.
1257 3906 1280 3951 s.

119 3977 198 4031 ‘Tae
225 3982 292 4030 Hist.
318 3984 335 4029 l.
359 3996 385 4043 4.
413 3981 449 4046 [c.
468 3982 520 4046 74]
557 3983 655 4032 ⁴Plato
675 3985 750 4043 Soph.
772 3981 809 4046 [p.
828 3996 885 4044 219.
904 3985 929 4032 d.
947 3981 982 4045 e.]
1003 3982 1082 4032 Arist.
1101 3985 1132 4033 de
1150 3997 1201 4043 rep.
1221 3985 1238 4032 1.
1260 3996 1282 4031 1.

119 4083 138 4116 c.
154 4073 175 4120 6.
192 4084 217 4120 et
235 4075 259 4120 8.
280 4071 319 4135 [p.
340 4085 411 4128 1255.
433 4087 453 4122 t.
472 4087 510 4123 vs.
528 4075 543 4122 6
561 4085 586 4122 et
603 4088 628 4134 p,
650 4074 721 4130 asso.
741 4087 763 4122 a.
780 4087 817 4122 vs.
828 4071 879 4136 aa]
892 4085 917 4122 et
927 4073 981 4122 Cic.
992 4075 1023 4122 de
1033 4072 1076 4122 off.
1085 4075 1102 4122 l.
1115 4087 1137 4122 r.
1154 4072 1165 4104 ⁵
1182 4075 1281 4122 comm.

118 4162 133 4207 Ι.
149 4175 170 4222 4.
191 4162 226 4226 [c.
245 4177 269 4211 a.
288 4161 374 4226 §·15·]
411 4162 421 4194 ⁶
440 4165 496 4213 Alc.
514 4164 540 4212 in
558 4167 574 4214 l.
583 4167 677 4214 hostes.
695 4166 726 4213 de
744 4164 814 4212 verb.
832 4164 895 4223 sign.
912 4161 955 4226 [D.
966 4177 1005 4219 50·
1020 4164 1057 4211 16.
1070 4163 1136 4225 118.]
1171 4150 1278 4224 thyara

119 4251 146 4298 de
160 4251 213 4309 iure
231 4254 293 4302 belli
320 4255 337 4302 1.
357 4267 378 4302 1.
397 4267 418 4302 c.
439 4266 462 4310 5.
479 4268 504 4302 n.
523 4269 546 4303 s.
571 4255 683 4303 Bellinus
701 4268 726 4314 p.
745 4268 769 4302 a.
786 4252 825 4302 tit.
846 4257 884 4303 18.
902 4267 928 4303 n.
949 4268 969 4302 1.
990 4252 1028 4316 [in
1047 4256 1141 4302 Ocean.
1158 4251 1206 4310 jur.
1225 4257 1279 4304 vol.

122 4342 155 4394 16.
175 4359 199 4403 p.
224 4343 295 4407 346.]
332 4343 389 4391 ⁸V.
413 4347 489 4406 Vasq.
514 4357 596 4394 contr.
623 4345 660 4394 ill.
679 4359 701 4392 c.
721 4358 751 4392 22
769 4356 794 4392 et
812 4357 866 4404 seq.

148 4433 293 4497 †[Grotius
317 4434 392 4484 nobis
416 4436 443 4484 in
466 4436 576 4496 margine
601 4435 757 4484 indicaverat
783 4434 894 4484 Platonis
922 4449 1001 4495 opus,
1023 4436 1090 4483 unde
1114 4435 1176 4482 haec
1201 4446 1281 4484 sumta

121 4535 178 4573 sunt.
211 4525 295 4575 Hodie
313 4525 378 4573 nihil
396 4539 510 4586 superest
528 4538 628 4586 praeter
648 4525 743 4575 litteras
762 4525 830 4574 ibus:
848 4525 877 4573 da
895 4524 1004 4588 legisses,
1023 4537 1049 4574 ut
1068 4524 1190 4588 videtum]

1110 4617 1149 4696 4*
