3326 5506
325 600 385 664 186
642 617 690 664 on
713 617 806 684 June
833 616 1195 666 proconnesum.

322 771 494 854 utriusque
515 771 645 838 illorum
669 771 746 838 cibo
766 771 977 839 miscuerunt.
1023 773 1175 861 Quorum
1203 772 1260 840 ubi
1279 771 1385 857 capita
1404 773 1496 840 intu-

321 901 483 966 mescere,
507 883 648 950 distendi
678 883 754 964 ilia,
787 884 896 952 adesse
919 884 1056 951 exitium
1080 886 1244 954 Sabander
1264 885 1495 954 Bantamensis

320 993 425 1077 vidit,
450 995 555 1078 lapide
574 994 651 1062 satis
670 1013 769 1075 note,
786 995 840 1061 cui
860 996 984 1062 herbar
999 1016 1139 1078 nomen,
1161 998 1343 1081 periculum
1355 1017 1496 1080 praeve·

320 1105 392 1187 nit,
425 1121 516 1173 tanto
548 1107 614 1173 illis
640 1107 783 1173 sanctior
802 1107 860 1190 qui
890 1108 1154 1175 Christianorum
1176 1129 1212 1174 se
1234 1109 1398 1176 vocabulo
1424 1109 1498 1192 jac-

320 1232 399 1283 tant.
425 1218 616 1284 Cornelium
635 1238 716 1284 vero
738 1218 1032 1302 Hemslcercltium,
1056 1241 1153 1303 quem
1172 1221 1317 1306 magistri
1339 1220 1381 1287 ad
1401 1239 1497 1303 prae·

320 1327 445 1395 fectum
475 1330 568 1396 urbis
598 1332 838 1415 allegaverant,
862 1329 1014 1398 Lusitani
1036 1345 1124 1398 tanta
1151 1333 1276 1416 ubique
1307 1333 1355 1398 ira
1385 1331 1496 1398 rimati

320 1440 548 1523 persecutique
570 1457 670 1522 sunt,
694 1456 731 1508 ut
761 1441 794 1507 in
817 1442 952 1509 aedibus
975 1443 1149 1510 Lacmonis
1176 1442 1324 1510 Sinensis
1353 1446 1496 1528 supplex

322 1552 439 1620 abdere
461 1571 495 1618 se
517 1552 602 1619 inter
624 1571 736 1620 saccos
759 1573 860 1638 oryza
883 1552 1022 1621 refertos
1041 1570 1216 1639 cogeretur
1238 1569 1270 1621 et
1289 1555 1335 1621 ibi
1357 1575 1496 1638 quoque

321 1664 502 1747 inquisitus
523 1665 599 1744 vix,
620 1664 735 1731 habitu
755 1664 885 1732 Sinensi
897 1680 1026 1749 tectus,
1049 1681 1212 1750 praeterea
1224 1667 1443 1734 arundinibus
1454 1668 1496 1734 ab

163 1807 233 1856 Anno
247 1812 308 1853 ,⁶00,
321 1777 452 1859 hospite
470 1777 630 1859 piscatum
650 1777 824 1843 simulante
846 1793 962 1844 vectus
984 1777 1133 1845 evaserit
1178 1779 1232 1844 Sic
1258 1779 1354 1844 etiam
1377 1799 1453 1844 cum
1477 1800 1497 1844 e

321 1890 423 1956 classe
443 1887 564 1955 Neckii
585 1889 730 1956 secundo
754 1889 825 1973 ejus
848 1887 962 1956 itinere
983 1908 1084 1956 naves
1107 1890 1209 1972 duae,
1229 1891 1268 1956 ab
1289 1889 1379 1956 Indis
1403 1891 1496 1958 rede-

322 2016 435 2080 untes,
457 2001 496 2065 ad
516 2000 654 2066 Sanctae
675 2001 817 2066 Helenae
828 2000 996 2068 venissent
1011 2000 1174 2084 insulam,
1190 2021 1258 2084 quo
1269 2017 1339 2067 tum
1352 2016 1498 2084 quatuor

321 2132 421 2179 naves
442 2127 662 2180 convenerant
681 2112 940 2195 Lusitanorum,
967 2112 1080 2179 Batavi
1102 2128 1257 2195 aquatum
1279 2115 1366 2180 ultro
1384 2113 1497 2180 vocati

323 2223 503 2308 dispositos
533 2224 567 2289 in
599 2223 727 2290 insidiis
753 2224 954 2305 Lusitanos,
978 2239 1011 2290 et
1033 2225 1155 2292 multos
1176 2223 1254 2290 satis
1278 2239 1310 2289 et
1331 2239 1497 2305 armatos,

165 2373 234 2418 Am,
250 2380 311 2424 „01⁸
324 2335 381 2418 qui
401 2335 570 2403 venientes
593 2335 718 2402 scilicet
740 2335 992 2418 interciperent,
1016 2353 1224 2419 conspexere.
1259 2336 1361 2422 Quod
1385 2350 1494 2401 autem

174 2427 547 2543 2'2,!’''''¹²‘¹²vehernentius
575 2447 642 2514 odii
666 2466 786 2513 senon
809 2446 968 2530 capientis
991 2447 1173 2529 indicium,
1197 2468 1293 2530 quarn
1324 2447 1417 2530 quod
1437 2448 1493 2513 ad-

322 2578 438 2625 versus
459 2578 577 2639 naves,
601 2559 641 2624 ab
664 2560 777 2624 eodem
789 2558 917 2624 Neckio
931 2559 964 2625 in
975 2559 1124 2625 Ambona
1137 2560 1243 2626 insula
1254 2559 1406 2640 relictas,
1427 2557 1495 2625 fac·

322 2671 451 2736 titatum
476 2671 552 2736 est?
576 2670 786 2738 Publicarant
806 2671 891 2736 enim
914 2671 1065 2737 Lusitani
1077 2672 1235 2756 singulis,
1259 2671 1318 2753 qui
1329 2670 1494 2755 privatum

322 2782 464 2865 aliquem
499 2797 629 2849 nautam
660 2782 925 2862 interfecissent,
958 2784 1139 2848 mercedem
1174 2783 1284 2850 decem
1311 2782 1496 2868 regalium,

324 2910 422 2977 atque
452 2895 496 2960 ita
530 2895 681 2977 deinceps
708 2915 767 2977 pro
799 2894 923 2960 ratione
956 2895 1081 2961 ordinis
1105 2910 1138 2960 ct
1167 2894 1361 2980 dignitatis,
1385 2895 1431 2960 ita
1458 2911 1497 2960 ut

323 3007 380 3090 qui
412 3007 566 3092 praefecti
598 3006 776 3091 (Cornelio
805 3007 1041 3074 Hemslcerclcio
1072 3027 1190 3073 nomen
1215 3010 1301 3093 erat)
1325 3023 1424 3091 caput
1447 3022 1497 3072 at·

323 3120 476 3200 tulisset,
499 3119 587 3185 mille
616 3138 767 3184 nummos
789 3119 962 3202 acciperet.
1009 3119 1074 3186 Sed
1100 3138 1162 3186 nos
1185 3119 1402 3203 Hispanicum
1433 3119 1499 3186 sci-

324 3251 397 3298 mus
420 3232 525 3315 capita
557 3229 684 3296 licitari.
730 3231 886 3298 Nondum
915 3231 993 3296 satis
1015 3247 1074 3297 est.
1118 3230 1207 3297 Audi
1229 3229 1352 3298 factum
1374 3231 1500 3314 quovis

179 3364 248 3409 Anno
262 3363 310 3410 eor.
323 3344 507 3410 Poenorum
535 3343 654 3408 scelere
686 3342 884 3409 sceleratius.
932 3343 961 3408 E
986 3346 1111 3424 classe,
1140 3364 1236 3426 quam
1265 3343 1398 3427 regebat
1421 3344 1498 3408 Ma-

323 3456 424 3540 hujus
445 3455 487 3521 ad
508 3453 760 3539 Magellanicum
792 3453 911 3522 missus
942 3451 1089 3536 fretum,
1121 3454 1215 3522 navis
1239 3475 1303 3522 una
1326 3454 1419 3520 Fidei
1438 3457 1499 3520 ha·
1526 3501 1527 3506 η

324 3568 421 3632 bebat
444 3583 584 3647 nornen,
609 3585 706 3647 quam
731 3565 903 3632 inventura
919 3585 985 3634 non
1003 3583 1082 3633 erat.
1098 3568 1195 3633 sNam
1213 3588 1287 3632 cum
1305 3588 1344 3634 ex
1362 3566 1498 3633 australi

325 3697 446 3745 oceano
470 3678 538 3742 sola
562 3675 714 3743 Tidorim
739 3679 823 3761 (utra
844 3679 922 3743 haec
944 3677 1172 3744 Moluccarum
1192 3694 1241 3746 est
1262 3694 1293 3744 et
1318 3679 1403 3745 inter
1428 3679 1499 3744 Lu-

320 3791 503 3860 sitanorum
537 3786 702 3874 colonias)
725 3789 923 3872 adveniret,
948 3791 1101 3858 Lusitani
1123 3792 1312 3858 accedentes
1336 3791 1499 3857 solemnia

325 3903 400 3968 illa:
425 3901 520 3968 Unde
547 3915 578 3966 et
607 3923 669 3987 quo
697 3916 728 3968 et
755 3903 849 3987 cajus
871 3906 922 3968 rei
939 3906 1089 3990 gratia?
1116 3903 1303 3986 Respondit
1329 3903 1499 3970 Balthasar

325 4013 528 4094 Cordesius,
552 4012 609 4096 qui
642 4029 744 4080 morte
778 4013 956 4098 Georgiani
985 4016 1150 4082 Bocholtii
1180 4014 1275 4081 navis
1310 4014 1499 4082 centuriatu

325 4125 546 4212 fungebatur,
571 4107 725 4192 attulisse
746 4145 888 4208 merces,
913 4149 996 4213 quas
1018 4127 1101 4194 aelle
1123 4149 1155 4192 se
1172 4139 1398 4213 permutatas.
1444 4126 1498 4193 Illi

326 4256 441 4304 rursus
464 4257 528 4302 esse
547 4238 611 4302 sibi
631 4239 848 4324 carpophylla
867 4253 918 4319 et,
950 4243 979 4304 si
1001 4243 1053 4304 ita
1076 4239 1274 4320 rideretur,
1290 4237 1402 4322 facile
1422 4259 1499 4302 con·
1561 4259 1572 4296 a

326 4363 515 4417 tenturum.
535 4348 660 4434 Juvant
680 4349 728 4414 illi
749 4352 837 4418 ultro
860 4367 975 4417 nautas
997 4352 1205 4432 laboranteS,
1229 4365 1266 4416 ut
1294 4349 1388 4416 navis
1409 4369 1499 4415 oram

326 4461 462 4545 propius
493 4462 676 4528 accederet:
706 4461 858 4530 feruntur
890 4463 1059 4531 assatavis
1083 4483 1216 4530 munera
1246 4444 1286 4527 ad
1314 4460 1500 4545 praefectos
