3362 5504
336 616 398 678 314
626 613 672 658 na
696 612 791 676 June
817 610 1002 658 anatona.
1027 611 1106 656 cnr.
1131 609 1206 654 xrv.

334 785 425 835 metu
459 769 622 836 tenebant.
677 767 780 832 Multi
804 787 862 832 nec
886 786 972 832 mare
994 765 1144 850 ingredi,
1169 764 1232 829 nisi
1255 777 1340 830 emto
1364 764 1404 828 ab
1427 762 1509 845 ipsis

335 881 496 965 permissu
527 880 702 948 audebant.
749 880 864 962 Itaque
897 878 1013 944 caeteri
1044 897 1157 943 omnes
1180 893 1218 943 ut
1249 879 1346 962 longe
1368 875 1510 958 impares

335 1009 368 1060 et
388 993 479 1059 brevi
500 993 632 1060 illorum
654 992 781 1058 viribus
802 993 925 1060 cessuri
949 991 1224 1074 adspiciebantur.
1255 990 1305 1054 At
1319 987 1417 1054 simul
1438 987 1510 1051 irri-

334 1121 400 1172 tata
430 1105 625 1171 Batavorum
653 1103 759 1170 virtus
783 1103 917 1169 emicuit
941 1103 1051 1185 etqui
1073 1118 1147 1169 ante
1171 1123 1244 1167 cum
1273 1120 1331 1170 sua
1353 1100 1511 1183 simplici-

335 1233 423 1300 tate,
456 1232 526 1282 tum
558 1217 703 1283 hostium
736 1216 821 1282 dolis
843 1215 1059 1281 circumventi
1080 1230 1169 1280 erant
1193 1235 1279 1279 arma
1300 1213 1397 1280 armis
1418 1213 1511 1296 obje÷

335 1351 429 1410 cere,
463 1329 699 1396 Lusitanorum
734 1328 854 1411 passim
887 1327 988 1412 fuga,
1024 1328 1155 1408 clades,
1188 1325 1312 1393 deditio
1339 1339 1509 1408 spectata,

335 1443 411 1524 quis
431 1462 498 1508 non
522 1442 678 1507 Indorum
702 1440 896 1523 obstupuit,
922 1440 998 1522 quis
1020 1455 1127 1506 autem
1152 1459 1218 1504 non
1240 1437 1418 1504 admiratus
1435 1453 1510 1518 est,

336 1570 463 1641 gentem
486 1556 584 1620 ullam
605 1573 675 1622 esse
699 1573 808 1636 quae,
838 1573 913 1618 cum
938 1552 1022 1618 nihil
1046 1572 1113 1618 non
1132 1566 1267 1634 posset,
1291 1550 1378 1616 vires
1401 1565 1510 1616 tamen

334 1687 409 1733 suas
431 1667 494 1734 nisi
518 1682 630 1732 coacta
652 1685 718 1731 non
743 1665 968 1748 experiretur?
994 1645 1179 1730 Hollandos
1198 1662 1323 1744 ubique
1346 1663 1394 1728 illi
1417 1683 1510 1745 prae*

334 1779 441 1845 dicare
463 1777 660 1844 fortissimos
690 1777 863 1858 homines,
895 1776 1081 1842 defensores
1117 1776 1305 1855 sociorum,
1329 1775 1510 1842 domitores

335 1891 501 1971 hostium,
514 1891 602 1958 votis
613 1891 746 1973 insuper
759 1904 791 1954 et
809 1909 866 1972 spe
877 1904 966 1956 certa
978 1889 1140 1955 destinare
1153 1903 1336 1954 servatores
1349 1887 1507 1957 Orientis.

334 2004 440 2089 Igitur
469 2022 621 2087 magnum
652 2003 735 2068 illud
766 2017 864 2083 atque
894 2001 1039 2067 terribile
1064 2001 1299 2068 Lusitanorum
1331 2019 1450 2066 nomen
1474 2000 1509 2066 in

336 2116 519 2182 Hollandos
552 2115 672 2194 cessit,
705 2129 796 2179 tanto
830 2103 1064 2180 'celebrantium
1097 2133 1228 2193 amore,
1254 2126 1378 2194 quanto
1402 2112 1451 2176 illi
1474 2131 1509 2176 se

335 2229 412 2294 odio
442 2242 667 2294 oneraverant.
715 2226 883 2308 Inquirere
912 2246 1048 2305 omnes,
1072 2245 1157 2306 quae
1189 2239 1274 2290 terra
1296 2239 1361 2289 tam
1382 2223 1508 2304 fortes,

336 2360 419 2422 quae
439 2355 503 2405 tam
525 2340 634 2424 justos
655 2339 806 2405 homines
827 2340 947 2418 aleret,
972 2352 1004 2402 et
1025 2357 1090 2420 qua
1109 2337 1277 2419 republica
1297 2351 1507 2420 regerentur:

336 2453 462 2518 mittere
493 2451 639 2516 certatim
662 2452 786 2535 legatos
806 2465 840 2515 et
861 2469 993 2516 munera
1015 2449 1049 2515 in
1070 2451 1158 2515 hunc
1181 2469 1288 2531 usque
1308 2449 1441 2514 orbem:
1464 2447 1509 2516 af-

335 2563 454 2629 l'ectare
477 2563 684 2629 societatem:
709 2582 801 2647 reges
824 2562 887 2645 ipsi
910 2561 1019 2628 nautis
1042 2564 1136 2628 velut
1159 2561 1368 2643 Principibus
1392 2580 1508 2626 occur·

335 2697 422 2742 rere:
455 2675 666 2760 vectigalium
690 2689 723 2740 et
745 2675 967 2756 decimarum,
992 2693 1074 2756 quas
1106 2689 1249 2740 caeterae
1280 2673 1429 2756 pendunt
1453 2694 1510 2738 na-

306 2789 466 2870 tiones,
506 2787 615 2872 largiri
655 2787 911 2853 immunitatem:
951 2787 1035 2852 nihil
1075 2787 1216 2868 denique
1256 2785 1407 2852 omittere
1443 2807 1508 2868 quo

335 2899 502 2982 favorem,
534 2893 600 2968 imo
622 2899 835 2966 reverentiam
857 2913 1064 2966 testarentur.
1111 2898 1157 2963 Et
1180 2913 1218 2963 ut
1241 2897 1355 2966 Asiam
1379 2899 1510 2965 omitta-

336 3033 428 3092 mus,
453 3013 587 3096 Europa
611 3011 718 3078 omnis
742 3011 824 3093 quid
847 3014 907 3077 hac
932 3011 971 3076 de
994 3031 1028 3076 re
1051 3010 1170 3098 sentiat
1186 3009 1317 3074 minime
1330 3011 1509 3078 obscurum

337 3141 406 3205 est,
439 3145 512 3190 cum
545 3125 714 3191 videamus
747 3123 914 3206 Principes
947 3123 1106 3189 maximos
1138 3122 1236 3186 missa
1267 3122 1330 3187 sibi
1364 3123 1405 3194 de
1429 3123 1511 3189 istac

334 3238 453 3320 praeda
484 3256 618 3304 munera
650 3236 798 3319 excipere
831 3235 1109 3319 gratulabundos:
1143 3235 1183 3300 eir
1214 3235 1368 3303 omnibus
1399 3251 1509 3302 autem

336 3348 469 3432 populis
490 3348 713 3418 incredibilem
733 3349 862 3414 turbam
882 3347 922 3413 ad
941 3347 1157 3418 coemtionem
1178 3367 1379 3412 concurrere.
1409 3347 1511 3412 Domi

337 3476 444 3526 autem
468 3459 530 3543 ipsi
555 3460 749 3530 Holltndiae
773 3459 916 3526 Ordines
938 3459 1061 3524 decreti
1072 3459 1124 3526 sui
1137 3459 1247 3526 verbis
1256 3459 1509 3543 significarunt,

337 3571 442 3638 videri
465 3571 527 3638 sibi
552 3572 673 3656 gloriae
698 3591 738 3636 en
760 3573 821 3637 bac
844 3591 879 3636 re
891 3571 1069 3654 plurimum
1082 3571 1122 3637 ad
1134 3590 1262 3637 omnem
1274 3573 1509 3654 rempublicam

336 3684 528 3750 redundare.
554 3683 653 3750 Cives
674 3685 745 3748 Deo
766 3683 884 3767 gratias
904 3698 1024 3767 agunt,
1049 3684 1192 3767 gaudent
1211 3684 1368 3769 obtigisse
1388 3685 1511 3766 patriae

338 3809 402 3860 tam
434 3795 594 3880 insignem
627 3795 848 3878 triumphum:
882 3795 978 3864 etiam
1011 3796 1069 3877 qui
1102 3797 1135 3860 in
1168 3797 1234 3861 ulla
1263 3811 1354 3878 parte
1376 3795 1512 3863 fuerunt

338 3907 434 3973 istius
468 3907 626 3973 victoriae
661 3922 697 3972 ut
731 3908 853 3990 optime
886 3908 993 3973 meriti
1026 3910 1183 3974 coluntur
1215 3909 1255 3973 ab
1290 3909 1445 3974 omnibus
1478 3924 1512 3974 et

337 4019 575 4102 suspiciuntur.
615 4019 708 4106 Quid
730 4035 829 4087 restat
851 4020 976 4106 igitur?
1010 4020 1192 4086 Laudabile
1213 4035 1262 4086 est
1281 4020 1429 4102 laudari,
1454 4021 1512 4086 sed

338 4146 376 4197 ut
399 4131 454 4196 ille
478 4130 629 4211 dicebat,
654 4152 671 4196 a
694 4131 833 4198 laudatis
856 4132 956 4198 viris:
981 4153 1054 4198 nam
1075 4133 1209 4198 caeteris
1230 4131 1297 4197 fere
1319 4153 1387 4214 quo
1407 4133 1511 4217 magis

339 4242 480 4325 quisque
503 4243 697 4326 displicuit,
721 4246 784 4309 hoc
807 4244 1005 4311 meliorest.
1030 4246 1104 4330 Ego
1128 4265 1229 4326 vero,
1254 4245 1282 4311 si
1307 4244 1365 4326 qui
1388 4247 1510 4310 scelera

339 4354 572 4420 Lusitanorum
613 4355 796 4422 etiamnunc
836 4355 940 4422 foveri
979 4359 1099 4424 volunt
1135 4355 1352 4438 impunitate,
1388 4357 1416 4421 si
1450 4355 1511 4438 qui

338 4465 589 4534 immanissimos
611 4468 760 4536 homines
782 4487 823 4532 ne
843 4469 1002 4536 bonorum
1023 4469 1156 4551 quidem
1177 4469 1359 4535 ademtione
1378 4468 1509 4552 reprimi
