3310 5482
471 619 518 666 uu
541 619 635 687 Juau
660 619 846 668 Pannona.
872 619 954 668 cat.
979 619 1005 669 r.
1302 621 1323 686 5

152 792 203 844 tus
223 777 257 842 in
280 776 368 843 freto
391 775 642 859 Cincapurano‚
678 775 768 857 quod
798 776 933 841 alterum
975 791 1024 842 est
1058 797 1169 843 eorum
1202 778 1323 860 quibus
1412 863 1416 871 ⁸

153 888 289 955 discreta
313 887 509 972 Taprobane
530 888 711 954 Malaccam
735 902 849 954 contra
874 887 1011 971 aspicit,
1043 908 1158 956 navem
1191 890 1323 956 Lusita·

152 1001 254 1066 nicam
299 1001 370 1086 ejus
414 999 564 1087 generis,
610 1019 686 1082 quas
721 1020 879 1066 caraccas
924 1015 1065 1081 vocant,
1112 1002 1322 1068 Catharinam

152 1111 305 1196 nomine,
331 1127 480 1178 onustam
502 1111 664 1178 mercibus
687 1111 787 1194 inque
807 1111 1005 1179 deditionem
1029 1128 1194 1196 coactam,
1218 1114 1323 1180 homi-

151 1225 244 1290 nibus
267 1223 410 1292 dimissis
434 1224 567 1292 domum
591 1223 777 1289 abduceret.
822 1223 980 1291 Fecerant
998 1225 1128 1307 quidem
1153 1225 1263 1292 etalii
1287 1247 1322 1292 ac

151 1351 261 1420 postea
273 1335 423 1403 fecerunt
435 1336 521 1402 haud
532 1338 673 1403 multum
687 1335 919 1419 discrepantia,
941 1336 999 1403 sed
1011 1337 1089 1420 quia
1101 1337 1190 1406 istud
1201 1336 1324 1407 sactum

151 1448 261 1515 multis
289 1449 478 1516 nominibus
512 1447 749 1515 nobilissimum
782 1462 853 1530 est,
877 1448 950 1514 vice
971 1448 1116 1515 omnium
1139 1449 1323 1532 quaestioni

150 1560 310 1645 subjicere
333 1559 482 1644 placuit,
507 1574 545 1626 ut
568 1581 636 1643 quo
660 1559 842 1630 examinato
862 1559 958 1626 facile
981 1575 1107 1627 caetera
1122 1561 1324 1646 judicentur.

192 1673 259 1739 Sed
280 1673 369 1739 hunc
389 1671 470 1738 mihi
493 1671 635 1738 laborem
657 1671 857 1758 aggredienti
880 1673 1051 1755 multiplex
1072 1672 1250 1756 disputatio
1267 1694 1323 1740 oc·
1337 1685 1442 1736 onan.

153 1784 270 1863 currit,
294 1803 361 1850 non
383 1803 451 1867 quo
473 1800 698 1869 argumentum
719 1803 832 1868 perse
854 1784 943 1849 haud
963 1783 1041 1851 satis
1060 1784 1248 1867 expeditum
1264 1786 1324 1866 sit,

152 1895 206 1962 sed
231 1895 497 1963 dissimilitudine
518 1895 759 1974 dubitantium,
785 1897 843 1980 qui
866 1894 981 1980 partim
1006 1895 1162 1980 religione
1184 1896 1323 1979 quadam

153 2008 283 2074 adducti
315 2009 494 2092 approbare
524 2008 673 2091 praedam
701 2022 879 2090 verentur,
916 2008 1008 2091 quasi
1030 2008 1137 2075 minus
1159 2009 1232 2094 J'ure
1252 2029 1324 2093 par-

154 2134 213 2184 tam
235 2120 345 2206 atque,
356 2120 553 2206 legitimam:
577 2119 631 2186 alii
654 2121 785 2206 dejure
805 2139 872 2186 non
895 2119 1089 2205 ambigunt,
1113 2122 1171 2187 sed
1181 2123 1245 2187 hoc
1257 2141 1325 2188 me-

154 2247 242 2298 tuere
262 2231 444 2314 videntur,
468 2251 509 2298 ne
531 2232 588 2297 tali
609 2231 695 2298 facto
717 2232 822 2298 labem
846 2231 987 2314 aliquam
1011 2231 1116 2299 famae
1136 2248 1323 2318 aspergant:

155 2342 269 2408 deinde
289 2342 389 2425 siqui
409 2344 581 2427 sunt,qui
601 2363 662 2410 nec
685 2344 840 2427 aequitati
865 2363 979 2410 causae
1000 2343 1173 2423 diffidunt,
1207 2364 1267 2411 nec
1290 2365 1325 2412 ea

154 2455 273 2521 ratione
303 2454 572 2522 existimationem
607 2476 699 2522 suam
730 2455 815 2522 laedi
835 2475 932 2539 posse
953 2455 1163 2538 existimant,
1198 2453 1325 2538 aliquid

153 2582 255 2633 tamen
278 2566 519 2652 imaginantur,
536 2589 602 2651 quo
627 2569 755 2634 evenire
773 2568 878 2652 possit
899 2581 936 2633 ut
954 2569 1017 2633 hoc
1039 2568 1163 2651 ipsum,
1188 2567 1279 2651 quod
1292 2567 1325 2634 in

155 2698 302 2760 praesens
333 2679 414 2744 utile
445 2694 477 2745 et
507 2694 741 2763 quaestuosum
765 2680 915 2759 videtur,
936 2680 1095 2763 jacturam
1113 2681 1266 2745 latentem
1293 2694 1325 2744 et

156 2773 304 2858 damnum
334 2811 446 2858 secum
475 2794 588 2859 trahat.
635 2794 683 2858 lta
713 2793 750 2858 fit
776 2809 813 2858 ut
835 2806 1002 2876 quotquot
1023 2807 1102 2858 sunt
1122 2791 1324 2875 disceptandi

156 2923 291 2987 genera,
326 2924 409 2986 quae
429 2905 518 2987 apud
540 2919 683 2971 oratores
706 2909 715 2941 ¹
740 2905 869 2970 tractari
889 2908 1016 2983 solent,
1037 2904 1091 2969 hic
1113 2903 1221 2970 omnia
1244 2923 1324 2969 con·

156 3029 292 3081 currant.
338 3015 412 3080 Nec
435 3016 520 3081 enim
538 3016 601 3081 hoc
623 3017 802 3095 duntaxat,
826 3030 956 3082 rectene
978 3034 1017 3081 an
1033 3034 1183 3099 perverse
1199 3013 1323 3079 factum

155 3125 216 3208 sit,
237 3128 332 3192 velut
352 3127 440 3210 apud
468 3127 612 3212 judicem
637 3127 822 3213 agitandum
847 3143 916 3208 est,
950 3127 1060 3194 sedin
1083 3125 1247 3193 laudando
1268 3139 1326 3192 aut

155 3237 392 3321 vituperando,
415 3259 548 3304 munere
568 3239 736 3322 censoris,
760 3241 936 3306 sumendae
958 3255 1079 3323 partes,
1105 3253 1136 3304 et
1160 3238 1238 3322 quia
1259 3258 1324 3303 ma-

156 3366 209 3415 net
229 3350 380 3428 occasio,
413 3369 494 3416 anne
517 3350 602 3416 idem
623 3352 713 3434 quod
735 3353 893 3418 hactenus
916 3351 1039 3418 factum
1060 3365 1129 3430 est,
1162 3350 1196 3416 in
1216 3365 1324 3433 poste-

155 3481 223 3527 rum
244 3460 316 3527 fieri
338 3461 511 3545 expediat,
536 3462 710 3530 consilium
731 3479 861 3547 oportet
883 3463 963 3530 dari.
1019 3463 1127 3529 Prima
1148 3462 1248 3547 igitur
1271 3463 1325 3547 ju·
1338 3498 1442 3545 Mum,

156 3572 196 3639 ris
228 3572 290 3639 erit
309 3574 483 3656 quaestio,
520 3595 604 3657 quae
627 3589 823 3642 caeterarum
849 3575 1090 3659 quodammodo
1111 3574 1325 3660 praeiudicia-

156 3684 193 3750 lis
214 3700 272 3752 est.
319 3686 374 3751 Ad
396 3688 480 3752 hanc
493 3701 599 3752 autem
616 3687 670 3753 illa
693 3701 845 3767 naturae,
870 3665 967 3771 quam
988 3686 1170 3769 dixi,ratio
1193 3688 1247 3753 vel
1258 3705 1324 3751 ma-

158 3796 241 3863 xime
262 3797 416 3880 pertinet.
448 3797 532 3864 Nam
552 3799 600 3864 illi
621 3799 753 3882 quidem
777 3819 907 3883 operam
930 3798 1011 3865 mihi
1022 3798 1135 3865 ludere
1147 3797 1324 3880 videntur,

158 3908 212 3991 qui
231 3929 283 3975 res
295 3929 362 3976 non
384 3909 468 3976 inter
490 3910 579 3977 cives
602 3911 661 3977 sed
671 3913 813 3995 populos
832 3911 979 3979 diversos
992 3924 1121 3996 gestas,
1146 3909 1247 3993 idque
1258 3929 1325 3976 non

157 4041 233 4102 pace
256 4021 314 4086 sed
337 4021 447 4104 bello,
469 4043 508 4088 ex
539 4022 670 4106 scriptis
700 4022 858 4089 duntaxat
876 4021 1005 4108 legibus
1028 4021 1219 4107 dijudicant.
1265 4021 1323 4086 Di-

158 4132 226 4197 onis
246 4133 342 4218 ejus,
368 4133 425 4216 qui
448 4135 652 4220 eloquentiae
673 4135 789 4201 merito
811 4135 1070 4220 Chrysostomus
1084 4133 1226 4213 dicitur,
1250 4132 1326 4199 niti-

159 4243 217 4309 dus
253 4259 303 4310 est
337 4244 370 4308 in
404 4247 487 4312 hanc
517 4266 583 4312 rem
614 4243 750 4313 locus²:
784 4258 839 4318 τῶν
870 4253 923 4332 μὲν
945 4248 1104 4332 ἐγγράφων
1127 4250 1203 4315 οὐδὲν
1222 4251 1250 4314 ἕν
1269 4257 1328 4322 τοῖς

158 4361 299 4438 πολεμίοις
321 4357 435 4442 iugales,
457 4363 497 4428 ad
518 4364 547 4428 δὲ
567 4361 611 4439 ἔθη
630 4360 819 4447 pondererat
838 4363 918 4444 nand
937 4365 1029 4433 πᾶσι,
1053 4360 1107 4427 κᾶν
1129 4363 1168 4432 εἰς
1197 4357 1328 4441 ἐσχάτην

192 4553 200 4586 ¹
217 4553 326 4618 Quintil.
341 4555 423 4604 lnstit.
438 4568 502 4606 orat.
519 4560 535 4606 l.
554 4570 578 4615 3·
595 4572 617 4608 c.
635 4573 659 4620 4.
694 4557 705 4591 ²
722 4558 748 4607 in
765 4570 829 4608 orat.
845 4560 876 4608 de
890 4571 954 4607 mor.
971 4555 1009 4622 [p.
1026 4556 1084 4619 649.
1100 4567 1137 4605 vs.
1156 4552 1209 4618 cu]
