3310 5482
339 638 378 702 32
639 639 686 686 DE
710 638 804 707 JURE
829 638 1015 688 PRAEDAE.
1041 639 1123 686 CAP·
1148 639 1205 687 111.

336 791 381 860 ita
393 791 474 877 justi
493 808 592 877 atque
609 791 724 880 injusti
739 813 850 880 pugna
868 793 1026 878 quaedam
1043 791 1137 876 quasi
1151 790 1307 859 naturalis
1324 806 1374 860 est
1393 807 1425 858 et
1439 792 1509 876 ipsa

335 903 382 970 rei
405 904 566 972 evidentia
586 920 675 989 patet
698 908 819 972 multos
835 924 903 972 esse
921 904 1071 972 homines
1086 902 1332 988 sanguinarios,
1355 924 1508 988 rapaces,

335 1015 489 1100 iniquos,
512 1016 697 1099 maleficos,
720 1015 842 1100 patriae
856 1015 1039 1100 proditores
1053 1014 1247 1100 imperiique
1261 1015 1507 1095 detrectatores,

336 1142 369 1192 et
392 1129 454 1194 hos
479 1127 611 1211 quidem
636 1129 762 1196 validos
787 1143 885 1210 atque
908 1142 1068 1210 armatos,
1092 1127 1150 1210 qui
1175 1140 1212 1191 ut
1234 1130 1285 1191 rei
1307 1130 1366 1214 agi
1378 1131 1507 1213 possint

335 1260 412 1305 acre
429 1239 582 1308 uincendi
601 1255 701 1324 sunt,
726 1255 764 1307 ut
779 1239 917 1308 Tacitus
933 1240 1092 1325 loquitur.
1123 1239 1290 1327 Quaedam
1307 1237 1407 1324 igitur
1421 1238 1507 1304 bella

334 1353 408 1417 vult
427 1351 543 1434 Deus,
566 1352 635 1420 sive
655 1367 693 1418 ut
716 1353 900 1435 loquuntur
924 1351 1072 1438 theologi
1087 1353 1121 1433 ¹,
1146 1351 1233 1416 bella
1256 1351 1412 1434 quaedam
1432 1370 1505 1418 cum

334 1462 421 1529 bono
440 1463 561 1546 placito
577 1463 642 1530 Dei
662 1478 861 1531 exercentur.
906 1463 1081 1546 Quidquid
1100 1477 1206 1529 autem
1223 1462 1316 1530 Deus
1340 1461 1386 1527 ita
1408 1463 1504 1543 vult,

334 1572 368 1638 id
391 1575 516 1660 iustum
541 1595 611 1642 esse
634 1595 728 1642 nemo
755 1575 895 1661 negabit.
940 1575 983 1640 Et
1004 1575 1088 1640 bella
1111 1572 1212 1659 igitur
1235 1574 1392 1657 quaedam
1417 1574 1505 1658 justa

333 1698 410 1751 sunt
426 1691 459 1767 ¹,
482 1684 552 1754 sive
569 1686 687 1753 bellare
704 1685 830 1753 licitnm
848 1701 908 1754 est.
954 1685 1024 1752 Nec
1048 1699 1097 1753 est
1118 1685 1208 1768 quod
1224 1699 1336 1751 contra
1353 1685 1433 1750 haec
1451 1686 1505 1750 vel

333 1796 366 1862 in
392 1797 531 1880 speciem
555 1797 619 1864 dici
643 1798 760 1883 possit.
807 1798 892 1864 Nam
919 1797 977 1882 qui
1000 1799 1085 1864 bella
1103 1797 1304 1863 detestantur
1318 1809 1375 1863 aut
1392 1814 1504 1862 causas

333 1908 535 1976 detestantur
552 1922 609 1975 aut
624 1907 769 1977 effectus.
814 1909 852 1975 In
869 1929 982 1976 causas
1004 1923 1042 1976 ut
1061 1907 1293 1989 ambitionem,
1316 1905 1503 1987 avaritiam,

333 2018 527 2086 discordiam
550 2021 652 2088 multa
674 2042 691 2086 a
714 2020 877 2106 theologis
900 2035 932 2087 et
947 2019 1154 2105 philosophis
1171 2038 1281 2085 severe
1304 2017 1503 2098 dictasunt,

332 2130 390 2213 qui
405 2149 482 2196 sane
500 2131 577 2197 dum
599 2131 720 2217 injusta
739 2132 823 2198 bella
840 2146 1014 2214 accusant,
1039 2130 1148 2214 aliqua
1164 2131 1252 2215 J'usta
1269 2149 1339 2198 esse
1358 2149 1425 2196 non
1447 2148 1504 2193 ne-

331 2254 417 2326 gant.
462 2243 507 2308 At
523 2243 581 2326 qui
598 2243 720 2310 bellum
736 2244 888 2310 damnant
904 2265 943 2310 ex
958 2243 1128 2310 effectibus
1146 2262 1185 2308 eo
1204 2262 1309 2308 errore
1326 2241 1502 2322 labuntur,
1548 2243 1553 2252 “

330 2351 389 2435 qui
413 2353 548 2420 nimium
574 2354 727 2438 frequens
754 2371 824 2437 est,
848 2355 906 2421 ubi
926 2375 993 2422 non
1009 2353 1223 2439 distinguitur
1238 2358 1271 2423 τὸ
1294 2357 1428 2422 uai'airi
1451 2355 1502 2420 aul

327 2470 361 2535 ri
381 2471 462 2536 uaria
478 2469 676 2549 συμβεβηκός,
692 2465 731 2532 id
746 2465 835 2552 quod
851 2471 1010 2532 nimirum
1024 2480 1088 2551 per
1106 2486 1138 2531 se
1156 2478 1203 2530 est
1222 2478 1253 2529 et
1269 2462 1358 2551 quod
1365 2460 1502 2528 aliunde

329 2575 465 2642 accidit.
511 2576 596 2642 Nam
618 2591 742 2662 strages
759 2597 834 2644 sane
859 2594 892 2644 et
914 2579 1030 2645 damna
1051 2576 1203 2643 accidunt
1224 2575 1384 2642 interdum
1411 2575 1499 2642 bello

328 2687 422 2753 etiam
447 2688 487 2753 ab
512 2709 548 2755 ea
572 2702 684 2772 parte,
710 2709 775 2772 qua
800 2691 926 2775 justum
951 2704 1009 2756 est.
1054 2687 1149 2755 Nihil
1166 2702 1272 2753 tamen
1287 2687 1350 2752 hoc
1365 2687 1498 2765 obstat,

327 2818 400 2864 cum
425 2800 581 2866 bellantes
603 2815 689 2866 recta
714 2799 840 2866 ratione
863 2800 1066 2884 propositam
1083 2798 1146 2866 sibi
1163 2799 1304 2864 habeant
1316 2797 1404 2864 vitae
1421 2816 1501 2862 suae

313 2907 499 2993 r”rerumque
520 2930 652 2978 suarum
675 2911 965 2978 conservationem.
1010 2911 1166 2978 Actiones
1193 2922 1300 2975 autem
1324 2927 1435 2975 omnes
1461 2907 1500 2973 ab

326 3041 364 3087 eo
385 3022 477 3104 quod
496 3042 554 3105 per
573 3043 609 3088 se
628 3021 735 3104 inest,
760 3042 825 3088 non
848 3023 887 3088 ab
909 3043 948 3089 eo
970 3024 1061 3106 quod
1076 3021 1158 3088 foris
1177 3020 1303 3087 accedit
1320 3019 1501 3105 dijudican-

325 3131 382 3198 dae
399 3147 488 3200 sunt.
536 3135 731 3220 Numquam
756 3155 901 3200 successu
924 3138 1043 3200 crescit
1064 3136 1263 3199 honarum&
1307 3131 1421 3213 Itaque
1442 3150 1502 3196 nec

324 3262 477 3311 successu
496 3245 724 3327 corrumpitur.
771 3245 846 3310 Hoc
866 3259 932 3327 est,
960 3265 1097 3329 eaquae
1116 3265 1134 3310 a
1150 3243 1272 3310 virtute
1287 3241 1501 3324 proficiscun-

324 3368 378 3419 tur
395 3355 601 3438 susceptione
617 3354 734 3438 prima,
751 3375 818 3421 non
834 3354 1035 3440 perfectione
1056 3370 1142 3421 recta
1157 3353 1332 3440 judicanda
1341 3368 1439 3435 sunt,
1463 3368 1501 3419 ut

325 3463 429 3530 Stoici
455 3465 532 3532 satis
556 3480 643 3532 recte
673 3466 832 3532 docebant
847 3463 871 3534 ⁴.
918 3468 1125 3554 Quamquam
1149 3465 1177 3532 si
1199 3465 1233 3531 id
1252 3465 1343 3548 quod
1357 3466 1499 3547 plerum-

326 3597 390 3659 que
416 3575 534 3642 accidit
556 3576 767 3660 respicimus,
791 3598 930 3644 asserere
954 3577 1067 3644 licebit
1089 3579 1193 3643 solere
1214 3576 1322 3643 Deum
1345 3574 1500 3642 fortunae

325 3687 459 3754 bellicae
483 3688 528 3754 ita
551 3688 712 3772 judicium
736 3709 832 3756 suum
856 3689 1081 3773 interponere,
1106 3704 1143 3754 ut
1159 3677 1232 3755 'non
1254 3707 1326 3753 raro
1342 3687 1429 3752 unde
1445 3687 1499 3772 jus

166 3815 313 3884 personans
325 3799 436 3881 stetit,
454 3799 529 3865 inde
546 3814 684 3868 eventus
701 3800 804 3867 cadat.
834 3801 935 3888 Quod
950 3815 1057 3867 autem
1072 3798 1222 3866 nonnulli
1239 3797 1403 3866 somniant
1419 3797 1498 3864 olim

163 3869 313 4024 2:12⁰&ss
326 3910 458 3994 quidem
483 3910 615 3979 licuisse
638 3911 759 3978 bellurn
788 3931 919 3996 gerere,
950 3926 982 3977 at
1003 3926 1079 3994 post
1101 3909 1227 3979 Christi
1259 3909 1499 3986 institutionem

163 3987 211 4077 iii.
259 4011 265 4024 ’
290 3990 411 4089 “idem
435 4042 501 4089 non
528 4021 645 4103 licere,
678 4037 734 4088 aut
764 4037 850 4088 certe
874 4021 957 4087 inter
982 4021 1188 4088 Christianos
1211 4041 1278 4088 non
1293 4020 1411 4102 licere,
1435 4021 1499 4087 hoc

325 4133 353 4202 si
380 4133 424 4200 ita
443 4133 682 4219 intelligerent,
702 4133 736 4199 in
755 4134 843 4200 bello
861 4134 994 4200 alterius
1009 4153 1136 4217 semper
1151 4131 1252 4217 partis
1269 4131 1410 4215 aliquam
1429 4153 1499 4200 esse

324 4247 452 4329 eulpam
471 4245 636 4330 indIgnam
655 4244 846 4314 Christiano
865 4245 1017 4327 nomine,
1039 4244 1147 4311 fuerat
1171 4243 1390 4310 tolerandum:
1410 4263 1499 4310 nunc

356 4453 513 4510 ¹,Panthe0h
539 4454 614 4504 Rain.
637 4454 687 4504 Pis.
713 4454 739 4503 in
762 4469 789 4504 v.
805 4455 911 4504 Bellum·
929 4467 953 4503 c.
970 4468 994 4505 a.
1026 4451 1087 4504 ’ex
1104 4467 1155 4515 reg.
1174 4466 1197 4503 1.
1229 4451 1351 4504 ”Lucam
1368 4455 1464 4516 [Phars.
1480 4459 1498 4504 l.

323 4546 491 4610 9.vs.571.]
525 4545 610 4597 ⁴cic.
628 4548 659 4596 de
674 4543 718 4595 fin.
738 4543 767 4610 [l.
786 4558 808 4605 s.
841 4559 887 4609 .9.
906 4549 919 4606 5
936 4545 989 4608 aa]
