3316 5494
431 617 477 666 DE
501 618 594 687 June
621 613 803 668 PRAEDAE.
828 616 907 663 CAP.
932 615 1010 662 v111.
1252 612 1309 662 121

135 776 206 840 lum
235 773 337 859 gessit
367 774 453 840 bona
484 772 574 855 fide,
600 771 725 840 etiamsi
748 786 864 854 postea
886 770 988 838 discat
1011 770 1133 835 bellum
1156 768 1313 852 injustum

135 885 263 968 fuisse,
283 887 324 954 ad
339 885 580 953 restitutionem
603 903 740 965 eorum,
761 903 843 966 quae
862 901 902 948 ex
923 882 1040 964 praeda
1064 881 1314 963 obtinet‚nullo

134 999 237 1065 modo
273 995 441 1084 obligarit
469 996 560 1078 quod
583 995 668 1062 enim
692 996 792 1060 semel
814 1007 901 1060 recte
923 991 1004 1058 mihi
1028 991 1211 1075 quaesitum
1241 1005 1314 1072 est,

136 1109 172 1174 id
192 1123 231 1175 ut
250 1125 358 1174 meum
383 1125 452 1176 esse
473 1107 600 1174 desinat
630 1105 694 1173 nisi
717 1101 806 1172 facto
839 1124 913 1170 meo
945 1103 1133 1188 contingere
1164 1121 1230 1168 non
1255 1117 1316 1186 po·t

136 1235 203 1286 test
222 1225 245 1288 ¹.
273 1219 339 1286 Cui
363 1217 469 1285 simile
489 1233 562 1300 est,
585 1217 675 1301 quod
694 1217 800 1283 bonae
822 1215 898 1282 fidei
917 1233 1086 1298 possessor
1096 1214 1224 1280 fructus
1235 1229 1315 1280 suos

137 1330 218 1398 facit
241 1327 275 1412 ¹,
310 1329 369 1413 qui
399 1329 590 1396 naturaliter
621 1342 728 1394 essent
758 1326 829 1394 veri
863 1326 1013 1409 domini,
1044 1341 1076 1391 et
1104 1326 1130 1393 si
1152 1326 1228 1409 quis
1247 1345 1314 1392 rem

136 1441 274 1509 alienam
292 1442 378 1507 bona
395 1440 460 1507 fide
476 1439 648 1524 usucepit,
671 1438 699 1506 is
717 1439 827 1524 justus
848 1436 887 1504 fit
909 1436 1085 1519 dominus,
1108 1457 1174 1504 non
1194 1437 1315 1520 quirin

136 1569 286 1638 tempore
319 1546 372 1620 vis
401 1553 468 1618 ulla
502 1565 552 1619 est
574 1549 711 1618 dominii
735 1549 928 1644 adjiciendi,
952 1549 1010 1616 sed
1033 1549 1110 1632 quia
1130 1551 1183 1614 lex
1205 1548 1315 1615 civilis

135 1665 191 1748 J'us
210 1663 291 1731 facit
310 1669 346 1744 ⁸,
370 1662 486 1746 quasi
510 1662 587 1746 quis
616 1661 741 1744 utitur,
764 1659 910 1745 injustus
940 1676 996 1727 aut
1023 1659 1227 1745 irreligiosus
1250 1658 1314 1724 dici

137 1793 205 1841 non
238 1788 365 1859 potest:
388 1773 469 1839 adeo
493 1771 624 1856 quidem
654 1787 692 1838 ut
714 1792 731 1838 a
754 1769 954 1857 plerisque*
971 1787 1058 1838 recte
1079 1770 1234 1838 traditum
1252 1790 1315 1854 pu·

138 1903 201 1953 tem
228 1907 325 1966 eum,
350 1885 408 1968 qui
429 1886 516 1952 bona
538 1885 603 1952 fide
626 1884 893 1968 praescriptionis
913 1898 1058 1967 tempora
1076 1882 1249 1967 implevit,
1273 1901 1313 1948 ex

138 2000 221 2064 mala
255 1997 321 2064 fide
342 1996 494 2080 sequenti
513 1996 554 2063 ad
574 1995 815 2065 restitutionem
840 2015 880 2061 ne
903 1996 936 2061 in
957 1994 1159 2062 conscientia
1180 1993 1313 2078 quidem

138 2109 298 2195 obligari:
320 2109 385 2194 jam
415 2108 500 2173 enim
532 2127 572 2173 ex
606 2107 677 2191 lege
709 2107 890 2174 dominium
913 2107 1013 2173 habet
1032 2109 1054 2173 ⁹.
1089 2105 1190 2192 Quod
1208 2119 1315 2172 autem

138 2221 242 2306 Ayala
278 2220 448 2304 Hispanus
471 2219 483 2255 ⁶
505 2217 637 2299 voluit,
671 2218 766 2285 etiam
806 2239 881 2285 cum
923 2218 1051 2300 liquido
1086 2218 1126 2284 de
1155 2215 1315 2301 injustitia

139 2333 216 2399 belli
241 2345 398 2412 constat,
423 2344 516 2414 capta
538 2343 645 2396 tamen
667 2329 815 2412 acquiri,
835 2329 870 2396 id
887 2329 967 2422 mihi
992 2331 1084 2395 nullo
1108 2328 1206 2394 modo
1237 2347 1314 2411 pro-

139 2443 206 2510 bari
228 2457 356 2528 potest:
381 2462 460 2508 nam·
476 2461 537 2507 nec
559 2460 630 2508 esse
653 2443 755 2528 legem
788 2461 853 2524 qua
882 2442 946 2508 hoc
975 2441 1197 2508 introductum
1219 2438 1263 2506 sit
1278 2439 1314 2522 ⁷,

140 2572 248 2638 neque
271 2555 299 2623 si
318 2554 403 2622 soret
421 2553 621 2620 tolerandam
647 2569 729 2638 puto
755 2555 902 2636 exemplo
925 2553 1083 2634 aliarum,
1106 2571 1190 2634 quae
1223 2569 1314 2633 prae·

141 2667 285 2734 donibus
305 2664 437 2744 favent,
461 2685 535 2732 cum
571 2679 603 2730 et
629 2664 754 2731 ratione
782 2666 872 2731 nulla
902 2663 1025 2731 nitatur
1050 2679 1083 2730 et
1113 2663 1155 2729 ad
1177 2681 1315 2746 peccan-

141 2778 217 2844 dum
252 2777 400 2844 homines
423 2776 552 2844 invitet.
595 2777 684 2843 Inter
712 2775 876 2863 legitimos
897 2775 998 2862 igitur
1026 2777 1138 2842 hostes
1158 2775 1232 2859 jura
1252 2772 1315 2837 ista

142 2889 310 2968 obtinent,
335 2905 373 2954 ut
393 2889 426 2954 in
450 2886 685 2955 constitutione
702 2886 813 2954 Severi
836 2889 848 2924 ⁸
872 2887 1081 2970 exprimitur:
1108 2885 1183 2952 illos
1206 2897 1314 2948 autem

140 3001 305 3087 legitimos
329 2999 398 3066 sive
425 3000 534 3084 justos
565 3018 635 3066 esse
663 2999 806 3064 diximus
825 2994 856 3073 ⁹,
883 2997 941 3081 qui
969 2996 1171 3080 probabilem
1196 2994 1315 3078 magis·

141 3126 284 3178 tratuum
307 3110 532 3178 auctoritatem
557 3125 760 3193 sequuntur:
784 3124 927 3175 caeteros
949 3122 1054 3175 autem
1073 3106 1156 3174 nihil
1178 3128 1195 3172 a
1214 3108 1313 3172 latro·

143 3223 240 3290 nibus
270 3223 399 3290 differre
420 3222 470 3306 ¹⁰,
505 3222 667 3305 aquibus
689 3235 782 3306 capta
812 3220 978 3287 dominum
1011 3234 1078 3286 non
1105 3232 1232 3285 mutant
1253 3237 1314 3283 nec

143 3335 344 3419 postliminio
366 3334 515 3420 indigent
536 3335 573 3400 ¹¹.
619 3334 730 3421 Quare
754 3353 828 3400 cum
853 3333 886 3399 in
907 3333 994 3400 bello
1018 3329 1108 3397 civili
1131 3329 1188 3396 vix
1209 3328 1315 3413 possit

144 3447 308 3529 utrimque
331 3445 520 3530 contingere
556 3465 660 3527 aequa
695 3445 892 3529 auctoritas,
926 3443 1124 3523 autetiam,
1149 3441 1315 3525 quianon

145 3577 181 3623 eo
204 3558 304 3624 modo
326 3557 440 3639 cives,
466 3576 532 3638 quo
556 3555 758 3639 respublicae
781 3556 815 3621 in
835 3557 918 3621 hanc
939 3554 1162 3620 alienationem
1177 3570 1315 3618 consen-

143 3685 277 3750 serunt,
308 3685 417 3750 neque
449 3685 529 3734 vero
560 3666 642 3732 tatio
675 3665 785 3732 eadem
816 3671 892 3748 est,
922 3687 996 3732 cum
1027 3657 1105 3749 pace*
1137 3661 1316 3730 constituta

144 3777 274 3846 facilius
305 3780 389 3846 inter
422 3779 497 3847 illos
523 3775 649 3864 judicia
672 3773 873 3866 procedant,
896 3775 949 3844 his
980 3775 1019 3844 de
1042 3776 1148 3843 causis
1171 3773 1205 3840 id
1224 3773 1316 3858 quod

144 3969 341 3979 —-—=-—-—=-

176 4073 220 4124 ¹1.
239 4074 266 4125 id
283 4078 490 4136 qaodqnostrum.
506 4076 533 4125 ff.
557 4078 589 4126 de
616 4089 667 4136 reg.
684 4073 733 4132 jur.
753 4073 797 4138 [D.
816 4087 856 4131 50·
876 4085 915 4132 17.
936 4071 989 4138 11.]
1025 4069 1035 4104 ⁹
1052 4075 1069 4121 1.
1087 4073 1184 4122 fructus
1201 4074 1314 4132 penden-

145 4166 231 4216 reali.
250 4168 282 4216 de
299 4166 336 4216 rei
354 4155 423 4216 vind.
451 4165 496 4231 [D.
520 4168 544 4216 6.
565 4180 587 4216 r.
610 4165 663 4231 44]
700 4164 710 4198 ³
729 4179 751 4214 c.
770 4166 813 4226 qui
831 4176 930 4226 peccat.
950 4161 1039 4229 [Dect.
1060 4165 1128 4212 Grat.
1145 4177 1171 4224 p.
1190 4176 1212 4210 a.
1231 4173 1271 4220 as.
1288 4176 1313 4224 4.

145 4255 196 4321 qo]
230 4255 332 4318 ⁴Vasq.
350 4260 367 4306 l.
387 4271 409 4306 a.
424 4271 447 4307 e.
473 4271 513 4320 74.
537 4261 622 4308 Sootas
636 4259 662 4307 in
680 4258 830 4320 4.ditt.15.
848 4257 910 4305 Silv.
925 4256 952 4304 in
969 4271 995 4305 v.
1013 4253 1190 4315 Praescriptio.
1207 4267 1234 4314 p.
1251 4267 1273 4302 r.
1292 4257 1313 4312 5.

148 4359 185 4404 1³·
217 4347 320 4408 ⁸Vasq,
338 4350 356 4396 1.
378 4362 398 4397 1.
418 4363 443 4398 c.
460 4352 499 4397 28.
517 4362 543 4397 n.
561 4362 601 4399 ar.
635 4349 801 4398 ⁶1.1.c.2.
823 4361 907 4409 naq.
941 4344 1115 4396 ⁷canonistae
1133 4345 1159 4393 in
1178 4358 1201 4393 c.
1217 4347 1263 4394 ult.
1281 4347 1313 4394 de

147 4438 292 4500 praescript.
312 4440 452 4502 [Decretal.
479 4453 502 4489 a.
527 4442 567 4490 πό.
591 4440 643 4506 ao]
680 4441 726 4488 ⁸1.
749 4453 770 4489 1.
789 4443 819 4488 C.
838 4441 869 4488 de
886 4450 950 4500 capt.
970 4439 1013 4501 [C.
1038 4450 1058 4487 1.
1078 4435 1114 4500 ³·]
1150 4435 1209 4486 ”aa
1227 4449 1251 4485 a.
1266 4445 1313 4486 att.

150 4532 237 4578 coroll.
254 4544 277 4580 e.
295 4542 319 4588 7.
355 4529 376 4564 ¹⁰
393 4545 416 4580 c.
435 4544 458 4588 7.
476 4531 555 4592 princ.
591 4531 609 4565 ¹¹
629 4533 647 4580 1.
665 4533 759 4580 hostes.
776 4530 802 4580 ff.
821 4532 852 4580 de
869 4541 935 4590 capt.
955 4529 998 4590 [D.
1015 4541 1056 4590 49.
1076 4525 1185 4587 1⁵·an
