3310 5482
469 552 515 598 DE
540 551 634 619 JURE
660 547 854 622 Pannona..
873 547 954 595 CAP.
979 548 1036 596 111.
1297 547 1338 614 39

160 726 229 774 non
252 725 403 791 possunt.
449 709 559 795 Quare
580 705 666 772 sicut
685 704 768 770 inter
790 704 976 787 Hebraeos,
998 705 1131 790 iunctos
1153 723 1219 770 non
1239 704 1337 770 modo

160 819 332 905 religionis
351 821 409 887 sed
427 835 459 886 et
489 817 687 902 reipublicae
710 830 741 882 et
761 817 927 902 sanguinis
949 817 1102 897 vinculo,
1123 817 1211 901 justa
1232 831 1338 881 tamen

162 932 248 997 bella
267 930 371 1000 fuisse
390 931 605 999 certissimum
624 944 673 994 est
695 939 726 1011 ¹,
752 927 796 994 ita
819 929 899 1012 quin
920 929 1005 995 idem
1027 929 1110 994 inter
1130 927 1338 996 Christianos

161 1043 294 1110 evenire
312 1044 433 1128 possit,
462 1043 610 1109 dubitare
633 1061 699 1107 non
721 1041 883 1107 convenit.
929 1041 1016 1107 Illud
1028 1040 1156 1108 interim
1168 1040 1337 1107 fatendum

162 1154 297 1220 minime
325 1177 365 1220 ex
391 1154 496 1221 officio
519 1153 780 1220 Christianorum
802 1153 970 1220 hominum
993 1173 1047 1219 eos
1066 1152 1188 1234 facere,
1212 1153 1270 1235 qui
1289 1151 1339 1219 in-

161 1265 258 1352 juriis
288 1267 358 1333 suis
389 1287 549 1333 armorum
578 1280 742 1349 praestant
765 1265 985 1349 occasionem,
1015 1286 1088 1331 curn
1107 1280 1233 1349 praeter
1253 1284 1341 1330 com-

163 1397 294 1444 munem
323 1378 427 1446 totius
457 1377 667 1466 humanitatis
695 1377 965 1444 necessitudinem
994 1377 1149 1461 peculiari
1169 1377 1285 1443 amoris
1309 1392 1341 1442 et

163 1489 357 1557 concordiae
381 1505 580 1558 sacramento
603 1489 797 1576 obligentur.

207 1603 430 1685 Nequaquam
463 1623 541 1670 vero
562 1602 614 1668 his
635 1601 998 1686 rationibusrepugnat
1018 1601 1110 1684 quod
1132 1615 1164 1666 et
1185 1599 1340 1666 Christus

165 1714 234 1798 ipse
256 1730 289 1780 et
311 1713 525 1798 philosophi,
548 1713 707 1779 Platonici
727 1712 888 1794 maxime,
912 1727 1023 1780 vetant
1042 1720 1074 1784 rb
1092 1717 1253 1783 dvrairxeiv
1265 1760 1276 1793 ‚
1290 1717 1341 1778 in-

156 1829 295 1912 juriam
319 1841 483 1912 reponere.
530 1825 615 1891 Nam
636 1824 718 1908 quid
742 1824 784 1890 sit
803 1825 894 1906 quod
912 1827 952 1891 ab
974 1825 1039 1891 illis
1059 1825 1277 1909 improbetur,
1302 1846 1340 1890 ex

165 1938 218 2004 his
252 1957 336 2020 quae
370 1956 466 2020 supra
499 1938 540 2003 de
570 1937 686 2021 poenis
716 1934 790 2003 fuse
814 1937 891 2002 satis
914 1937 1123 2004 tractavimus
1143 1936 1177 2018 ²,
1201 1936 1339 2022 intelligi

169 2064 301 2145 potest.¹
337 2048 383 2113 Et
411 2049 550 2132 primum
580 2049 657 2115 satis
689 2064 817 2116 constat
842 2064 1012 2132 praecepta
1034 2049 1088 2114 illa
1110 2048 1247 2133 privatis
1270 2049 1342 2114 data

169 2175 203 2228 et
226 2160 381 2227 ecclesiae
405 2160 621 2242 administris,
653 2181 737 2244 quos
758 2162 817 2227 hac
838 2161 871 2227 in
898 2176 988 2244 parte
1012 2161 1167 2226 Christus
1197 2160 1343 2245 privatos

172 2293 243 2338 esse
267 2272 398 2353 voluit,
421 2251 605 2355 meritoque
633 2273 667 2339 id
689 2272 855 2357 prohiberi
878 2273 969 2356 quod
997 2271 1213 2354 concessum,
1237 2288 1274 2339 ut
1303 2273 1344 2338 ad

166 2388 270 2470 legem
296 2404 414 2450 nonam
436 2383 599 2466 diximus,
629 2399 735 2452 totum
759 2384 903 2450 ordinem
927 2385 1123 2468 reipublicae
1141 2386 1344 2469 perturbaret

166 2499 306 2583 ejusque
329 2495 596 2579 tranquillitatem
617 2499 832 2563 convelleret:
858 2497 1130 2579 quemadmodum
1142 2496 1269 2580 antiqui
1287 2497 1341 2581 ju-

166 2609 213 2676 ris
236 2610 350 2694 regula
363 2609 374 2644 ³
387 2622 525 2673 testatur
547 2627 613 2673 non
635 2628 705 2674 esse
728 2609 866 2694 singulis
885 2609 1160 2693 permittendum,
1184 2608 1275 2692 quod
1286 2630 1345 2693 per

167 2719 393 2806 magistratum
424 2719 554 2803 publice
574 2720 680 2803 possit
703 2721 792 2802 fieri,
814 2741 854 2787 ne
876 2721 917 2787 sit
938 2721 1065 2787 occasio
1077 2721 1209 2806 majoris
1220 2723 1342 2787 tumul·

167 2848 233 2898 tus.
282 2832 357 2896 Hoc
376 2829 483 2914 ipsum
504 2845 610 2898 tamen
633 2853 809 2915 quousque
830 2833 960 2899 extendi
981 2834 1096 2899 debeat
1119 2833 1195 2898 alibi
1216 2833 1343 2898 videbi-

168 2963 254 3010 mus.
302 2942 435 3008 Interim
457 2958 587 3026 apparet
608 2963 661 3009 eas
682 2944 856 3010 sententias
877 2947 917 3010 ad
935 2944 1067 3028 publica
1087 2964 1173 3009 arma
1193 2963 1258 3010 non
1270 2965 1342 3027 per·

167 3056 284 3121 tinere.
332 3054 422 3120 Celsi
453 3054 599 3137 alioquin
623 3071 655 3121 et
680 3056 828 3141 Juliani,
852 3072 981 3123 nostrae
1012 3055 1143 3140 pietatis
1174 3056 1342 3137 hostiurn,

167 3166 368 3233 accusationi
402 3166 703 3248 subscriberemus,
736 3169 794 3251 qui
819 3169 1027 3236 Christianos
1057 3167 1242 3234 calumniati
1266 3184 1343 3234 sunt

169 3299 242 3343 cum
266 3277 393 3344 ultione
421 3279 493 3362 jura
523 3278 642 3344 omnia*
658 3281 771 3345 tollere
793 3296 825 3347 et
847 3281 1054 3366 magistratus
1075 3300 1261 3363 poenasque
1283 3299 1342 3346 no·

170 3390 325 3455 centium.
371 3389 474 3476 Quod
502 3404 628 3456 tantum
664 3391 777 3472 abest,
818 3409 856 3459 ut
887 3408 999 3458 contra
1028 3391 1175 3477 theologi
1207 3391 1344 3458 nostri*

170 3500 426 3567 vindicationem
447 3500 479 3566 in
498 3501 659 3568 virtutum
680 3523 777 3569 censu
802 3504 959 3586 habeant,
981 3519 1018 3570 ut
1034 3503 1180 3589 justitiae
1198 3503 1343 3587 pedisse-

172 3633 280 3695 quam.
328 3612 479 3678 Alterum
512 3613 652 3695 vitium,
682 3615 773 3698 quod
799 3618 859 3681 hac
882 3616 914 3680 in
938 3629 1029 3699 parte
1059 3615 1182 3698 culpari
1213 3630 1345 3698 potest,

172 3723 381 3790 manifestius
412 3739 461 3789 est
489 3745 586 3807 quam
607 3741 645 3791 ut
667 3725 731 3790 dici
755 3746 885 3792 necesse
907 3726 972 3808 sit,
996 3726 1148 3792 nimirum
1170 3727 1226 3792 ubi
1250 3746 1346 3793 causa

173 3835 351 3904 ulciscendi
375 3835 496 3921 injusta
517 3852 574 3901 est.
611 3837 761 3903 Tertium
783 3838 840 3905 ubi
861 3837 979 3904 modus
991 3837 1180 3920 exceditur,
1201 3837 1258 3921 qui
1271 3859 1344 3922 pec-

173 3963 245 4013 cato
270 3948 467 4032 respondet:
493 3948 575 4015 illud
592 3949 757 4033 justitiae,
779 3951 841 4016 hoc
864 3950 1052 4016 clementiae
1065 3949 1343 4016 essecontrarium

174 4060 297 4126 Seneca
320 4065 331 4097 ⁵
357 4059 497 4143 scripsit.
544 4062 705 4148 Quartum
737 4077 808 4144 est,
833 4061 890 4128 ubi
917 4082 983 4128 non
1010 4063 1101 4147 justo
1124 4062 1231 4128 animo
1262 4062 1345 4129 ultio
1396 4147 1400 4156 ι

174 4214 366 4226 -n--a—

209 4294 216 4326 ¹
234 4296 291 4358 Jud.
307 4307 347 4342 ao.
362 4306 401 4352 23.
436 4291 446 4324 2
464 4307 520 4354 cap.
534 4309 557 4342 a.
591 4293 602 4326 ³
619 4298 636 4344 1.
651 4311 702 4346 non
718 4308 756 4346 est
770 4297 883 4358 singulis.
897 4297 923 4345 ff.
938 4299 969 4346 de
984 4311 1035 4358 reg.
1051 4296 1099 4355 jur.
1115 4298 1159 4359 [D.
1175 4299 1342 4360 so.17.176.]

175 4383 293 4434 ⁴Thom.
315 4399 338 4433 a.
361 4399 384 4434 α.
406 4399 431 4446 q.
455 4398 494 4443 72·
516 4398 561 4434 art.
584 4399 606 4444 3.
628 4400 652 4436 et
667 4402 692 4448 q.
710 4391 763 4440 108.
778 4400 803 4437 et
821 4392 874 4445 158.
893 4389 953 4438 silv.
968 4389 1034 4439 inv.
1049 4392 1231 4448 lra.§aet3.
1247 4401 1272 4437 et
1286 4389 1346 4438 inv.

179 4477 305 4528 Vindicta.
340 4475 400 4526 ⁶de
417 4479 490 4528 clem.
505 4481 522 4526 l.
541 4492 561 4527 1.
577 4492 600 4528 c.
616 4493 648 4528 20
663 4491 687 4528 et
703 4483 720 4528 l.
737 4494 759 4528 2.
774 4494 797 4530 c.
812 4495 836 4542 4
