<?xml version="1.0" encoding="UTF-8"?>
<!DOCTYPE html PUBLIC "-//W3C//DTD XHTML 1.0 Transitional//EN"
    "http://www.w3.org/TR/xhtml1/DTD/xhtml1-transitional.dtd">
<html xmlns="http://www.w3.org/1999/xhtml" xml:lang="en" lang="en">
 <head>
  <title>
</title>
<meta http-equiv="Content-Type" content="text/html;charset=utf-8" />
  <meta name='ocr-system' content='tesseract 3.04.00' />
  <meta name='ocr-capabilities' content='ocr_page ocr_carea ocr_par ocr_line ocrx_word'/>
</head>
<body>
  <div class='ocr_page' id='page_1' title='image "./ledroitdeprised01hamagoog_0080.png"; bbox 0 0 3310 5482; ppageno 0'>
   <div class='ocr_carea' id='block_1_1' title="bbox 345 566 1197 644">
    <p class='ocr_par' dir='ltr' id='par_1_1' title="bbox 345 566 1197 644">
     <span class='ocr_line' id='line_1_1' title="bbox 345 566 1197 644; baseline -0.007 -19"><span class='ocrx_word' id='word_1_1' title='bbox 345 566 384 641; x_wconf 84' lang='grc'><strong>58</strong></span> <span class='ocrx_word' id='word_1_2' title='bbox 658 579 704 623; x_wconf 84' lang='lat' dir='ltr'><strong>on</strong></span> <span class='ocrx_word' id='word_1_3' title='bbox 728 577 822 644; x_wconf 75' lang='lat' dir='ltr'><strong>June</strong></span> <span class='ocrx_word' id='word_1_4' title='bbox 850 575 1032 620; x_wconf 73' lang='lat' dir='ltr'><strong>nunaunt.</strong></span> <span class='ocrx_word' id='word_1_5' title='bbox 1059 575 1138 624; x_wconf 78' lang='lat' dir='ltr'><strong>car.</strong></span> <span class='ocrx_word' id='word_1_6' title='bbox 1163 575 1197 620; x_wconf 89' lang='lat' dir='ltr'>v.</span> 
     </span>
    </p>
   </div>
   <div class='ocr_carea' id='block_1_2' title="bbox 177 727 1644 3710">
    <p class='ocr_par' dir='ltr' id='par_1_2' title="bbox 341 727 1510 816">
     <span class='ocr_line' id='line_1_2' title="bbox 341 727 1510 816; baseline -0.007 -17"><span class='ocrx_word' id='word_1_7' title='bbox 341 733 430 816; x_wconf 86' lang='lat' dir='ltr'><strong>justa</strong></span> <span class='ocrx_word' id='word_1_8' title='bbox 449 732 513 798; x_wconf 92' lang='lat' dir='ltr'><strong>dici</strong></span> <span class='ocrx_word' id='word_1_9' title='bbox 537 732 674 811; x_wconf 87' lang='lat' dir='ltr'><strong>debeat,</strong></span> <span class='ocrx_word' id='word_1_10' title='bbox 708 745 806 800; x_wconf 85' lang='lat' dir='ltr'><strong>restat</strong></span> <span class='ocrx_word' id='word_1_11' title='bbox 824 729 1014 798; x_wconf 89' lang='lat' dir='ltr'><strong>videndum.</strong></span> <span class='ocrx_word' id='word_1_12' title='bbox 1060 729 1180 810; x_wconf 87' lang='lat' dir='ltr'><strong>Neque</strong></span> <span class='ocrx_word' id='word_1_13' title='bbox 1197 730 1295 813; x_wconf 82' lang='lat' dir='ltr'><strong>longa</strong></span> <span class='ocrx_word' id='word_1_14' title='bbox 1316 741 1365 792; x_wconf 90' lang='lat' dir='ltr'><strong>est</strong></span> <span class='ocrx_word' id='word_1_15' title='bbox 1386 727 1510 810; x_wconf 91' lang='lat' dir='ltr'><strong>disqui-</strong></span> 
     </span>
    </p>

    <p class='ocr_par' dir='ltr' id='par_1_3' title="bbox 344 837 1510 925">
     <span class='ocr_line' id='line_1_3' title="bbox 344 837 1510 925; baseline -0.004 -17"><span class='ocrx_word' id='word_1_16' title='bbox 344 843 433 910; x_wconf 87' lang='lat' dir='ltr'><strong>sitio.</strong></span> <span class='ocrx_word' id='word_1_17' title='bbox 476 844 525 909; x_wconf 91' lang='lat' dir='ltr'><strong>Ut</strong></span> <span class='ocrx_word' id='word_1_18' title='bbox 548 843 633 910; x_wconf 89' lang='lat' dir='ltr'><strong>enirn</strong></span> <span class='ocrx_word' id='word_1_19' title='bbox 654 863 695 908; x_wconf 85' lang='lat' dir='ltr'><strong>ex</strong></span> <span class='ocrx_word' id='word_1_20' title='bbox 717 843 787 922; x_wconf 92' lang='lat' dir='ltr'><strong>his,</strong></span> <span class='ocrx_word' id='word_1_21' title='bbox 810 863 893 925; x_wconf 84' lang='lat' dir='ltr'><strong>quae</strong></span> <span class='ocrx_word' id='word_1_22' title='bbox 916 856 990 908; x_wconf 88' lang='lat' dir='ltr'><strong>ante</strong></span> <span class='ocrx_word' id='word_1_23' title='bbox 1012 840 1155 908; x_wconf 87' lang='lat' dir='ltr'>diximus</span> <span class='ocrx_word' id='word_1_24' title='bbox 1180 841 1211 922; x_wconf 82' lang='lat'><strong>¹,</strong></span> <span class='ocrx_word' id='word_1_25' title='bbox 1232 837 1441 905; x_wconf 88' lang='lat' dir='ltr'><strong>manifestum</strong></span> <span class='ocrx_word' id='word_1_26' title='bbox 1453 838 1510 917; x_wconf 92' lang='lat' dir='ltr'><strong>fit,</strong></span> 
     </span>
    </p>

    <p class='ocr_par' dir='ltr' id='par_1_4' title="bbox 198 943 1515 1262">
     <span class='ocr_line' id='line_1_4' title="bbox 198 943 1514 1042; baseline -0.007 -20"><span class='ocrx_word' id='word_1_27' title='bbox 198 977 273 1023; x_wconf 76' lang='lat' dir='ltr'><strong>cml.</strong></span> <span class='ocrx_word' id='word_1_28' title='bbox 286 978 333 1024; x_wconf 90' lang='lat'><strong>111.</strong></span> <span class='ocrx_word' id='word_1_29' title='bbox 345 957 447 1020; x_wconf 84' lang='lat' dir='ltr'><strong>omnis</strong></span> <span class='ocrx_word' id='word_1_30' title='bbox 483 953 616 1042; x_wconf 81' lang='lat' dir='ltr'><strong>pracda</strong></span> <span class='ocrx_word' id='word_1_31' title='bbox 649 956 750 1040; x_wconf 84' lang='lat' dir='ltr'><strong>jutta</strong></span> <span class='ocrx_word' id='word_1_32' title='bbox 782 967 854 1037; x_wconf 76' lang='lat' dir='ltr'><strong>est,</strong></span> <span class='ocrx_word' id='word_1_33' title='bbox 889 973 975 1040; x_wconf 80' lang='lat' dir='ltr'><strong>quae</strong></span> <span class='ocrx_word' id='word_1_34' title='bbox 1007 943 1102 1038; x_wconf 82' lang='lat' dir='ltr'><strong>justo</strong></span> <span class='ocrx_word' id='word_1_35' title='bbox 1135 971 1177 1016; x_wconf 79' lang='lat' dir='ltr'><strong>ex</strong></span> <span class='ocrx_word' id='word_1_36' title='bbox 1208 949 1290 1015; x_wconf 79' lang='lat' dir='ltr'><strong>bello</strong></span> <span class='ocrx_word' id='word_1_37' title='bbox 1333 952 1448 1014; x_wconf 79' lang='lat' dir='ltr'><strong>oritur</strong></span> <span class='ocrx_word' id='word_1_38' title='bbox 1489 946 1514 1014; x_wconf 83' lang='lat'>².</span> 
     </span>
     <span class='ocr_line' id='line_1_5' title="bbox 344 1060 1513 1146; baseline -0.007 -14"><span class='ocrx_word' id='word_1_39' title='bbox 344 1066 391 1132; x_wconf 91' lang='lat' dir='ltr'><strong>Et</strong></span> <span class='ocrx_word' id='word_1_40' title='bbox 410 1066 457 1134; x_wconf 91' lang='lat' dir='ltr'><strong>sic</strong></span> <span class='ocrx_word' id='word_1_41' title='bbox 478 1085 591 1133; x_wconf 89' lang='lat' dir='ltr'><strong>omnes</strong></span> <span class='ocrx_word' id='word_1_42' title='bbox 610 1064 783 1131; x_wconf 88' lang='lat' dir='ltr'><strong>deliniunt.</strong></span> <span class='ocrx_word' id='word_1_43' title='bbox 827 1065 866 1130; x_wconf 91' lang='lat' dir='ltr'><strong>In</strong></span> <span class='ocrx_word' id='word_1_44' title='bbox 887 1084 926 1130; x_wconf 91' lang='lat' dir='ltr'><strong>eo</strong></span> <span class='ocrx_word' id='word_1_45' title='bbox 945 1084 1034 1132; x_wconf 90' lang='lat' dir='ltr'><strong>nunc</strong></span> <span class='ocrx_word' id='word_1_46' title='bbox 1044 1060 1150 1129; x_wconf 89' lang='lat' dir='ltr'><strong>omnis</strong></span> <span class='ocrx_word' id='word_1_47' title='bbox 1162 1060 1341 1146; x_wconf 87' lang='lat' dir='ltr'><strong>disputatio</strong></span> <span class='ocrx_word' id='word_1_48' title='bbox 1352 1061 1513 1140; x_wconf 86' lang='lat' dir='ltr'><strong>vertitur,</strong></span> 
     </span>
     <span class='ocr_line' id='line_1_6' title="bbox 344 1171 1515 1262; baseline -0.009 -17"><span class='ocrx_word' id='word_1_49' title='bbox 344 1179 467 1244; x_wconf 92' lang='lat' dir='ltr'><strong>bellum</strong></span> <span class='ocrx_word' id='word_1_50' title='bbox 489 1178 653 1261; x_wconf 88' lang='lat' dir='ltr'><strong>quodnam</strong></span> <span class='ocrx_word' id='word_1_51' title='bbox 673 1178 799 1262; x_wconf 88' lang='lat' dir='ltr'><strong>justum</strong></span> <span class='ocrx_word' id='word_1_52' title='bbox 822 1176 867 1242; x_wconf 91' lang='lat' dir='ltr'><strong>sit</strong></span> <span class='ocrx_word' id='word_1_53' title='bbox 889 1174 914 1242; x_wconf 86' lang='lat'>⁸.</span> <span class='ocrx_word' id='word_1_54' title='bbox 960 1176 1027 1243; x_wconf 89' lang='lat' dir='ltr'><strong>Sed</strong></span> <span class='ocrx_word' id='word_1_55' title='bbox 1045 1189 1119 1241; x_wconf 90' lang='lat' dir='ltr'><strong>ante</strong></span> <span class='ocrx_word' id='word_1_56' title='bbox 1138 1173 1244 1239; x_wconf 92' lang='lat' dir='ltr'><strong>omnis</strong></span> <span class='ocrx_word' id='word_1_57' title='bbox 1265 1173 1358 1240; x_wconf 90' lang='lat' dir='ltr'><strong>verbi</strong></span> <span class='ocrx_word' id='word_1_58' title='bbox 1369 1171 1515 1238; x_wconf 86' lang='lat' dir='ltr'><strong>tollenda</strong></span> 
     </span>
    </p>

    <p class='ocr_par' dir='ltr' id='par_1_5' title="bbox 345 1283 1513 1375">
     <span class='ocr_line' id='line_1_7' title="bbox 345 1283 1513 1375; baseline -0.006 -21"><span class='ocrx_word' id='word_1_59' title='bbox 345 1303 395 1355; x_wconf 91' lang='lat' dir='ltr'><strong>est</strong></span> <span class='ocrx_word' id='word_1_60' title='bbox 423 1288 629 1375; x_wconf 78' lang='lat' dir='ltr'><strong>ambiguitas.</strong></span> <span class='ocrx_word' id='word_1_61' title='bbox 668 1287 801 1372; x_wconf 76' lang='lat' dir='ltr'><strong>justum</strong></span> <span class='ocrx_word' id='word_1_62' title='bbox 834 1287 920 1354; x_wconf 90' lang='lat' dir='ltr'><strong>enirn</strong></span> <span class='ocrx_word' id='word_1_63' title='bbox 955 1305 1030 1353; x_wconf 91' lang='lat' dir='ltr'><strong>cum</strong></span> <span class='ocrx_word' id='word_1_64' title='bbox 1060 1286 1154 1364; x_wconf 92' lang='lat' dir='ltr'><strong>dico,</strong></span> <span class='ocrx_word' id='word_1_65' title='bbox 1188 1304 1255 1352; x_wconf 91' lang='lat' dir='ltr'><strong>nun</strong></span> <span class='ocrx_word' id='word_1_66' title='bbox 1278 1283 1323 1350; x_wconf 89' lang='lat' dir='ltr'><strong>ita</strong></span> <span class='ocrx_word' id='word_1_67' title='bbox 1345 1283 1513 1368; x_wconf 86' lang='lat' dir='ltr'><strong>intelligo,</strong></span> 
     </span>
    </p>

    <p class='ocr_par' dir='ltr' id='par_1_6' title="bbox 344 1395 1516 1596">
     <span class='ocr_line' id='line_1_8' title="bbox 344 1395 1514 1483; baseline -0.005 -18"><span class='ocrx_word' id='word_1_68' title='bbox 344 1401 431 1466; x_wconf 91' lang='lat' dir='ltr'><strong>sicut</strong></span> <span class='ocrx_word' id='word_1_69' title='bbox 452 1400 615 1467; x_wconf 90' lang='lat' dir='ltr'><strong>interdum</strong></span> <span class='ocrx_word' id='word_1_70' title='bbox 635 1413 834 1483; x_wconf 90' lang='lat' dir='ltr'><strong>usurpatur,</strong></span> <span class='ocrx_word' id='word_1_71' title='bbox 858 1399 949 1481; x_wconf 93' lang='lat' dir='ltr'><strong>quod</strong></span> <span class='ocrx_word' id='word_1_72' title='bbox 971 1399 1011 1464; x_wconf 90' lang='lat' dir='ltr'><strong>ad</strong></span> <span class='ocrx_word' id='word_1_73' title='bbox 1025 1418 1104 1464; x_wconf 90' lang='lat' dir='ltr'><strong>suae</strong></span> <span class='ocrx_word' id='word_1_74' title='bbox 1113 1411 1246 1463; x_wconf 87' lang='lat' dir='ltr'><strong>naturae</strong></span> <span class='ocrx_word' id='word_1_75' title='bbox 1258 1395 1514 1480; x_wconf 75' lang='lat' dir='ltr'><strong>magnitudinem</strong></span> 
     </span>
     <span class='ocr_line' id='line_1_9' title="bbox 344 1504 1516 1596; baseline -0.008 -18"><span class='ocrx_word' id='word_1_76' title='bbox 344 1511 517 1596; x_wconf 85' lang='lat' dir='ltr'><strong>pervenit,</strong></span> <span class='ocrx_word' id='word_1_77' title='bbox 541 1525 580 1577; x_wconf 93' lang='lat' dir='ltr'><strong>ut</strong></span> <span class='ocrx_word' id='word_1_78' title='bbox 594 1513 682 1596; x_wconf 85' lang='lat' dir='ltr'><strong>justa</strong></span> <span class='ocrx_word' id='word_1_79' title='bbox 703 1526 808 1592; x_wconf 89' lang='lat' dir='ltr'><strong>aetas,</strong></span> <span class='ocrx_word' id='word_1_80' title='bbox 830 1511 956 1594; x_wconf 88' lang='lat' dir='ltr'><strong>justum</strong></span> <span class='ocrx_word' id='word_1_81' title='bbox 978 1509 1167 1594; x_wconf 85' lang='lat' dir='ltr'><strong>navigium,</strong></span> <span class='ocrx_word' id='word_1_82' title='bbox 1185 1509 1311 1593; x_wconf 89' lang='lat' dir='ltr'><strong>justum</strong></span> <span class='ocrx_word' id='word_1_83' title='bbox 1329 1526 1413 1589; x_wconf 94' lang='lat' dir='ltr'><strong>opus</strong></span> <span class='ocrx_word' id='word_1_84' title='bbox 1433 1504 1516 1570; x_wconf 86' lang='lat' dir='ltr'><strong>dici-</strong></span> 
     </span>
    </p>

    <p class='ocr_par' dir='ltr' id='par_1_7' title="bbox 345 1617 1515 1704">
     <span class='ocr_line' id='line_1_10' title="bbox 345 1617 1515 1704; baseline -0.006 -16"><span class='ocrx_word' id='word_1_85' title='bbox 345 1638 420 1704; x_wconf 83' lang='lat' dir='ltr'><strong>tur,</strong></span> <span class='ocrx_word' id='word_1_86' title='bbox 447 1639 507 1690; x_wconf 89' lang='lat' dir='ltr'><strong>nec</strong></span> <span class='ocrx_word' id='word_1_87' title='bbox 540 1622 595 1688; x_wconf 89' lang='lat' dir='ltr'><strong>cui</strong></span> <span class='ocrx_word' id='word_1_88' title='bbox 622 1621 732 1688; x_wconf 87' lang='lat' dir='ltr'><strong>addita</strong></span> <span class='ocrx_word' id='word_1_89' title='bbox 761 1636 810 1687; x_wconf 87' lang='lat' dir='ltr'><strong>est</strong></span> <span class='ocrx_word' id='word_1_90' title='bbox 840 1620 967 1704; x_wconf 90' lang='lat' dir='ltr'><strong>species</strong></span> <span class='ocrx_word' id='word_1_91' title='bbox 994 1620 1135 1687; x_wconf 82' lang='lat' dir='ltr'><strong>exterior</strong></span> <span class='ocrx_word' id='word_1_92' title='bbox 1173 1618 1327 1686; x_wconf 90' lang='lat' dir='ltr'><strong>solemnis</strong></span> <span class='ocrx_word' id='word_1_93' title='bbox 1357 1617 1515 1699; x_wconf 86' lang='lat' dir='ltr'><strong>quodant-</strong></span> 
     </span>
    </p>

    <p class='ocr_par' dir='ltr' id='par_1_8' title="bbox 237 1728 1516 2041">
     <span class='ocr_line' id='line_1_11' title="bbox 237 1728 1515 1818; baseline -0.006 -18"><span class='ocrx_word' id='word_1_94' title='bbox 237 1759 242 1768; x_wconf 74' lang='grc'><strong>’</strong></span> <span class='ocrx_word' id='word_1_95' title='bbox 345 1735 465 1815; x_wconf 89' lang='lat' dir='ltr'><strong>modo,</strong></span> <span class='ocrx_word' id='word_1_96' title='bbox 497 1735 584 1800; x_wconf 90' lang='lat' dir='ltr'><strong>unde</strong></span> <span class='ocrx_word' id='word_1_97' title='bbox 600 1733 690 1818; x_wconf 86' lang='lat' dir='ltr'><strong>justa</strong></span> <span class='ocrx_word' id='word_1_98' title='bbox 703 1731 968 1813; x_wconf 82' lang='lat' dir='ltr'><strong>materfamilias,</strong></span> <span class='ocrx_word' id='word_1_99' title='bbox 992 1732 1053 1798; x_wconf 88' lang='lat' dir='ltr'><strong>etsi</strong></span> <span class='ocrx_word' id='word_1_100' title='bbox 1067 1749 1141 1816; x_wconf 89' lang='lat' dir='ltr'><strong>pars</strong></span> <span class='ocrx_word' id='word_1_101' title='bbox 1163 1732 1241 1797; x_wconf 91' lang='lat' dir='ltr'><strong>haec</strong></span> <span class='ocrx_word' id='word_1_102' title='bbox 1262 1744 1312 1796; x_wconf 88' lang='lat' dir='ltr'><strong>est</strong></span> <span class='ocrx_word' id='word_1_103' title='bbox 1330 1728 1515 1813; x_wconf 83' lang='lat' dir='ltr'><strong>propositae</strong></span> 
     </span>
     <span class='ocr_line' id='line_1_12' title="bbox 345 1840 1516 1929; baseline -0.005 -19"><span class='ocrx_word' id='word_1_104' title='bbox 345 1844 615 1913; x_wconf 88' lang='lat' dir='ltr'><strong>considerationis</strong></span> <span class='ocrx_word' id='word_1_105' title='bbox 644 1846 807 1929; x_wconf 87' lang='lat' dir='ltr'><strong>(utroque</strong></span> <span class='ocrx_word' id='word_1_106' title='bbox 828 1844 913 1910; x_wconf 90' lang='lat' dir='ltr'><strong>enim</strong></span> <span class='ocrx_word' id='word_1_107' title='bbox 933 1842 1120 1928; x_wconf 87' lang='lat' dir='ltr'><strong>significatu</strong></span> <span class='ocrx_word' id='word_1_108' title='bbox 1136 1844 1262 1928; x_wconf 87' lang='lat' dir='ltr'><strong>justum</strong></span> <span class='ocrx_word' id='word_1_109' title='bbox 1282 1843 1404 1908; x_wconf 86' lang='lat' dir='ltr'><strong>bellum</strong></span> <span class='ocrx_word' id='word_1_110' title='bbox 1427 1840 1516 1924; x_wconf 92' lang='lat' dir='ltr'><strong>apud</strong></span> 
     </span>
     <span class='ocr_line' id='line_1_13' title="bbox 346 1954 1516 2041; baseline -0.005 -18"><span class='ocrx_word' id='word_1_111' title='bbox 346 1971 496 2023; x_wconf 87' lang='lat' dir='ltr'><strong>auctores</strong></span> <span class='ocrx_word' id='word_1_112' title='bbox 516 1956 680 2041; x_wconf 84' lang='lat' dir='ltr'><strong>legitur),</strong></span> <span class='ocrx_word' id='word_1_113' title='bbox 699 1955 758 2022; x_wconf 89' lang='lat' dir='ltr'><strong>sed</strong></span> <span class='ocrx_word' id='word_1_114' title='bbox 773 1956 836 2020; x_wconf 94' lang='lat' dir='ltr'><strong>hoc</strong></span> <span class='ocrx_word' id='word_1_115' title='bbox 859 1955 1010 2036; x_wconf 87' lang='lat' dir='ltr'><strong>demum,</strong></span> <span class='ocrx_word' id='word_1_116' title='bbox 1029 1954 1086 2021; x_wconf 91' lang='lat' dir='ltr'><strong>cui</strong></span> <span class='ocrx_word' id='word_1_117' title='bbox 1106 1954 1189 2020; x_wconf 92' lang='lat' dir='ltr'><strong>nihil</strong></span> <span class='ocrx_word' id='word_1_118' title='bbox 1206 1973 1317 2019; x_wconf 87' lang='lat' dir='ltr'><strong>eorum</strong></span> <span class='ocrx_word' id='word_1_119' title='bbox 1329 1954 1421 2020; x_wconf 89' lang='lat' dir='ltr'><strong>deest</strong></span> <span class='ocrx_word' id='word_1_120' title='bbox 1432 1971 1516 2034; x_wconf 91' lang='lat' dir='ltr'><strong>quae</strong></span> 
     </span>
    </p>

    <p class='ocr_par' dir='ltr' id='par_1_9' title="bbox 344 2065 1517 2152">
     <span class='ocr_line' id='line_1_14' title="bbox 344 2065 1517 2152; baseline -0.005 -19"><span class='ocrx_word' id='word_1_121' title='bbox 344 2066 417 2152; x_wconf 83' lang='lat' dir='ltr'><strong>jure</strong></span> <span class='ocrx_word' id='word_1_122' title='bbox 437 2067 549 2149; x_wconf 91' lang='lat' dir='ltr'><strong>aliquo</strong></span> <span class='ocrx_word' id='word_1_123' title='bbox 570 2066 684 2134; x_wconf 88' lang='lat' dir='ltr'><strong>divino</strong></span> <span class='ocrx_word' id='word_1_124' title='bbox 707 2081 764 2132; x_wconf 88' lang='lat' dir='ltr'><strong>aut</strong></span> <span class='ocrx_word' id='word_1_125' title='bbox 784 2067 926 2132; x_wconf 86' lang='lat' dir='ltr'><strong>humano</strong></span> <span class='ocrx_word' id='word_1_126' title='bbox 942 2065 1166 2148; x_wconf 87' lang='lat' dir='ltr'><strong>requiruntur.</strong></span> <span class='ocrx_word' id='word_1_127' title='bbox 1211 2065 1310 2131; x_wconf 90' lang='lat' dir='ltr'><strong>Varie</strong></span> <span class='ocrx_word' id='word_1_128' title='bbox 1319 2079 1426 2131; x_wconf 90' lang='lat' dir='ltr'><strong>autem</strong></span> <span class='ocrx_word' id='word_1_129' title='bbox 1438 2065 1517 2129; x_wconf 89' lang='lat' dir='ltr'><strong>haec</strong></span> 
     </span>
    </p>

    <p class='ocr_par' dir='ltr' id='par_1_10' title="bbox 347 2175 1644 3041">
     <span class='ocr_line' id='line_1_15' title="bbox 348 2175 1517 2262; baseline -0.003 -18"><span class='ocrx_word' id='word_1_130' title='bbox 348 2199 408 2245; x_wconf 92' lang='lat' dir='ltr'><strong>nec</strong></span> <span class='ocrx_word' id='word_1_131' title='bbox 439 2178 518 2246; x_wconf 84' lang='lat' dir='ltr'><strong>satis</strong></span> <span class='ocrx_word' id='word_1_132' title='bbox 546 2178 659 2244; x_wconf 89' lang='lat' dir='ltr'><strong>ordine</strong></span> <span class='ocrx_word' id='word_1_133' title='bbox 683 2198 700 2242; x_wconf 89' lang='lat' dir='ltr'><strong>a</strong></span> <span class='ocrx_word' id='word_1_134' title='bbox 722 2176 885 2262; x_wconf 86' lang='lat' dir='ltr'><strong>magistris</strong></span> <span class='ocrx_word' id='word_1_135' title='bbox 913 2191 1046 2243; x_wconf 87' lang='lat' dir='ltr'><strong>tractata</strong></span> <span class='ocrx_word' id='word_1_136' title='bbox 1066 2192 1154 2244; x_wconf 89' lang='lat' dir='ltr'><strong>sunt.</strong></span> <span class='ocrx_word' id='word_1_137' title='bbox 1199 2177 1330 2261; x_wconf 89' lang='lat' dir='ltr'><strong>Septem</strong></span> <span class='ocrx_word' id='word_1_138' title='bbox 1349 2175 1517 2258; x_wconf 72' lang='lat' dir='ltr'><strong>quidam*</strong></span> 
     </span>
     <span class='ocr_line' id='line_1_16' title="bbox 347 2289 1518 2373; baseline -0.005 -17"><span class='ocrx_word' id='word_1_139' title='bbox 347 2293 507 2358; x_wconf 90' lang='lat' dir='ltr'><strong>bellorum</strong></span> <span class='ocrx_word' id='word_1_140' title='bbox 540 2291 671 2356; x_wconf 88' lang='lat' dir='ltr'><strong>nomina</strong></span> <span class='ocrx_word' id='word_1_141' title='bbox 703 2289 813 2356; x_wconf 87' lang='lat' dir='ltr'><strong>verius</strong></span> <span class='ocrx_word' id='word_1_142' title='bbox 835 2309 932 2373; x_wconf 88' lang='lat' dir='ltr'><strong>quam</strong></span> <span class='ocrx_word' id='word_1_143' title='bbox 953 2308 1068 2373; x_wconf 85' lang='lat' dir='ltr'><strong>genera</strong></span> <span class='ocrx_word' id='word_1_144' title='bbox 1086 2303 1287 2372; x_wconf 87' lang='lat' dir='ltr'><strong>posuerunt:</strong></span> <span class='ocrx_word' id='word_1_145' title='bbox 1313 2307 1421 2370; x_wconf 90' lang='lat' dir='ltr'><strong>neque</strong></span> <span class='ocrx_word' id='word_1_146' title='bbox 1441 2304 1518 2353; x_wconf 90' lang='lat' dir='ltr'><strong>vera</strong></span> 
     </span>
     <span class='ocr_line' id='line_1_17' title="bbox 347 2399 1644 2485; baseline -0.005 -16"><span class='ocrx_word' id='word_1_147' title='bbox 347 2403 479 2485; x_wconf 89' lang='lat' dir='ltr'><strong>omnia,</strong></span> <span class='ocrx_word' id='word_1_148' title='bbox 502 2421 560 2468; x_wconf 93' lang='lat' dir='ltr'><strong>nec</strong></span> <span class='ocrx_word' id='word_1_149' title='bbox 582 2402 651 2485; x_wconf 89' lang='lat' dir='ltr'><strong>ipsa</strong></span> <span class='ocrx_word' id='word_1_150' title='bbox 672 2403 751 2468; x_wconf 90' lang='lat' dir='ltr'><strong>satis</strong></span> <span class='ocrx_word' id='word_1_151' title='bbox 774 2403 858 2468; x_wconf 88' lang='lat' dir='ltr'><strong>inter</strong></span> <span class='ocrx_word' id='word_1_152' title='bbox 878 2421 912 2468; x_wconf 90' lang='lat' dir='ltr'><strong>se</strong></span> <span class='ocrx_word' id='word_1_153' title='bbox 931 2400 1094 2468; x_wconf 89' lang='lat' dir='ltr'><strong>distincta.</strong></span> <span class='ocrx_word' id='word_1_154' title='bbox 1139 2400 1301 2467; x_wconf 90' lang='lat' dir='ltr'><strong>Nonnulli</strong></span> <span class='ocrx_word' id='word_1_155' title='bbox 1321 2400 1384 2465; x_wconf 90' lang='lat' dir='ltr'><strong>hoc</strong></span> <span class='ocrx_word' id='word_1_156' title='bbox 1402 2399 1518 2464; x_wconf 90' lang='lat' dir='ltr'><strong>volue-</strong></span> <span class='ocrx_word' id='word_1_157' title='bbox 1580 2468 1583 2474; x_wconf 57' lang='grc'>,</span> <span class='ocrx_word' id='word_1_158' title='bbox 1643 2435 1644 2484; x_wconf 64' lang='lat'>3</span> 
     </span>
     <span class='ocr_line' id='line_1_18' title="bbox 347 2511 1516 2598; baseline -0.005 -19"><span class='ocrx_word' id='word_1_159' title='bbox 347 2529 426 2580; x_wconf 90' lang='lat' dir='ltr'><strong>runt</strong></span> <span class='ocrx_word' id='word_1_160' title='bbox 451 2529 490 2579; x_wconf 92' lang='lat' dir='ltr'><strong>ut</strong></span> <span class='ocrx_word' id='word_1_161' title='bbox 518 2513 665 2598; x_wconf 84' lang='lat' dir='ltr'><strong>ajudice</strong></span> <span class='ocrx_word' id='word_1_162' title='bbox 686 2527 772 2579; x_wconf 85' lang='lat' dir='ltr'><strong>esset</strong></span> <span class='ocrx_word' id='word_1_163' title='bbox 793 2528 825 2578; x_wconf 91' lang='lat' dir='ltr'><strong>et</strong></span> <span class='ocrx_word' id='word_1_164' title='bbox 846 2533 886 2580; x_wconf 83' lang='lat' dir='ltr'><strong>ex</strong></span> <span class='ocrx_word' id='word_1_165' title='bbox 901 2515 988 2598; x_wconf 87' lang='lat' dir='ltr'><strong>jure.</strong></span> <span class='ocrx_word' id='word_1_166' title='bbox 1035 2512 1102 2578; x_wconf 88' lang='lat' dir='ltr'><strong>Alii</strong></span> <span class='ocrx_word' id='word_1_167' title='bbox 1125 2512 1178 2576; x_wconf 91' lang='lat' dir='ltr'><strong>hic</strong></span> <span class='ocrx_word' id='word_1_168' title='bbox 1200 2511 1385 2578; x_wconf 89' lang='lat' dir='ltr'><strong>desiderant</strong></span> <span class='ocrx_word' id='word_1_169' title='bbox 1403 2527 1516 2575; x_wconf 89' lang='lat' dir='ltr'><strong>aucto-</strong></span> 
     </span>
     <span class='ocr_line' id='line_1_19' title="bbox 348 2619 1515 2709; baseline -0.007 -19"><span class='ocrx_word' id='word_1_170' title='bbox 348 2625 492 2704; x_wconf 89' lang='lat' dir='ltr'><strong>ritatem,</strong></span> <span class='ocrx_word' id='word_1_171' title='bbox 522 2644 651 2692; x_wconf 86' lang='lat' dir='ltr'><strong>causam</strong></span> <span class='ocrx_word' id='word_1_172' title='bbox 681 2625 748 2709; x_wconf 89' lang='lat' dir='ltr'><strong>(sic</strong></span> <span class='ocrx_word' id='word_1_173' title='bbox 778 2638 897 2690; x_wconf 89' lang='lat' dir='ltr'><strong>vocant</strong></span> <span class='ocrx_word' id='word_1_174' title='bbox 923 2623 1008 2689; x_wconf 93' lang='lat' dir='ltr'><strong>illud</strong></span> <span class='ocrx_word' id='word_1_175' title='bbox 1041 2623 1127 2690; x_wconf 90' lang='lat' dir='ltr'><strong>unde</strong></span> <span class='ocrx_word' id='word_1_176' title='bbox 1154 2625 1275 2689; x_wconf 88' lang='lat' dir='ltr'><strong>bellurn</strong></span> <span class='ocrx_word' id='word_1_177' title='bbox 1295 2619 1460 2705; x_wconf 89' lang='lat' dir='ltr'><strong>nascitur)</strong></span> <span class='ocrx_word' id='word_1_178' title='bbox 1483 2632 1515 2683; x_wconf 92' lang='lat' dir='ltr'><strong>et</strong></span> 
     </span>
     <span class='ocr_line' id='line_1_20' title="bbox 348 2733 1515 2818; baseline -0.003 -18"><span class='ocrx_word' id='word_1_179' title='bbox 348 2736 581 2816; x_wconf 76' lang='lat' dir='ltr'><strong>intentionem,</strong></span> <span class='ocrx_word' id='word_1_180' title='bbox 611 2756 671 2801; x_wconf 87' lang='lat' dir='ltr'><strong>seu</strong></span> <span class='ocrx_word' id='word_1_181' title='bbox 702 2735 815 2818; x_wconf 90' lang='lat' dir='ltr'><strong>potius</strong></span> <span class='ocrx_word' id='word_1_182' title='bbox 844 2735 901 2816; x_wconf 83' lang='lat' dir='ltr'><strong>id,</strong></span> <span class='ocrx_word' id='word_1_183' title='bbox 932 2734 1024 2817; x_wconf 91' lang='lat' dir='ltr'><strong>quod</strong></span> <span class='ocrx_word' id='word_1_184' title='bbox 1050 2733 1172 2816; x_wconf 91' lang='lat' dir='ltr'><strong>cuique</strong></span> <span class='ocrx_word' id='word_1_185' title='bbox 1203 2733 1409 2817; x_wconf 88' lang='lat' dir='ltr'><strong>propositum</strong></span> <span class='ocrx_word' id='word_1_186' title='bbox 1443 2745 1515 2812; x_wconf 82' lang='lat' dir='ltr'><strong>est,</strong></span> 
     </span>
     <span class='ocr_line' id='line_1_21' title="bbox 347 2842 1517 2928; baseline -0.005 -14"><span class='ocrx_word' id='word_1_187' title='bbox 347 2847 499 2914; x_wconf 89' lang='lat' dir='ltr'><strong>nonnulli</strong></span> <span class='ocrx_word' id='word_1_188' title='bbox 518 2867 669 2928; x_wconf 86' lang='lat' dir='ltr'><strong>causam,</strong></span> <span class='ocrx_word' id='word_1_189' title='bbox 690 2847 842 2925; x_wconf 88' lang='lat' dir='ltr'><strong>modum,</strong></span> <span class='ocrx_word' id='word_1_190' title='bbox 862 2845 1088 2912; x_wconf 88' lang='lat' dir='ltr'><strong>necessitatem</strong></span> <span class='ocrx_word' id='word_1_191' title='bbox 1113 2848 1135 2911; x_wconf 85' lang='lat'>⁵.</span> <span class='ocrx_word' id='word_1_192' title='bbox 1180 2845 1358 2911; x_wconf 85' lang='lat' dir='ltr'><strong>Auxerunt</strong></span> <span class='ocrx_word' id='word_1_193' title='bbox 1379 2842 1434 2909; x_wconf 87' lang='lat' dir='ltr'><strong>alii</strong></span> <span class='ocrx_word' id='word_1_194' title='bbox 1456 2863 1517 2908; x_wconf 95' lang='lat' dir='ltr'><strong>nu·</strong></span> 
     </span>
     <span class='ocr_line' id='line_1_22' title="bbox 348 2950 1517 3041; baseline -0.005 -16"><span class='ocrx_word' id='word_1_195' title='bbox 348 2980 493 3041; x_wconf 86' lang='lat' dir='ltr'><strong>merum,</strong></span> <span class='ocrx_word' id='word_1_196' title='bbox 524 2957 581 3041; x_wconf 92' lang='lat' dir='ltr'><strong>qui</strong></span> <span class='ocrx_word' id='word_1_197' title='bbox 609 2959 825 3026; x_wconf 89' lang='lat' dir='ltr'><strong>necessarium</strong></span> <span class='ocrx_word' id='word_1_198' title='bbox 847 2950 922 3025; x_wconf 89' lang='lat' dir='ltr'><strong>esse</strong></span> <span class='ocrx_word' id='word_1_199' title='bbox 937 2959 1059 3023; x_wconf 92' lang='lat' dir='ltr'><strong>bellum</strong></span> <span class='ocrx_word' id='word_1_200' title='bbox 1080 2956 1240 3039; x_wconf 82' lang='lat' dir='ltr'><strong>cupiunt,</strong></span> <span class='ocrx_word' id='word_1_201' title='bbox 1264 2971 1303 3022; x_wconf 92' lang='lat' dir='ltr'><strong>ut</strong></span> <span class='ocrx_word' id='word_1_202' title='bbox 1322 2955 1392 3020; x_wconf 90' lang='lat' dir='ltr'><strong>sine</strong></span> <span class='ocrx_word' id='word_1_203' title='bbox 1411 2954 1517 3038; x_wconf 90' lang='lat' dir='ltr'><strong>reipu-</strong></span> 
     </span>
    </p>

    <p class='ocr_par' dir='ltr' id='par_1_11' title="bbox 348 3066 1535 3160">
     <span class='ocr_line' id='line_1_23' title="bbox 348 3066 1535 3160; baseline -0.003 -24"><span class='ocrx_word' id='word_1_204' title='bbox 348 3070 451 3137; x_wconf 88' lang='lat' dir='ltr'><strong>blicae</strong></span> <span class='ocrx_word' id='word_1_205' title='bbox 470 3071 618 3154; x_wconf 89' lang='lat' dir='ltr'><strong>periculo</strong></span> <span class='ocrx_word' id='word_1_206' title='bbox 635 3069 743 3136; x_wconf 90' lang='lat' dir='ltr'><strong>omitti</strong></span> <span class='ocrx_word' id='word_1_207' title='bbox 762 3089 828 3136; x_wconf 91' lang='lat' dir='ltr'><strong>non</strong></span> <span class='ocrx_word' id='word_1_208' title='bbox 844 3066 969 3152; x_wconf 90' lang='lat' dir='ltr'><strong>possit,</strong></span> <span class='ocrx_word' id='word_1_209' title='bbox 992 3084 1024 3134; x_wconf 91' lang='lat' dir='ltr'><strong>et</strong></span> <span class='ocrx_word' id='word_1_210' title='bbox 1044 3069 1171 3153; x_wconf 75' lang='lat' dir='ltr'><strong>iussum</strong></span> <span class='ocrx_word' id='word_1_211' title='bbox 1191 3087 1210 3133; x_wconf 86' lang='lat' dir='ltr'><strong>a</strong></span> <span class='ocrx_word' id='word_1_212' title='bbox 1225 3066 1416 3152; x_wconf 85' lang='lat' dir='ltr'><strong>magistratu</strong></span> <span class='ocrx_word' id='word_1_213' title='bbox 1429 3085 1535 3160; x_wconf 23' lang='lat' dir='ltr'><strong>sum·-</strong></span> 
     </span>
    </p>

    <p class='ocr_par' dir='ltr' id='par_1_12' title="bbox 348 3175 1517 3266">
     <span class='ocr_line' id='line_1_24' title="bbox 348 3175 1517 3266; baseline -0.003 -19"><span class='ocrx_word' id='word_1_214' title='bbox 348 3202 423 3263; x_wconf 89' lang='lat' dir='ltr'><strong>mo,</strong></span> <span class='ocrx_word' id='word_1_215' title='bbox 459 3197 491 3247; x_wconf 92' lang='lat' dir='ltr'><strong>et</strong></span> <span class='ocrx_word' id='word_1_216' title='bbox 525 3183 615 3266; x_wconf 86' lang='lat' dir='ltr'><strong>justa</strong></span> <span class='ocrx_word' id='word_1_217' title='bbox 654 3200 771 3262; x_wconf 84' lang='lat' dir='ltr'><strong>causa,</strong></span> <span class='ocrx_word' id='word_1_218' title='bbox 806 3179 1033 3262; x_wconf 87' lang='lat' dir='ltr'><strong>indictumque</strong></span> <span class='ocrx_word' id='word_1_219' title='bbox 1065 3180 1153 3245; x_wconf 90' lang='lat' dir='ltr'><strong>hosti</strong></span> <span class='ocrx_word' id='word_1_220' title='bbox 1184 3194 1217 3246; x_wconf 91' lang='lat' dir='ltr'><strong>et</strong></span> <span class='ocrx_word' id='word_1_221' title='bbox 1245 3177 1472 3244; x_wconf 89' lang='lat' dir='ltr'><strong>denuntiatum</strong></span> <span class='ocrx_word' id='word_1_222' title='bbox 1493 3175 1517 3243; x_wconf 79' lang='lat'>⁸.</span> 
     </span>
    </p>

    <p class='ocr_par' dir='ltr' id='par_1_13' title="bbox 217 3289 1516 3383">
     <span class='ocr_line' id='line_1_25' title="bbox 217 3289 1516 3383; baseline -0.002 -26"><span class='ocrx_word' id='word_1_223' title='bbox 217 3335 286 3383; x_wconf 69' lang='lat' dir='ltr'><strong>Nova</strong></span> <span class='ocrx_word' id='word_1_224' title='bbox 299 3291 569 3381; x_wconf 40' lang='lat' dir='ltr'><strong>&amp;Considerant</strong></span> <span class='ocrx_word' id='word_1_225' title='bbox 591 3292 646 3358; x_wconf 89' lang='lat' dir='ltr'><strong>alii</strong></span> <span class='ocrx_word' id='word_1_226' title='bbox 675 3311 714 3356; x_wconf 84' lang='lat' dir='ltr'><strong>ex</strong></span> <span class='ocrx_word' id='word_1_227' title='bbox 737 3312 791 3373; x_wconf 84' lang='lat' dir='ltr'><strong>re,</strong></span> <span class='ocrx_word' id='word_1_228' title='bbox 823 3311 862 3356; x_wconf 85' lang='lat' dir='ltr'><strong>ex</strong></span> <span class='ocrx_word' id='word_1_229' title='bbox 887 3311 1001 3372; x_wconf 87' lang='lat' dir='ltr'><strong>causa,</strong></span> <span class='ocrx_word' id='word_1_230' title='bbox 1024 3311 1063 3355; x_wconf 84' lang='lat' dir='ltr'><strong>ex</strong></span> <span class='ocrx_word' id='word_1_231' title='bbox 1084 3290 1212 3373; x_wconf 84' lang='lat' dir='ltr'><strong>animo,</strong></span> <span class='ocrx_word' id='word_1_232' title='bbox 1242 3310 1281 3354; x_wconf 86' lang='lat' dir='ltr'><strong>ex</strong></span> <span class='ocrx_word' id='word_1_233' title='bbox 1301 3289 1516 3370; x_wconf 79' lang='lat' dir='ltr'><strong>auctoritate,</strong></span> 
     </span>
    </p>

    <p class='ocr_par' dir='ltr' id='par_1_14' title="bbox 177 3389 1517 3502">
     <span class='ocr_line' id='line_1_26' title="bbox 177 3389 1517 3502; baseline -0.002 -34"><span class='ocrx_word' id='word_1_234' title='bbox 177 3488 185 3502; x_wconf 35' lang='grc' dir='ltr'>ι</span> <span class='ocrx_word' id='word_1_235' title='bbox 218 3389 324 3438; x_wconf 68' lang='lat'><strong>“⁰&#39;⁶&#39;¹&#39;⁰·</strong></span> <span class='ocrx_word' id='word_1_236' title='bbox 349 3423 387 3467; x_wconf 89' lang='lat' dir='ltr'><strong>ex</strong></span> <span class='ocrx_word' id='word_1_237' title='bbox 407 3422 554 3486; x_wconf 87' lang='lat' dir='ltr'><strong>persona.</strong></span> <span class='ocrx_word' id='word_1_238' title='bbox 601 3403 697 3468; x_wconf 87' lang='lat' dir='ltr'><strong>Sed</strong></span> <span class='ocrx_word' id='word_1_239' title='bbox 688 3423 722 3468; x_wconf 89' lang='lat' dir='ltr'><strong>m</strong></span> <span class='ocrx_word' id='word_1_240' title='bbox 744 3424 875 3486; x_wconf 87' lang='lat' dir='ltr'><strong>quaque</strong></span> <span class='ocrx_word' id='word_1_241' title='bbox 897 3401 1073 3485; x_wconf 86' lang='lat' dir='ltr'><strong>partitione</strong></span> <span class='ocrx_word' id='word_1_242' title='bbox 1100 3400 1325 3484; x_wconf 89' lang='lat' dir='ltr'><strong>quiddeficiat</strong></span> <span class='ocrx_word' id='word_1_243' title='bbox 1344 3415 1400 3466; x_wconf 89' lang='lat' dir='ltr'><strong>aut</strong></span> <span class='ocrx_word' id='word_1_244' title='bbox 1415 3401 1517 3466; x_wconf 90' lang='lat' dir='ltr'><strong>abun-</strong></span> 
     </span>
    </p>

    <p class='ocr_par' dir='ltr' id='par_1_15' title="bbox 347 3515 1518 3710">
     <span class='ocr_line' id='line_1_27' title="bbox 347 3515 1517 3601; baseline -0.002 -21"><span class='ocrx_word' id='word_1_245' title='bbox 347 3516 423 3594; x_wconf 84' lang='lat' dir='ltr'><strong>det,</strong></span> <span class='ocrx_word' id='word_1_246' title='bbox 453 3515 498 3580; x_wconf 87' lang='lat' dir='ltr'><strong>ita</strong></span> <span class='ocrx_word' id='word_1_247' title='bbox 530 3515 717 3601; x_wconf 82' lang='lat' dir='ltr'><strong>apparebit,</strong></span> <span class='ocrx_word' id='word_1_248' title='bbox 747 3515 774 3582; x_wconf 92' lang='lat' dir='ltr'><strong>si</strong></span> <span class='ocrx_word' id='word_1_249' title='bbox 806 3515 926 3581; x_wconf 92' lang='lat' dir='ltr'><strong>bellum</strong></span> <span class='ocrx_word' id='word_1_250' title='bbox 959 3515 999 3580; x_wconf 91' lang='lat' dir='ltr'><strong>ad</strong></span> <span class='ocrx_word' id='word_1_251' title='bbox 1029 3533 1154 3579; x_wconf 89' lang='lat' dir='ltr'><strong>summa</strong></span> <span class='ocrx_word' id='word_1_252' title='bbox 1184 3529 1326 3597; x_wconf 89' lang='lat' dir='ltr'><strong>quatuor</strong></span> <span class='ocrx_word' id='word_1_253' title='bbox 1347 3532 1517 3580; x_wconf 85' lang='lat' dir='ltr'><strong>causarum</strong></span> 
     </span>
     <span class='ocr_line' id='line_1_28' title="bbox 347 3625 1518 3710; baseline -0.002 -18"><span class='ocrx_word' id='word_1_254' title='bbox 347 3646 464 3710; x_wconf 80' lang='lat' dir='ltr'><strong>genera</strong></span> <span class='ocrx_word' id='word_1_255' title='bbox 482 3633 493 3674; x_wconf 85' lang='lat'><strong><em>⁷</em></strong></span> <span class='ocrx_word' id='word_1_256' title='bbox 509 3646 715 3694; x_wconf 83' lang='lat' dir='ltr'><strong>revocemus.</strong></span> <span class='ocrx_word' id='word_1_257' title='bbox 762 3626 877 3694; x_wconf 89' lang='lat' dir='ltr'><strong>Solent</strong></span> <span class='ocrx_word' id='word_1_258' title='bbox 904 3627 989 3692; x_wconf 90' lang='lat' dir='ltr'><strong>enim</strong></span> <span class='ocrx_word' id='word_1_259' title='bbox 1020 3625 1165 3692; x_wconf 86' lang='lat' dir='ltr'><strong>actiones</strong></span> <span class='ocrx_word' id='word_1_260' title='bbox 1192 3645 1258 3692; x_wconf 88' lang='lat' dir='ltr'><strong>non</strong></span> <span class='ocrx_word' id='word_1_261' title='bbox 1289 3625 1399 3691; x_wconf 88' lang='lat' dir='ltr'><strong>minus</strong></span> <span class='ocrx_word' id='word_1_262' title='bbox 1420 3643 1518 3706; x_wconf 85' lang='lat' dir='ltr'><strong>quam</strong></span> 
     </span>
    </p>
   </div>
   <div class='ocr_carea' id='block_1_3' title="bbox 347 3821 543 3830">
    <p class='ocr_par' dir='ltr' id='par_1_16' title="bbox 347 3821 543 3830">
     <span class='ocr_line' id='line_1_29' title="bbox 347 3821 543 3830; baseline 0.005 -1"><span class='ocrx_word' id='word_1_263' title='bbox 347 3821 543 3830; x_wconf 79' lang='lat'><strong>-—--——---</strong></span> 
     </span>
    </p>
   </div>
   <div class='ocr_carea' id='block_1_4' title="bbox 348 3933 1521 4544">
    <p class='ocr_par' dir='ltr' id='par_1_17' title="bbox 348 3933 1521 4544">
     <span class='ocr_line' id='line_1_30' title="bbox 383 3933 1520 3996; baseline -0.002 -11"><span class='ocrx_word' id='word_1_264' title='bbox 383 3937 456 3984; x_wconf 85' lang='lat' dir='ltr'>¹Ex.</span> <span class='ocrx_word' id='word_1_265' title='bbox 474 3938 608 3985; x_wconf 85' lang='lat' dir='ltr'><strong>demonstr.</strong></span> <span class='ocrx_word' id='word_1_266' title='bbox 636 3935 706 3984; x_wconf 89' lang='lat' dir='ltr'><strong>univ</strong></span> <span class='ocrx_word' id='word_1_267' title='bbox 730 3949 755 3996; x_wconf 94' lang='lat' dir='ltr'><strong>q.</strong></span> <span class='ocrx_word' id='word_1_268' title='bbox 774 3949 797 3984; x_wconf 83' lang='lat' dir='ltr'><strong>a.</strong></span> <span class='ocrx_word' id='word_1_269' title='bbox 831 3933 842 3968; x_wconf 73' lang='lat'>²</span> <span class='ocrx_word' id='word_1_270' title='bbox 864 3935 992 3984; x_wconf 90' lang='lat' dir='ltr'><strong>Convenit</strong></span> <span class='ocrx_word' id='word_1_271' title='bbox 1010 3947 1067 3983; x_wconf 90' lang='lat' dir='ltr'><strong>cum</strong></span> <span class='ocrx_word' id='word_1_272' title='bbox 1086 3936 1175 3983; x_wconf 88' lang='lat' dir='ltr'>Thom.</span> <span class='ocrx_word' id='word_1_273' title='bbox 1194 3948 1217 3983; x_wconf 84' lang='lat' dir='ltr'><strong>a</strong></span> <span class='ocrx_word' id='word_1_274' title='bbox 1236 3948 1258 3982; x_wconf 82' lang='lat'>2.</span> <span class='ocrx_word' id='word_1_275' title='bbox 1276 3949 1301 3994; x_wconf 89' lang='lat' dir='ltr'><strong>q.</strong></span> <span class='ocrx_word' id='word_1_276' title='bbox 1320 3934 1362 3983; x_wconf 86' lang='lat'>66.</span> <span class='ocrx_word' id='word_1_277' title='bbox 1381 3946 1426 3982; x_wconf 92' lang='lat' dir='ltr'><strong>art</strong></span> <span class='ocrx_word' id='word_1_278' title='bbox 1445 3937 1470 3984; x_wconf 85' lang='lat'>8.</span> <span class='ocrx_word' id='word_1_279' title='bbox 1488 3937 1520 3983; x_wconf 87' lang='lat' dir='ltr'><strong>ad</strong></span> 
     </span>
     <span class='ocr_line' id='line_1_31' title="bbox 352 4024 1519 4088; baseline -0.001 -13"><span class='ocrx_word' id='word_1_280' title='bbox 352 4041 373 4075; x_wconf 89' lang='lat' dir='ltr'><strong>t.</strong></span> <span class='ocrx_word' id='word_1_281' title='bbox 391 4026 442 4075; x_wconf 78' lang='lat' dir='ltr'>³V.</span> <span class='ocrx_word' id='word_1_282' title='bbox 451 4030 513 4078; x_wconf 85' lang='lat' dir='ltr'><strong>Bud.</strong></span> <span class='ocrx_word' id='word_1_283' title='bbox 528 4027 614 4086; x_wconf 59' lang='lat' dir='ltr'><strong>taff.</strong></span> <span class='ocrx_word' id='word_1_284' title='bbox 623 4027 763 4087; x_wconf 89' lang='lat' dir='ltr'><strong>prosoci0.</strong></span> <span class='ocrx_word' id='word_1_285' title='bbox 774 4027 819 4088; x_wconf 91' lang='lat' dir='ltr'>[D.</span> <span class='ocrx_word' id='word_1_286' title='bbox 833 4039 870 4084; x_wconf 86' lang='lat'>17.</span> <span class='ocrx_word' id='word_1_287' title='bbox 890 4027 926 4088; x_wconf 88' lang='lat'>2.]</span> <span class='ocrx_word' id='word_1_288' title='bbox 946 4024 1290 4086; x_wconf 78' lang='lat' dir='ltr'><strong>etayalamdejnrebellll.</strong></span> <span class='ocrx_word' id='word_1_289' title='bbox 1310 4039 1330 4072; x_wconf 91' lang='lat' dir='ltr'><strong>r.</strong></span> <span class='ocrx_word' id='word_1_290' title='bbox 1341 4039 1363 4073; x_wconf 88' lang='lat' dir='ltr'><strong>c.</strong></span> <span class='ocrx_word' id='word_1_291' title='bbox 1382 4039 1422 4086; x_wconf 81' lang='grc'><strong>34.</strong></span> <span class='ocrx_word' id='word_1_292' title='bbox 1440 4025 1519 4074; x_wconf 61' lang='lat' dir='ltr'><strong>*Ge-</strong></span> 
     </span>
     <span class='ocr_line' id='line_1_32' title="bbox 348 4115 1520 4180; baseline 0 -16"><span class='ocrx_word' id='word_1_293' title='bbox 348 4117 408 4165; x_wconf 89' lang='lat' dir='ltr'><strong>min.</strong></span> <span class='ocrx_word' id='word_1_294' title='bbox 435 4117 460 4165; x_wconf 92' lang='lat' dir='ltr'><strong>in</strong></span> <span class='ocrx_word' id='word_1_295' title='bbox 484 4133 507 4167; x_wconf 92' lang='lat' dir='ltr'><strong>c.</strong></span> <span class='ocrx_word' id='word_1_296' title='bbox 534 4132 555 4166; x_wconf 91' lang='lat'>1.</span> <span class='ocrx_word' id='word_1_297' title='bbox 579 4120 609 4166; x_wconf 91' lang='lat' dir='ltr'><strong>de</strong></span> <span class='ocrx_word' id='word_1_298' title='bbox 632 4116 726 4166; x_wconf 90' lang='lat' dir='ltr'><strong>homic.</strong></span> <span class='ocrx_word' id='word_1_299' title='bbox 754 4115 893 4180; x_wconf 84' lang='lat' dir='ltr'><strong>[Decretal.</strong></span> <span class='ocrx_word' id='word_1_300' title='bbox 911 4116 979 4165; x_wconf 93' lang='lat' dir='ltr'><strong>in6.</strong></span> <span class='ocrx_word' id='word_1_301' title='bbox 996 4129 1018 4173; x_wconf 95' lang='grc'><strong>5.</strong></span> <span class='ocrx_word' id='word_1_302' title='bbox 1036 4115 1074 4180; x_wconf 94' lang='grc'><strong>4,]</strong></span> <span class='ocrx_word' id='word_1_303' title='bbox 1102 4127 1127 4164; x_wconf 87' lang='lat' dir='ltr'><strong>et</strong></span> <span class='ocrx_word' id='word_1_304' title='bbox 1154 4129 1185 4164; x_wconf 87' lang='lat' dir='ltr'><strong>ex</strong></span> <span class='ocrx_word' id='word_1_305' title='bbox 1211 4116 1259 4163; x_wconf 92' lang='lat' dir='ltr'><strong>illo</strong></span> <span class='ocrx_word' id='word_1_306' title='bbox 1276 4115 1319 4164; x_wconf 89' lang='lat' dir='ltr'><strong>alii</strong></span> <span class='ocrx_word' id='word_1_307' title='bbox 1336 4115 1378 4175; x_wconf 87' lang='lat' dir='ltr'><strong>qui</strong></span> <span class='ocrx_word' id='word_1_308' title='bbox 1399 4117 1520 4164; x_wconf 87' lang='lat' dir='ltr'><strong>debello</strong></span> 
     </span>
     <span class='ocr_line' id='line_1_33' title="bbox 349 4207 1521 4269; baseline 0 -13"><span class='ocrx_word' id='word_1_309' title='bbox 349 4209 512 4269; x_wconf 88' lang='lat' dir='ltr'><strong>scripserunt.</strong></span> <span class='ocrx_word' id='word_1_310' title='bbox 546 4209 564 4257; x_wconf 81' lang='lat'>⁵.</span> <span class='ocrx_word' id='word_1_311' title='bbox 583 4210 672 4257; x_wconf 91' lang='lat' dir='ltr'><strong>Thom.</strong></span> <span class='ocrx_word' id='word_1_312' title='bbox 691 4222 714 4256; x_wconf 81' lang='lat' dir='ltr'><strong>a.</strong></span> <span class='ocrx_word' id='word_1_313' title='bbox 733 4222 756 4256; x_wconf 84' lang='lat'>2.</span> <span class='ocrx_word' id='word_1_314' title='bbox 774 4223 799 4268; x_wconf 95' lang='lat' dir='ltr'>q.</span> <span class='ocrx_word' id='word_1_315' title='bbox 816 4222 858 4269; x_wconf 84' lang='lat'>40.</span> <span class='ocrx_word' id='word_1_316' title='bbox 876 4209 943 4256; x_wconf 84' lang='lat' dir='ltr'><strong>Dart.</strong></span> <span class='ocrx_word' id='word_1_317' title='bbox 962 4210 993 4257; x_wconf 79' lang='lat' dir='ltr'><strong>&lt;le</strong></span> <span class='ocrx_word' id='word_1_318' title='bbox 1011 4220 1119 4266; x_wconf 90' lang='lat' dir='ltr'><strong>repress.</strong></span> <span class='ocrx_word' id='word_1_319' title='bbox 1136 4209 1216 4255; x_wconf 83' lang='lat' dir='ltr'><strong>Castr.</strong></span> <span class='ocrx_word' id='word_1_320' title='bbox 1234 4209 1299 4255; x_wconf 85' lang='lat' dir='ltr'><strong>adl.</strong></span> <span class='ocrx_word' id='word_1_321' title='bbox 1317 4219 1349 4254; x_wconf 86' lang='lat' dir='ltr'><strong>ex</strong></span> <span class='ocrx_word' id='word_1_322' title='bbox 1365 4209 1424 4255; x_wconf 91' lang='lat' dir='ltr'><strong>hoc.</strong></span> <span class='ocrx_word' id='word_1_323' title='bbox 1447 4207 1473 4256; x_wconf 81' lang='lat' dir='ltr'>ff.</span> <span class='ocrx_word' id='word_1_324' title='bbox 1489 4209 1521 4256; x_wconf 87' lang='lat' dir='ltr'><strong>de</strong></span> 
     </span>
     <span class='ocr_line' id='line_1_34' title="bbox 348 4297 1521 4362; baseline -0.001 -14"><span class='ocrx_word' id='word_1_325' title='bbox 348 4298 408 4356; x_wconf 83' lang='lat' dir='ltr'><strong>just.</strong></span> <span class='ocrx_word' id='word_1_326' title='bbox 427 4311 451 4348; x_wconf 88' lang='lat' dir='ltr'><strong>et</strong></span> <span class='ocrx_word' id='word_1_327' title='bbox 468 4297 532 4357; x_wconf 84' lang='lat' dir='ltr'><strong>jure.</strong></span> <span class='ocrx_word' id='word_1_328' title='bbox 551 4301 595 4362; x_wconf 91' lang='lat' dir='ltr'>[D.</span> <span class='ocrx_word' id='word_1_329' title='bbox 615 4314 636 4349; x_wconf 92' lang='lat'>1.</span> <span class='ocrx_word' id='word_1_330' title='bbox 657 4313 678 4348; x_wconf 90' lang='lat'>1.</span> <span class='ocrx_word' id='word_1_331' title='bbox 697 4299 731 4362; x_wconf 83' lang='lat'>5.]</span> <span class='ocrx_word' id='word_1_332' title='bbox 769 4301 898 4347; x_wconf 88' lang='lat' dir='ltr'><strong>Pantheol.</strong></span> <span class='ocrx_word' id='word_1_333' title='bbox 917 4299 992 4347; x_wconf 87' lang='lat' dir='ltr'><strong>Rain.</strong></span> <span class='ocrx_word' id='word_1_334' title='bbox 1010 4298 1102 4346; x_wconf 86' lang='lat' dir='ltr'><strong>Pisani.</strong></span> <span class='ocrx_word' id='word_1_335' title='bbox 1122 4312 1145 4347; x_wconf 90' lang='lat' dir='ltr'><strong>c.</strong></span> <span class='ocrx_word' id='word_1_336' title='bbox 1167 4312 1187 4346; x_wconf 90' lang='lat'>1.</span> <span class='ocrx_word' id='word_1_337' title='bbox 1205 4298 1283 4346; x_wconf 90' lang='lat' dir='ltr'><strong>Wilh.</strong></span> <span class='ocrx_word' id='word_1_338' title='bbox 1302 4301 1382 4346; x_wconf 88' lang='lat' dir='ltr'><strong>Math.</strong></span> <span class='ocrx_word' id='word_1_339' title='bbox 1401 4301 1432 4347; x_wconf 91' lang='lat' dir='ltr'><strong>de</strong></span> <span class='ocrx_word' id='word_1_340' title='bbox 1451 4300 1521 4347; x_wconf 89' lang='lat' dir='ltr'><strong>bello</strong></span> 
     </span>
     <span class='ocr_line' id='line_1_35' title="bbox 348 4389 1521 4454; baseline -0.001 -15"><span class='ocrx_word' id='word_1_341' title='bbox 348 4389 416 4448; x_wconf 89' lang='lat' dir='ltr'><strong>justo</strong></span> <span class='ocrx_word' id='word_1_342' title='bbox 434 4402 459 4439; x_wconf 88' lang='lat' dir='ltr'><strong>et</strong></span> <span class='ocrx_word' id='word_1_343' title='bbox 477 4391 565 4454; x_wconf 85' lang='lat' dir='ltr'><strong>licito,</strong></span> <span class='ocrx_word' id='word_1_344' title='bbox 591 4392 617 4439; x_wconf 92' lang='lat' dir='ltr'><strong>in</strong></span> <span class='ocrx_word' id='word_1_345' title='bbox 635 4390 717 4452; x_wconf 84' lang='lat' dir='ltr'><strong>princ.</strong></span> <span class='ocrx_word' id='word_1_346' title='bbox 750 4390 835 4454; x_wconf 80' lang='lat' dir='ltr'><strong>⁶Jolr.</strong></span> <span class='ocrx_word' id='word_1_347' title='bbox 853 4392 938 4451; x_wconf 88' lang='lat' dir='ltr'><strong>Lupus</strong></span> <span class='ocrx_word' id='word_1_348' title='bbox 957 4392 988 4438; x_wconf 91' lang='lat' dir='ltr'><strong>dc</strong></span> <span class='ocrx_word' id='word_1_349' title='bbox 1006 4389 1089 4450; x_wconf 87' lang='lat' dir='ltr'><strong>bello,</strong></span> <span class='ocrx_word' id='word_1_350' title='bbox 1112 4402 1144 4437; x_wconf 84' lang='lat' dir='ltr'><strong>ex</strong></span> <span class='ocrx_word' id='word_1_351' title='bbox 1166 4389 1295 4438; x_wconf 88' lang='lat' dir='ltr'><strong>Hostiensi</strong></span> <span class='ocrx_word' id='word_1_352' title='bbox 1320 4392 1351 4438; x_wconf 89' lang='lat' dir='ltr'><strong>de</strong></span> <span class='ocrx_word' id='word_1_353' title='bbox 1367 4401 1463 4449; x_wconf 78' lang='lat' dir='ltr'><strong>treuga.</strong></span> <span class='ocrx_word' id='word_1_354' title='bbox 1482 4391 1521 4452; x_wconf 92' lang='lat' dir='ltr'><strong>[p.</strong></span> 
     </span>
     <span class='ocr_line' id='line_1_36' title="bbox 350 4479 1521 4544; baseline -0.002 -14"><span class='ocrx_word' id='word_1_355' title='bbox 350 4483 418 4544; x_wconf 61' lang='lat' dir='ltr'><strong>aaa]</strong></span> <span class='ocrx_word' id='word_1_356' title='bbox 455 4481 562 4533; x_wconf 77' lang='lat' dir='ltr'><strong>⁷rlrist.</strong></span> <span class='ocrx_word' id='word_1_357' title='bbox 580 4485 693 4544; x_wconf 86' lang='lat' dir='ltr'><strong>Metaph.</strong></span> <span class='ocrx_word' id='word_1_358' title='bbox 712 4485 728 4531; x_wconf 92' lang='lat' dir='ltr'><strong>l.</strong></span> <span class='ocrx_word' id='word_1_359' title='bbox 746 4498 769 4544; x_wconf 90' lang='lat'>4.</span> <span class='ocrx_word' id='word_1_360' title='bbox 789 4497 810 4532; x_wconf 92' lang='lat' dir='ltr'><strong>c</strong></span> <span class='ocrx_word' id='word_1_361' title='bbox 830 4497 852 4532; x_wconf 89' lang='lat'>2.</span> <span class='ocrx_word' id='word_1_362' title='bbox 872 4483 911 4544; x_wconf 88' lang='lat' dir='ltr'><strong>[p.</strong></span> <span class='ocrx_word' id='word_1_363' title='bbox 932 4495 1001 4538; x_wconf 82' lang='lat'>1013.</span> <span class='ocrx_word' id='word_1_364' title='bbox 1014 4496 1035 4530; x_wconf 90' lang='lat'>2.</span> <span class='ocrx_word' id='word_1_365' title='bbox 1049 4496 1088 4532; x_wconf 89' lang='lat' dir='ltr'><strong>vs.</strong></span> <span class='ocrx_word' id='word_1_366' title='bbox 1102 4479 1189 4544; x_wconf 86' lang='lat' dir='ltr'>16]v.</span> <span class='ocrx_word' id='word_1_367' title='bbox 1199 4480 1259 4530; x_wconf 89' lang='lat' dir='ltr'><strong>silv.</strong></span> <span class='ocrx_word' id='word_1_368' title='bbox 1270 4481 1521 4542; x_wconf 82' lang='lat' dir='ltr'><strong>inverboLex§.·5.</strong></span> 
     </span>
    </p>
   </div>
   <div class='ocr_carea' id='block_1_5' title="bbox 0 0 1669 5482">
    <p class='ocr_par' dir='ltr' id='par_1_18' title="bbox 0 0 1669 5482">
     <span class='ocr_line' id='line_1_37' title="bbox 0 0 1669 5482; baseline 0 0"><span class='ocrx_word' id='word_1_369' title='bbox 0 0 1669 5482; x_wconf 95' lang='lat' dir='ltr'><strong> </strong></span> 
     </span>
    </p>
   </div>
  </div>
 </body>
</html>
