3316 5494
444 626 491 673 on
513 624 607 693 Juttr.
634 621 816 673 aroanna.
842 626 921 673 cnr.
946 625 1015 671 v111
1274 609 1314 684 87

139 797 215 846 men
245 781 434 848 dilationem
455 781 576 846 nullam
596 780 766 864 permittit.
812 779 857 846 Et
881 777 1110 866 iurisconsulti
1131 780 1142 819 1
1166 776 1200 842 id
1220 795 1315 842 omne

138 894 283 974 probant
315 891 407 975 quod
432 892 587 959 adversus
608 891 813 975 periculum,
838 889 930 973 quod
951 902 1040 956 metu
1063 888 1197 967 mortis,
1226 887 1317 968 quod

139 1003 254 1069 adsui
278 1003 426 1087 corporis
445 1004 603 1084 tutelam,
624 1003 715 1085 quod
736 1002 776 1068 ad
801 1003 867 1069 vim
890 1000 1130 1085 repellendam,
1154 997 1244 1080 quod
1265 1017 1316 1062 ea·

140 1128 241 1180 tenus
271 1113 333 1196 fit,
363 1129 524 1197 quatenus
553 1114 645 1180 aliter
672 1133 733 1180 nos
762 1114 898 1180 honeste
921 1127 978 1178 aut
1000 1111 1125 1178 utiliter
1143 1109 1227 1176 tueri
1250 1128 1317 1174 non

140 1243 332 1308 possumus.
377 1225 423 1290 Et
451 1225 516 1290 hoc
536 1224 618 1290 illud
640 1240 689 1290 cst
711 1225 915 1291 decantatum
935 1222 1015 1290 adeo
1037 1223 1242 1289 moderamen
1264 1235 1318 1285 tu·

140 1337 227 1402 telae
257 1335 439 1419 inculpatae
456 1331 478 1400 ².
523 1336 717 1418 Eodemque
737 1335 835 1401 modo
858 1355 908 1401 res
933 1348 1059 1402 nostras
1081 1333 1177 1400 etiam
1197 1331 1318 1399 coactis

141 1447 336 1513 hominibus
369 1445 538 1513 defensare
562 1466 737 1530 possumus
767 1461 799 1511 et
828 1466 1039 1532 recuperare,
1061 1445 1120 1510 sed
1148 1442 1318 1510 confestim

142 1558 318 1625 duntaxat.
362 1557 446 1623 Nam
469 1573 545 1641 post
566 1558 799 1639 intervallum,
819 1577 892 1623 cum
910 1571 1038 1640 tempus
1058 1554 1159 1622 fucrit
1174 1553 1319 1641 judicem

143 1670 313 1752 adeundi,
345 1667 412 1738 vim
439 1689 562 1737 cessare
591 1684 731 1754 oportet.
788 1669 845 1735 Ad
876 1668 1022 1734 debiturn
1054 1665 1318 1748 consequendum

142 1779 231 1846 nihil
253 1781 338 1846 ultra
357 1795 437 1864 puto
459 1801 556 1862 quam
578 1779 836 1867 pignorationem
854 1800 913 1847 seu
926 1799 1079 1846 manuum
1091 1778 1318 1863 injectionem,

144 1906 184 1957 ut
217 1891 253 1956 in
278 1892 353 1975 jure
375 1891 519 1975 dicitur,
543 1892 702 1976 concedi,
725 1892 752 1958 si
778 1911 836 1976 per
856 1891 966 1978 fugam
986 1890 1144 1957 debitoris
1168 1890 1207 1956 de
1227 1889 1321 1956 amit-

144 2002 248 2068 tendo
276 2004 354 2088 jure·
375 2017 486 2070 nostro
515 2005 737 2088 periclitemur
755 2005 777 2070 ⁸.
823 2004 929 2090 Igitur
951 2023 1025 2069 cum
1053 2001 1194 2086 primum
1219 2001 1321 2087 iudex

145 2114 232 2179 adiri
262 2113 405 2198 poterit,
438 2113 492 2180 ille
513 2114 626 2200 potius
649 2136 746 2198 quam
770 2116 841 2200 ipse
862 2115 927 2183 sibi
947 2113 1086 2180 creditor
1106 2134 1171 2179 rem
1193 2112 1321 2179 debito·

145 2226 196 2292 ris
230 2224 265 2290 in
296 2227 441 2293 solutum
472 2226 610 2294 addicet.
655 2228 702 2293 Et
735 2228 782 2294 sic
814 2226 901 2310 apud
931 2225 1149 2292 Athenienses
1171 2223 1321 2290 videmus

144 2339 342 2422 &ripoandlm
363 2343 399 2418 ⁴,
431 2337 493 2402 hoc
520 2352 571 2403 est
591 2338 760 2405 hominum
787 2336 1053 2425 pignorationes,
1080 2335 1217 2420 privatis
1243 2355 1322 2402 con·

146 2465 258 2513 cessas
286 2446 409 2514 fuisse:
429 2448 488 2514 sed
503 2449 576 2533 jure
597 2470 636 2515 an
656 2449 775 2535 injuria
795 2448 896 2518 factae
918 2462 1041 2527 essent,
1066 2447 1102 2513 id
1120 2447 1251 2530 public'e
1268 2448 1321 2532 ju·

148 2557 304 2625 dicatum.
351 2558 417 2625 Cui
447 2559 552 2626 simile
573 2559 606 2626 in
636 2561 786 2642 delictis,
811 2560 839 2626 si
868 2560 896 2625 is
917 2559 975 2643 qui
1003 2558 1143 2642 deliquit
1165 2577 1322 2626 evasurus

148 2691 288 2753 poenam
310 2670 471 2738 videatur.
515 2671 600 2739 Nam
630 2672 794 2740 communi
823 2673 897 2757 jure
917 2679 948 2750 ⁸,
974 2672 1027 2736 lex
1058 2669 1141 2736 enim
1174 2669 1322 2753 specialis

150 2783 226 2865 plus
250 2781 412 2848 interdum
435 2782 602 2868 indulget,
626 2783 867 2867 apprehendere
894 2781 1006 2848 licebit
1033 2796 1159 2849 sontem
1188 2795 1221 2847 et
1240 2781 1323 2846 deti-

149 2893 243 2959 nere:
261 2911 328 2960 non
346 2892 392 2960 ita
412 2908 536 2977 tamen,
560 2895 641 2978 quin
662 2893 831 2962 confestim
850 2893 954 2980 judici
975 2893 1151 2960 tradendus
1172 2892 1224 2959 sit.
1249 2891 1323 2957 Hoc

149 3107 348 3120 -υ

186 3249 230 3299 ¹1.
248 3264 274 3313 4.
290 3249 390 3300 ffiadl.
406 3250 491 3312 Aquil.
509 3249 591 3317 [D.9.
607 3252 645 3316 1.]
662 3256 761 3310 l.5.eo
777 3253 817 3302 tit.
834 3255 851 3302 1.
870 3251 1012 3303 utrimff.
1029 3254 1060 3302 de
1078 3250 1138 3310 just.
1156 3263 1180 3300 et
1198 3250 1261 3310 jure.
1280 3253 1323 3315 [D.

155 3357 177 3390 r.
197 3357 218 3391 1.
235 3343 272 3404 3.]
292 3345 308 3390 1.
325 3344 370 3392 sed
386 3354 505 3404 etpartus
521 3348 543 3404 §.
560 3359 581 3393 1.
599 3344 624 3394 ff.
644 3347 715 3405 quod
730 3357 805 3394 metu.
824 3346 867 3408 [D.
883 3358 908 3407 4.
924 3359 946 3392 2.
962 3343 1012 3408 11]
1033 3347 1049 3392 l.
1065 3343 1205 3393 scientiam.
1219 3345 1245 3392 ff.
1258 3347 1290 3393 ad
1307 3347 1324 3392 l.

152 3433 237 3493 nqun.
248 3433 292 3494 [D.
302 3447 326 3495 9.
340 3447 365 3482 1.
378 3433 431 3498 43]
458 3431 468 3464 ²
485 3434 546 3484 Silv.
562 3436 588 3484 in
605 3451 631 3486 v.
644 3439 750 3485 Bellum.
767 3451 789 3484 2.
803 3437 829 3485 in
846 3451 885 3497 pr.
900 3438 991 3484 Thom.
1009 3449 1031 3484 1.
1041 3449 1064 3484 1.
1074 3449 1099 3496 q.
1111 3436 1152 3496 64.
1162 3447 1206 3484 art.
1217 3448 1240 3493 7.
1251 3437 1291 3484 Gl.
1300 3448 1324 3485 et

152 3526 223 3573 Bald.
237 3526 270 3573 ad
287 3527 305 3572 l.
322 3538 344 3572 1.
360 3527 390 3572 C.
409 3526 475 3574 unde
490 3526 526 3574 vi.
547 3526 591 3588 [C.
612 3530 634 3575 8.
651 3527 688 3589 4]
708 3530 766 3576 Pan.
784 3529 815 3576 ad
830 3541 853 3576 c.
873 3527 948 3577 sicut.
969 3527 1001 3576 dc
1020 3525 1126 3584 jurejur.
1146 3527 1284 3588 [Decretal.
1301 3540 1323 3575 1.

155 3630 194 3677 14.
208 3616 262 3679 19]
278 3629 303 3664 n.
319 3627 356 3671 15.
371 3618 437 3665 Bart.
451 3617 477 3665 in
493 3619 517 3666 d.
534 3620 552 3665 l.
565 3631 592 3667 ut
605 3619 667 3668 vim.
678 3619 722 3681 [D.
740 3633 761 3667 1.
780 3633 801 3667 1.
818 3619 853 3680 3.]
872 3632 897 3666 n.
916 3632 939 3680 9.
952 3629 977 3666 ct
994 3631 1031 3666 10.
1044 3619 1093 3680 Jas.
1105 3616 1141 3663 ibi
1153 3629 1178 3664 n.
1192 3628 1216 3673 7.
1233 3619 1325 3665 summ.

153 3711 217 3768 Ang.
228 3706 256 3754 in
274 3722 301 3756 v.
312 3708 418 3755 Bellum.
434 3711 458 3766 8.
476 3708 499 3756 6.
518 3709 580 3758 Silv.
598 3711 623 3758 d.
643 3712 713 3758 loco.
727 3714 748 3769 5.
768 3722 805 3767 13.
822 3712 839 3758 l.
857 3709 879 3757 si
897 3709 954 3769 quis
970 3708 996 3757 in
1013 3708 1100 3756 servit.
1115 3707 1140 3755 ff.
1157 3707 1188 3754 de
1203 3707 1262 3756 surt.
1282 3708 1326 3769 [D.

153 3799 280 3860 47.2.7.]
300 3800 366 3847 Bart.
384 3800 416 3848 ad
434 3801 488 3848 (1.1.
509 3811 536 3848 ut
555 3801 616 3849 vim.
635 3800 678 3864 [D.
700 3814 721 3849 1.
745 3814 766 3848 1.
783 3800 818 3864 3.]
837 3815 863 3849 n.
879 3813 902 3858 7.
918 3811 943 3848 et
959 3799 985 3848 in
1003 3801 1020 3846 l.
1037 3800 1132 3847 hostes.
1149 3799 1180 3846 dc
1199 3809 1265 3858 capt.
1282 3799 1325 3859 [D.

153 3903 194 3952 49.
213 3901 252 3945 15.
266 3889 318 3951 14]
335 3903 360 3938 n.
372 3904 396 3952 9.
412 3893 429 3938 l.
450 3904 471 3939 1.
488 3892 517 3940 C.
532 3894 598 3941 unde
616 3893 643 3942 vi
658 3892 700 3956 [C.
715 3896 738 3941 8.
751 3893 788 3954 4.]
806 3904 831 3941 et
847 3888 883 3940 ibi
895 3893 966 3940 Bald.
982 3904 1005 3940 c.
1021 3889 1083 3939 olim
1101 3902 1209 3938 causam.
1220 3891 1252 3938 de
1267 3901 1326 3939 rest.

154 3983 219 4042 spol.
232 3981 371 4043 [Decretal.
386 3995 409 4030 1.
426 3995 464 4039 13.
482 3983 532 4044 11]
552 3985 641 4042 131.
658 3997 714 4033 eum
729 3983 813 4044 igitur.
829 3983 855 4032 ff.
874 3985 904 4032 de
923 3983 950 4031 vi
968 3981 1035 4031 ccvi
1052 3995 1111 4029 arm.
1131 3982 1174 4043 [D.
1188 3994 1229 4042 43.
1247 3981 1285 4030 16.
1303 3993 1326 4038 3.

154 4072 175 4133 S.
188 4073 254 4134 9.]l.
272 4072 316 4132 qui
334 4085 402 4132 poss.
415 4074 477 4121 eod.
492 4073 529 4121 tit.
549 4075 570 4136 [l
598 4073 649 4138 17.]
670 4073 772 4123 Gabriel
784 4067 844 4135 ¹sup.
863 4087 887 4135 4.
907 4085 969 4123 sent.
987 4073 1045 4121 dist.
1063 4085 1101 4128 15.
1119 4085 1144 4132 q.
1158 4085 1182 4134 4.
1202 4072 1241 4133 [in
1256 4085 1325 4121 corn-

154 4174 231 4211 ment.
247 4164 280 4211 ad
292 4163 362 4211 Scoti
370 4162 440 4227 dist]
459 4161 566 4231 ³·Festus
576 4165 602 4214 in
611 4180 637 4214 v.
647 4166 731 4215 Struit.
742 4167 780 4228 [p.
789 4166 859 4227 148]
878 4167 896 4213 1.
910 4164 1029 4225 generali.
1047 4166 1076 4211 C.
1087 4164 1118 4211 de
1128 4163 1212 4212 decur.
1235 4163 1279 4224 [C.
1288 4176 1326 4210 10.

157 4267 195 4311 31.
214 4253 268 4315 ⁵4]
287 4256 305 4301 l.
324 4253 346 4302 si
367 4254 494 4314 quiscur.
512 4256 540 4303 C.
561 4258 650 4317 deep.
670 4268 695 4304 et
714 4260 774 4306 cler.
795 4256 837 4320 [C.
856 4271 877 4305 1.
898 4255 989 4316 311]
1014 4256 1063 4302 Dd.
1084 4254 1110 4301 in
1126 4255 1143 4300 l.
1165 4257 1195 4318 Q.
1215 4255 1326 4303 Mucius.

157 4345 215 4394 alias
231 4347 248 4393 1.
262 4345 378 4406 quamvis
390 4346 508 4395 alienum.
522 4347 548 4395 ff.
563 4350 603 4397 ad.
616 4350 633 4396 l.
647 4347 734 4409 Aquil.
754 4350 798 4411 [D.
816 4363 840 4411 9.
859 4363 882 4397 1.
897 4348 949 4410 39]
967 4349 1033 4395 Bart.
1049 4346 1075 4394 in
1089 4356 1161 4393 tract.
1180 4345 1327 4406 derepress.

156 4450 181 4496 q.
198 4451 222 4498 9.
257 4433 366 4500 ⁴Julius
385 4439 474 4486 Pollux
497 4437 533 4502 [8.
549 4451 589 4495 50.
610 4439 664 4504 31]
701 4439 746 4488 ⁵1.
763 4441 847 4500 capite
863 4440 952 4500 quinto
969 4439 995 4486 ff.
1016 4439 1047 4486 dc
1071 4438 1147 4485 adult.
1175 4436 1325 4496 [11413.

159 4526 209 4591 25.]
229 4529 280 4591 Jas.
296 4528 322 4577 in
339 4529 362 4578 d.
378 4531 396 4578 l.
412 4540 439 4578 ut
454 4529 516 4579 vim.
538 4529 581 4594 [D.
598 4545 618 4579 1.
639 4545 659 4579 1.
679 4531 715 4593 3.]
734 4545 759 4580 n.
778 4543 817 4588 25·
834 4533 903 4580 Bald.
917 4530 943 4579 in
961 4531 987 4579 d.
1005 4531 1023 4577 l.
1041 4541 1062 4578 r.
1081 4528 1125 4590 [C.
1145 4530 1169 4575 8.
1189 4528 1228 4590 4]
1247 4541 1272 4576 n.
1287 4541 1327 4586 33.
