3326 5506
448 540 495 586 ur
518 540 612 606 June
638 537 823 585 sunnone.
849 537 930 586 cnr.
955 538 1007 586 xt.
1252 521 1311 601 167

140 715 256 762 norum
278 696 461 762 constabat.
501 695 608 781 Quam
631 692 782 778 injuriam
804 691 941 776 Batavi,
966 713 1051 776 quos
1073 692 1156 758 nihil
1178 691 1313 758 decebat

139 807 228 873 hosti
262 807 461 888 concedere,
495 805 609 872 ulcisci
641 819 847 887 statuerunt,
880 804 926 870 ita
957 819 995 870 ut
1025 804 1170 872 vicissim
1199 803 1313 870 autin

140 918 370 985 Britannorum
402 917 582 1000 societate,
620 931 677 984 aut
707 937 765 1002 per
792 937 827 984 se
859 915 1061 984 Lusitaniam
1095 899 1313 1002 regionesque

139 1030 308 1096 Lusitanis
331 1030 478 1096 subditas
501 1029 614 1096 hostili
638 1032 740 1097 classe
762 1030 1026 1114 aggrederentur.
1072 1028 1122 1094 Ut
1143 1028 1229 1095 inter
1250 1027 1313 1094 alia

141 1141 253 1210 classis
274 1141 330 1206 illa
350 1140 487 1223 docuit,
512 1161 595 1223 quae
616 1141 713 1208 missa
732 1141 829 1208 Petro
848 1141 963 1206 Dousa
982 1139 1144 1223 praefecto
1164 1140 1312 1207 Thomae
1325 1160 1395 1207 Anno
1410 1173 1471 1219 1599.

142 1254 283 1320 insulam
306 1251 541 1340 Brasiliamque
563 1252 699 1336 publico
722 1254 810 1318 bello
834 1252 946 1318 adorta
970 1263 1029 1318 est.
1074 1252 1138 1318 Pro
1160 1251 1313 1318 hostibus

141 1364 242 1450 igitur
275 1383 310 1430 se
343 1378 513 1448 gesserunt
544 1363 622 1429 hinc
654 1363 830 1446 Lusitani,
864 1362 938 1430 inde
970 1363 1102 1430 batavi:
1136 1362 1203 1428 utri
1234 1383 1314 1428 vero

141 1475 264 1559 maiore
288 1473 353 1539 fide
376 1489 408 1539 et
430 1474 652 1558 humanitate,
677 1475 711 1540 id
730 1494 817 1542 nunc
842 1474 1021 1542 videndum
1045 1490 1155 1542 restat.

185 1586 290 1674 Quod
299 1586 398 1653 modo
409 1585 596 1654 dicebamus
607 1602 818 1653 mercaturam
831 1586 915 1652 inter
927 1589 1038 1654 hostes
1054 1606 1120 1653 non
1132 1585 1314 1654 necessario
1326 1603 1408 1652 Arete.
1417 1603 1460 1651 ιν.

143 1699 237 1779 tolli,
261 1697 296 1763 id
318 1717 394 1764 sane
417 1717 545 1766 causam
564 1717 726 1780 nusquam
754 1699 873 1765 babere
894 1698 1005 1782 potuit
1022 1698 1193 1783 justiorem
1217 1718 1315 1781 quarn

143 1811 226 1878 inter
258 1812 321 1878 hos
351 1812 516 1894 populos,
541 1830 682 1893 quorum
714 1830 763 1878 res
787 1831 911 1878 summa
935 1811 1103 1893 utrimque
1127 1811 1160 1876 in
1182 1811 1316 1895 naviga-

143 1923 291 1990 tionibus
330 1921 480 1988 consistit
514 1936 547 1986 et
579 1941 665 2004 quos
701 1923 893 2006 jamdudum
928 1943 1008 1989 usus
1047 1923 1315 1990 commerciorum

144 2034 386 2101 conciliaverat.
432 2032 525 2120 Quid
554 2047 693 2116 uterque
725 2034 818 2100 alteri
852 2033 1073 2117 praestiterint
1095 2033 1314 2101 conferamus.

143 2145 379 2213 vetustissima
414 2163 484 2210 esse
518 2141 624 2212 fertur
655 2145 769 2211 harum
801 2145 947 2230 gentium
979 2145 1183 2232 conjunctio.
1230 2147 1313 2213 Cum
1328 2167 1399 2216 coca
1415 2181 1457 2212 an-

145 2257 230 2324 enim
264 2257 372 2323 adhuc
403 2257 465 2322 sub
488 2255 611 2322 Mauris
634 2277 708 2339 pars
731 2276 846 2342 magna
869 2272 955 2324 esset
978 2257 1177 2341 Hispaniae,
1202 2257 1316 2342 Belgas
1329 2237 1382 2268 Μ’
1394 2234 1455 2279 ¹¹⁵⁰'

144 2369 177 2436 vi
207 2368 370 2435 maritima
398 2368 575 2451 plurimum
605 2369 670 2454 jam
699 2382 768 2434 tum
792 2369 940 2452 potuisse
961 2369 1155 2453 accepimus.
1201 2369 1317 2452 Itaque

145 2481 300 2548 advectos
320 2493 508 2562 tempestate
528 2500 580 2547 eas
600 2479 640 2545 ad
658 2499 755 2561 oras,
779 2481 856 2547 dum
876 2481 1002 2566 Syriam
1022 2480 1100 2547 belli
1119 2480 1201 2546 sacri
1221 2499 1318 2547 causa

145 2607 285 2676 petunt,
318 2591 553 2658 Lusitanorum
585 2591 738 2674 precibus
771 2592 971 2658 concessisse
998 2606 1037 2658 ut
1058 2591 1316 2677 Ulyssiponem‚

146 2704 381 2770 Saracenorum
413 2701 533 2788 regiam
560 2703 701 2768 navibus
723 2703 995 2788 aggrederentur,
1020 2723 1116 2786 quam
1141 2718 1173 2769 et
1191 2717 1316 2787 captam

145 2815 317 2884 tradidisse
348 2815 525 2882 Lusitanis.
573 2816 680 2900 Cujus
712 2815 819 2882 meriti
844 2815 1066 2883 testimonium
1089 2815 1229 2898 plurima
1251 2814 1317 2897 pri·

145 2929 265 3013 vilegia
309 2929 478 3012 Belgarum
523 2942 555 2994 et
589 2928 808 2994 immunitates
850 2927 883 2992 in
918 2947 956 2993 eo
990 2947 1091 3013 regno
1134 2925 1317 3008 antiquitus

147 3040 312 3106 exstitere.
358 3041 403 3104 At
423 3041 541 3124 Belgae
561 3039 705 3106 vicissim
727 3039 895 3122 Principes
914 3059 1003 3104 more
1024 3038 1143 3122 passim
1163 3052 1316 3121 recepto,

147 3173 213 3234 quo
246 3151 364 3218 melius
397 3151 588 3218 commercia
629 3152 869 3236 coalescerent,
909 3150 1086 3217 Lusitanos
1124 3162 1317 3222 mercatores

148 3263 340 3345 quicunque
371 3283 444 3328 cum
477 3263 585 3348 Belgis
607 3263 875 3346 negotiarentur,
899 3261 933 3328 in
957 3281 1048 3327 suam
1071 3263 1208 3327 tutelam
1229 3281 1318 3327 rece-

148 3389 284 3459 perunt:
328 3395 396 3456 quo
430 3376 500 3459 ejus
539 3374 754 3441 sanctimonia
787 3374 826 3438 ab
861 3373 1014 3440 omnibus
1048 3372 1178 3459 injuriis
1212 3387 1319 3438 essent

148 3486 298 3553 tutiores.
342 3486 430 3552 Idem
463 3486 527 3552 illis
561 3485 703 3551 Ordines
732 3485 836 3570 Belgii
868 3485 966 3552 motis
998 3484 1052 3550 hic
1082 3485 1180 3551 rebus
1211 3484 1475 3600 dimo-Annam.

149 3612 233 3663 mate
256 3597 510 3678 confirmarunt,
534 3617 575 3662 ne
598 3597 681 3679 quid
702 3597 828 3663 scilicet
839 3596 974 3662 bellicae
986 3595 1137 3663 licentiae
1147 3610 1317 3680 praetextu
1331 3557 1473 3668 iiim?

149 3709 322 3776 adversum
354 3723 549 3792 paterentur.
596 3709 645 3774 Ita
674 3708 824 3775 Lusitani
857 3727 931 3774 cum
966 3707 1149 3788 uxoribus,
1184 3707 1317 3790 liberiS,

149 3818 303 3900 familiis,
336 3821 560 3904 supellectile,
592 3840 737 3901 merces,
769 3819 992 3903 possessiones
1031 3819 1171 3904 juraque
1212 3819 1320 3886 omnia

151 3946 208 3998 aut
241 3946 445 4014 praesentum
481 3946 537 3998 aut
570 3933 740 3998 absentum
775 3931 927 4016 propria,
962 3930 995 3996 in
1028 3929 1124 3997 fidem
1155 3930 1319 4015 publicam

150 4055 280 4125 recepta
290 4057 385 4109 sunt:
409 4043 483 4109 data
495 4041 649 4109 facultate
661 4042 802 4110 intrandi
814 4042 1022 4125 exeundique
1034 4041 1115 4108 lines
1128 4042 1318 4126 Belgarum,

152 4154 236 4218 intra
265 4173 321 4220 eos
350 4153 428 4220 fines
450 4155 621 4236 manendi,
645 4174 769 4221 merces
788 4153 986 4234 invehendi,
1011 4152 1192 4233 evehendi,
1215 4168 1319 4234 terra,

152 4266 243 4332 mari.
288 4265 378 4350 Jussi
402 4268 497 4332 etiam
521 4265 675 4349 praefecti
699 4285 811 4333 omnes
834 4266 880 4331 rei
906 4265 1037 4332 bellicae
1058 4279 1091 4330 et
1110 4263 1230 4331 milites
1252 4265 1320 4330 Lu·

153 4376 330 4444 titanorum
365 4377 398 4446 in
432 4377 484 4444 bis
517 4378 708 4462 regionibus
749 4377 949 4446 versantium
992 4375 1250 4444 incolumitatem
1289 4391 1322 4442 et
