3316 5494
340 563 400 643 138
653 578 701 626 ur
724 578 818 644 June
844 577 1028 627 onustat.
1053 579 1133 627 cnr.
1156 581 1193 626 x.

335 751 457 817 perse
487 746 598 800 contra
625 731 863 801 adversariuma
895 747 928 800 et
958 732 1005 800 sic
1034 752 1103 800 non
1133 732 1308 816 acquisitio
1330 732 1420 800 foret
1448 734 1511 798 sed

335 844 448 927 rapina
468 859 525 911 aut
543 844 681 912 furtum.
705 845 789 912 Nam
811 845 961 929 praedam
982 845 1052 912 sine
1073 865 1171 913 causa
1193 845 1308 912 crediti
1330 845 1511 928 procedere
1565 891 1568 896 ι

334 955 538 1041 negavimus.
584 955 676 1044 Quin
705 971 738 1024 et
763 957 942 1024 Abrahami
973 956 1110 1024 historia
1128 967 1137 1001 ¹
1158 957 1198 1022 ab
1229 956 1296 1022 illis
1320 955 1512 1022 transmissa

334 1067 559 1150 temporibus,
573 1067 695 1150 quibus
715 1069 771 1154 jus
793 1083 925 1136 namrae
947 1067 1157 1153 purissimum
1176 1067 1332 1153 vigebat,
1345 1067 1430 1133 illud
1446 1086 1510 1133 no-

334 1178 468 1245 tandum
501 1179 670 1264 suggerit,
701 1180 792 1263 quod
813 1178 935 1246 fatetur
956 1179 1009 1247 vir
1030 1195 1184 1261 sanctus,
1207 1178 1243 1246 id
1264 1200 1303 1245 ex
1325 1178 1443 1262 praeda
1466 1175 1512 1244 ad

336 1308 371 1356 se
388 1289 570 1372 pertinere,
584 1290 675 1372 quod
690 1290 848 1358 ministris
870 1291 1013 1358 dedisset
1036 1306 1068 1358 et
1088 1291 1179 1374 quod
1194 1290 1293 1358 sociis
1311 1289 1511 1357 distribuere

335 1401 444 1468 vellet.
489 1401 554 1468 His
574 1402 660 1468 enim
680 1402 824 1486 exceptis
843 1402 927 1468 nihil
946 1403 1032 1469 ultra
1049 1402 1131 1468 dicit
1149 1401 1196 1469 od
1212 1423 1245 1468 sc
1261 1415 1510 1484 perventurum.

334 1512 444 1580 Primo
475 1512 577 1598 igitur
603 1513 675 1599 jure
705 1533 772 1582 non
805 1513 952 1596 subditi,
986 1534 1051 1581 non
1086 1513 1316 1594 auxiliatores,
1348 1511 1406 1577 sed
1438 1511 1511 1593 ipse

191 1646 321 1714 confiat.
336 1623 414 1689 bclli
441 1628 578 1710 priuati
599 1639 721 1690 auctor
745 1625 951 1712 principalis
975 1625 1140 1712 pracdam
1163 1627 1315 1710 acquirit
1338 1621 1513 1708 usquead

184 1701 298 1817 Jiif'rf‘
327 1736 424 1821 juris
456 1735 732 1820 satisfactionem.
779 1735 844 1802 Rei
876 1757 955 1804 vero
988 1755 1066 1802 suae
1102 1755 1203 1819 penes
1236 1752 1510 1816 unumquemque

189 1833 311 1934 mg?
335 1845 504 1912 arbitrium
525 1861 575 1913 est
593 1848 615 1912 ⁸.
659 1847 759 1914 Unde
778 1846 870 1929 quod
888 1846 963 1930 quis
981 1847 1079 1913 habet
1099 1845 1280 1912 dominium
1299 1859 1386 1910 recte
1404 1859 1511 1910 trans·

334 1955 412 2023 fert:
436 1957 502 2024 imo
522 1955 618 2023 etiam
637 1957 728 2040 quod
746 1957 917 2024 habiturus
937 1974 996 2025 est.
1041 1959 1079 2024 Id
1097 1957 1182 2023 enim
1203 1957 1295 2039 quod
1313 1976 1422 2022 meum
1442 1974 1510 2022 non

335 2067 441 2134 estin
465 2087 538 2135 eum
562 2087 693 2151 casum,
718 2088 786 2152 quo
807 2089 915 2136 meum
936 2069 1085 2136 futurum
1107 2084 1178 2150 est,
1209 2083 1297 2134 recte
1330 2065 1509 2134 transfero.

334 2179 447 2246 Potest
467 2194 574 2246 autem
596 2179 748 2262 idem,in
761 2200 857 2262 quem
878 2199 929 2246 res
950 2180 1011 2248 ista
1031 2182 1183 2247 translata
1201 2193 1265 2260 est,
1284 2200 1356 2245 meo
1376 2178 1510 2245 nomine

334 2303 373 2356 ut
404 2305 597 2372 procurator
628 2291 868 2374 possessionem
891 2293 1145 2375 apprehendere.
1190 2292 1281 2358 Haec
1303 2291 1374 2374 ipsa
1401 2304 1509 2357 autem

333 2401 500 2484 possessio
533 2402 706 2468 accedente
737 2423 809 2469 mea
835 2403 1044 2470 concessione
1066 2403 1134 2470 vim
1158 2402 1343 2470 traditionis
1365 2401 1510 2485 accipit,

335 2528 373 2579 ut
391 2513 424 2579 in
444 2533 482 2580 eo
503 2513 561 2596 qui
580 2515 818 2580 commodatum
839 2514 926 2581 dono
946 2515 1001 2580 dat
1019 2530 1076 2581 aut
1093 2529 1209 2581 mutuo
1226 2511 1248 2580 ⁸.
1293 2513 1390 2580 Prius
1409 2512 1511 2596 igitur

335 2645 394 2708 pro
417 2645 489 2710 me,
519 2625 636 2692 deinde
665 2646 723 2708 per
752 2645 803 2692 me
832 2624 896 2693 sibi
925 2625 1092 2709 possidere
1114 2624 1263 2709 incipiet.
1307 2624 1510 2711 Quomodo

335 2737 487 2804 creditori
508 2758 567 2821 per
589 2737 770 2804 debitorem
793 2751 941 2804 nostrum
962 2737 1142 2804 solvimus:
1167 2737 1351 2819 quodcum
1375 2736 1414 2801 fit
1433 2750 1511 2802 suut

335 2847 467 2931 quidem
488 2849 723 2931 acquisitiones
743 2848 848 2930 duae,
872 2848 930 2914 sed
950 2850 1069 2930 altera,
1092 2864 1130 2915 ut
1147 2847 1509 2933 Ulpianus⁴loquitur,

334 2959 498 3027 celeritate
525 2960 825 3045 conjungendarum
857 2959 941 3025 iuter
973 2977 1007 3024 se
1037 2959 1200 3026 actionum
1225 2961 1421 3025 occultatur.
1467 2958 1511 3024 Et

335 3073 398 3138 hoc
423 3086 472 3138 est
495 3071 587 3155 quod
609 3071 642 3138 iu
670 3071 743 3156 jure
772 3072 923 3136 Romano
953 3071 1046 3139 breui
1068 3092 1170 3136 manu
1189 3076 1200 3109 ⁶
1220 3070 1370 3136 dicimus.
1418 3070 1511 3136 Sicut

334 3181 435 3268 igitur
457 3182 628 3264 praedam,
652 3197 826 3264 postquam
845 3181 926 3248 mihi
943 3181 1029 3247 facta
1060 3197 1109 3248 est
1130 3182 1282 3266 propria,
1306 3197 1364 3248 aut
1391 3182 1510 3248 donare

335 3292 426 3360 alteri
449 3307 505 3358 aut
527 3291 560 3357 in
583 3293 729 3358 solutum
752 3293 826 3359 dare
848 3311 983 3376 possum
1006 3308 1062 3359 aut
1086 3293 1327 3376 quovismodo
1351 3292 1509 3373 alienare,

334 3403 382 3470 sic
406 3403 501 3470 etiam
524 3403 599 3468 dare
620 3403 710 3468 alteri
731 3391 987 3486 acquirendam.¹
1016 3404 1119 3493 Quod
1137 3425 1210 3470 cum
1231 3404 1269 3470 fit
1287 3403 1315 3469 is
1334 3403 1382 3469 rei
1402 3418 1511 3487 gestae

335 3515 416 3581 ordo
438 3529 506 3596 est„
529 3528 567 3580 ut
587 3535 685 3598 opera
705 3514 795 3580 illius
816 3516 926 3581 adme
946 3517 1064 3598 praeda
1081 3515 1266 3599 perveniat,
1289 3516 1384 3581 nullo
1402 3530 1509 3581 tamen

334 3642 500 3693 momento
511 3645 611 3711 penes
622 3646 673 3692 me
684 3626 887 3707 substitura,
905 3627 1008 3694 sedin
1020 3627 1127 3710 ipsum
1140 3626 1299 3692 continuo
1312 3626 1508 3708 transitura,

336 3752 374 3803 ut
396 3738 453 3819 qui
469 3739 535 3823 jam
558 3737 798 3821 possessionem
819 3738 937 3804 habeat
958 3752 990 3804 et
1010 3757 1139 3804 causam
1160 3737 1296 3804 dominii
1315 3739 1510 3821 praeceden-

336 3863 412 3916 tem.
435 3848 610 3933 Propterea
629 3849 771 3915 diximus
789 3848 867 3914 belli
887 3864 1107 3932 susceptorem
1126 3848 1294 3916 dominum
1313 3849 1383 3914 fieri
1404 3849 1509 3932 primo

338 3980 374 4026 ac
391 3980 449 4045 per
467 3980 501 4026 se
521 3975 554 4026 et
572 3959 635 4026 nisi
656 3960 748 4026 aliter
765 3958 984 4027 convenisset.
1029 3961 1117 4026 Nam
1138 3975 1195 4027 aut
1213 3960 1282 4044 ipsc
1299 3959 1339 4027 fit
1357 3959 1509 4026 dominus

339 4115 527 4128 ——u—-n

370 4209 378 4242 ¹
398 4211 461 4258 Gen.
481 4223 519 4271 14.
533 4223 571 4258 vs.
587 4208 633 4257 ult.
667 4204 678 4239 ²
695 4209 726 4255 V.
740 4221 763 4257 c.
782 4221 804 4256 a.
821 4208 853 4256 ad
867 4217 918 4268 reg.
937 4221 961 4265 3.
979 4208 1038 4258 inst.
1056 4209 1088 4256 de
1103 4221 1152 4256 rer.
1168 4207 1222 4257 div.
1237 4211 1259 4267 §-
1276 4221 1322 4268 per
1339 4207 1511 4257 traditionem.

338 4304 370 4364 [L
392 4315 415 4350 2.
441 4315 462 4349 1.
481 4304 503 4359 5.
525 4300 579 4361 40.]
616 4297 708 4348 ‘Insa
729 4300 760 4347 de
784 4312 831 4346 rer.
858 4299 911 4348 div.
928 4303 950 4358 ξ.
966 4299 1100 4349 interdum.
1121 4298 1154 4363 [1.
1170 4312 1235 4368 2·.¹·
1253 4298 1345 4363 §.44.]
1381 4299 1432 4348 ⁴1.
1451 4313 1473 4357 ³·
1490 4301 1511 4356 5.

335 4408 394 4454 pen.
412 4393 437 4442 ff.
455 4393 486 4470 de
503 4393 562 4440 don.
580 4390 647 4438 inter
667 4390 751 4440 virum
769 4402 793 4440 et
812 4403 854 4438 us.
874 4391 919 4453 [D.
937 4405 977 4452 24.
997 4405 1018 4440 1.
1034 4404 1057 4449 3.
1074 4395 1096 4450 ξ.
1116 4392 1167 4454 ra]
1213 4391 1259 4438 ⁸1.
1275 4391 1344 4441 licet.
1358 4395 1382 4449 ς.
1402 4405 1424 4440 ι.
1440 4391 1464 4438 ff.
1480 4391 1510 4438 dc

336 4484 391 4544 jure
406 4486 458 4535 dot.
477 4482 520 4547 [D.
537 4497 578 4543 as.
595 4496 618 4542 3·
634 4481 688 4546 4³·]
