3326 5506
448 615 493 660 DE
516 616 610 682 June
638 613 821 660 PRAEDAE.
848 616 929 662 CAP.
955 617 1005 662 XI.
1251 617 1309 679 197

138 770 267 836 Suario.
314 769 469 835 Caeterae
501 786 602 835 naves
624 767 729 836 fustae
752 783 809 835 aut
841 772 985 855 galeotae
1007 785 1118 852 erant,
1143 789 1226 853 quas
1254 791 1311 836 cu-

137 882 229 947 rabat
253 881 404 947 Andreas
427 881 613 947 Rodericus
634 881 757 948 Palota.
804 881 893 946 Urbs
915 881 1127 962 Bantamum‚
1151 897 1190 946 ut
1209 881 1311 963 prima

137 987 294 1059 Batavos'
311 991 476 1073 quondam
509 991 677 1058 venientes
710 992 860 1074 excepit,
894 992 937 1058 ita
969 993 1071 1075 prima
1108 992 1140 1058 in
1173 1013 1312 1075 poenam

137 1104 345 1187 poscebatur.
396 1103 445 1168 Ut
477 1118 592 1186 postea
624 1123 664 1168 ex
690 1103 863 1169 Francisco
897 1104 1026 1185 Sousa,
1052 1103 1122 1170 filio
1152 1103 1313 1188 Johannis

139 1213 279 1295 Tuesii,
304 1213 470 1280 rationarii
493 1213 789 1298 Ulyssiponensis‘,
813 1214 952 1298 aliisque
976 1214 1115 1297 captivis
1145 1214 1313 1299 cognitum

140 1314 211 1406 est,
235 1325 410 1390 consilium
434 1339 502 1390 erat
531 1325 672 1408 primum
705 1325 739 1391 in
761 1324 868 1391 forum
892 1326 1050 1409 impetum
1074 1325 1196 1407 facere,
1223 1327 1314 1408 quod

141 1451 230 1502 extra
255 1437 370 1502 urbem
395 1450 467 1517 est,
491 1436 588 1502 Basar
612 1435 766 1517 nomine,
795 1456 863 1518 quo
886 1437 998 1503 datum
1021 1437 1063 1503 ad
1085 1437 1215 1522 signum
1238 1458 1313 1520 pro-

141 1568 229 1613 ceres
253 1549 325 1633 ejus
345 1547 516 1629 factionis,
547 1562 580 1613 et
611 1567 697 1630 quos
730 1570 747 1613 e
776 1549 880 1633 vulgo
913 1548 1063 1614 Lusitani
1097 1549 1202 1631 pretio
1235 1567 1315 1613 suos

141 1659 336 1740 effecerant,
349 1659 461 1724 subito
474 1672 722 1726 concurrerent:
737 1657 810 1724 inde
823 1658 947 1742 irrupta
968 1659 1156 1726 Sinensium
1176 1659 1316 1725 statione

143 1771 256 1836 urbem
289 1770 453 1837 invadere.
500 1771 614 1852 Atque
643 1769 723 1836 adeo
748 1770 788 1836 de
808 1788 961 1837 successu
981 1771 1063 1836 nihil
1084 1771 1315 1852 dubitabatur,

143 1897 180 1948 ut
208 1883 387 1948 monachos
419 1881 503 1948 inter
536 1895 568 1947 et
593 1881 735 1965 Jesuitas
765 1881 804 1947 de
833 1883 958 1948 sedium
992 1882 1167 1966 partitione
1202 1881 1317 1946 acriter

144 2008 301 2058 certatum
334 1994 388 2059 sit.
435 1992 613 2058 Immunito
645 2008 752 2058 autem
785 1994 942 2060 bantamo
972 1995 1119 2059 mandata
1155 1994 1318 2059 habebant

145 2105 308 2184 Bandam,
341 2105 528 2170 Ambonam
562 2119 594 2169 et
626 2103 658 2169 T
661 2119 801 2170 ernatam
834 2105 867 2170 in
913 2105 1069 2171 ditionem
1105 2104 1316 2189 Hispanicam

145 2236 276 2301 cogere:
301 2235 384 2297 quas
408 2216 449 2280 ad
472 2235 522 2280 res
545 2234 611 2282 non
635 2216 861 2282 belli‘tantum
885 2215 1098 2282 instrumenta
1118 2220 1317 2298 attulerant,

146 2328 204 2394 scd
227 2342 260 2392 et
287 2326 458 2409 pecuniam
478 2341 510 2392 et
530 2341 694 2407 aromata,
718 2327 898 2393 mercedem
918 2327 1061 2394 barbaris
1080 2328 1317 2410 proditionum.

147 2439 259 2523 Fregit
270 2439 440 2503 immanem
461 2438 646 2521 superbiam
667 2439 761 2503 Deus
783 2438 840 2522 (ut
860 2437 927 2504 fere
949 2438 1120 2518 solet,ubi
1140 2438 1207 2505 viru
1227 2460 1318 2506 suam

148 2564 236 2614 extra
255 2549 402 2614 ordinem
422 2551 580 2633 testatur)
600 2549 781 2632 improviso
802 2565 900 2632 atque
921 2551 1097 2634 insperato.
1144 2552 1212 2616 Sub
1234 2551 1319 2616 idem

146 2674 298 2743 tempus,
323 2680 389 2742 quo
414 2660 605 2726 Bantamum
630 2660 782 2728 Lusitani
807 2661 936 2727 excidio
955 2663 1182 2745 destinabant,
1207 2662 1320 2728 Batavi

147 2772 282 2836 istarum
306 2791 413 2837 rerum
445 2771 548 2855 ignari
582 2785 759 2838 mercatum
794 2773 935 2838 navibus
969 2773 1172 2853 adveniunt,
1197 2773 1320 2856 quibus

147 2883 374 2966 Wolphatdus
399 2883 607 2949 Harmannus
628 2899 796 2966 praeerat,
820 2884 957 2948 honoris
981 2902 1077 2949 causa
1101 2903 1229 2950 summo
1247 2884 1320 2968 jure

147 2993 390 3074 nominandus,
426 3008 463 3059 ut
486 3015 554 3077 quo
578 2994 635 3060 vix
659 2981 857 3077 quisquam,
881 3014 946 3060 non
971 2995 1075 3060 dicam
1100 2995 1140 3060 de
1164 2973 1320 3061 societate

148 3105 280 3184 Indica,
304 3106 362 3170 sed
385 3106 424 3171 de
457 3105 588 3171 nomine
620 3106 741 3172 Batavo
773 3107 890 3172 melius
919 3126 1073 3188 umquam
1101 3107 1240 3172 meritus
1263 3106 1321 3172 sit.

148 3217 204 3282 Ad
227 3217 314 3300 ipsas
333 3217 464 3282 Sundae
476 3216 644 3301 angustias
657 3215 805 3284 Sinensis
817 3218 969 3284 navicula
981 3219 1144 3284 occurrit:
1169 3219 1322 3285 admonet

148 3343 247 3394 nauta
269 3328 503 3394 Lusitanorum
528 3328 631 3394 classe
654 3330 799 3396 obsideri
822 3332 978 3415 pelagus:
1015 3352 1099 3414 quos
1123 3352 1198 3397 curn
1223 3331 1321 3398 sciret

148 3441 345 3506 batavorum
365 3439 538 3536 pernitiem
561 3462 736 3522 quaerere,
765 3462 800 3508 se
821 3443 1055 3526 praevenisse,
1090 3458 1127 3509 ut
1160 3445 1250 3509 salva
1282 3443 1322 3509 ad

148 3552 259 3636 fugam
289 3553 445 3618 haberent
477 3566 635 3635 tempora.
681 3554 766 3619 Nam
791 3569 952 3621 certamen
974 3575 1068 3620 nemo
1093 3557 1320 3638 exspectabat:

151 3664 235 3730 nihil
268 3664 353 3729 enim
386 3680 455 3730 erat
490 3665 580 3746 quod
602 3681 715 3747 posset
738 3667 928 3749 comparari.
975 3667 1011 3732 Si
1036 3687 1207 3733 numerum
1231 3687 1323 3750 spec-

150 3792 257 3856 tares,
290 3795 388 3841 naves
419 3775 618 3859 Wolphardi
652 3794 795 3859 quatuor
826 3798 900 3844 cum
936 3781 1044 3844 celoce
1068 3798 1155 3860 una,
1180 3779 1261 3861 quid
1284 3779 1324 3843 ad

151 3888 283 3954 illorum
299 3887 460 3972 triginta?
487 3889 514 3953 si
526 3888 807 3972 magnitudinem,
832 3893 950 3956 collata
962 3891 996 3955 in
1008 3911 1165 3956 summam
1177 3891 1323 3957 omnium

151 3999 378 4066 Batavicarum
403 4000 564 4083 capacitas
589 4021 685 4068 unam
710 4002 862 4068 Andreae
887 4003 1083 4068 Furtadonis
1107 4023 1222 4069 navem
1242 4021 1325 4066 non-

154 4111 231 4176 dum
255 4112 434 4192 aequabat:
467 4112 495 4176 si
525 4113 770 4179 multitudinem
794 4115 988 4198 hominum,
1012 4115 1150 4180 trecenti
1174 4128 1205 4178 et
1228 4113 1324 4195 quin-

155 4222 258 4288 decim
292 4242 404 4288 omnes
438 4217 609 4290 in'classe
644 4225 821 4307 Batavica,
855 4246 927 4291 cum
959 4226 992 4291 in
1016 4225 1195 4308 llispanica
1217 4239 1325 4290 essent

156 4334 306 4399 Lusitani
330 4334 535 4418 octingenti,
561 4337 683 4418 quibus
704 4353 905 4404 accesserant
926 4338 1054 4404 milites'
1067 4337 1138 4401 Indi
1161 4357 1225 4400 non
1246 4356 1325 4418 pau-

158 4445 263 4512 ciores
281 4445 594 4532 millequingentis,
617 4465 743 4532 praeter
753 4469 880 4521 omnem
892 4451 1020 4517 turbam
1031 4447 1186 4516 navalem.
1212 4448 1326 4512 Rebus
