3310 5482
318 609 338 678 6
635 621 681 678 nn
705 621 799 688 June.
824 621 1012 671 aroenae·
1038 621 1120 670 cae.
1145 623 1172 670 1.

317 782 421 866 ἔχθραν
449 784 611 865 προέλθωσι.
659 777 789 844 Eorum
821 797 900 844 sant
929 797 1013 864 quae
1042 780 1171 863 scripta
1193 792 1271 843 sunt
1294 778 1383 856 nihil
1401 783 1493 846 inter

318 893 422 958 hostes
455 891 547 960 salu
559 914 573 974 ;
620 911 723 956 mores
757 904 869 956 autem
901 902 1083 956 seruantur
1111 890 1152 954 ab
1185 892 1357 974 omnibus,
1391 894 1492 959 etiam

317 1025 390 1072 cum
414 1004 667 1070 adextratorum
691 1003 759 1069 odii
773 1006 1010 1090 processerint.
1056 1001 1126 1067 Ubi
1147 1022 1251 1070 mores
1282 1003 1368 1070 idem
1390 1017 1491 1085 sunt,

318 1116 409 1200 quod
430 1116 518 1202 apud
541 1116 573 1184 T
576 1116 693 1184 ullium
717 1123 727 1160 ¹
747 1137 811 1182 non
833 1119 961 1202 scripta
982 1113 1039 1180 sed
1062 1128 1145 1180 nata
1167 1115 1245 1196 lex,
1271 1131 1304 1183 et
1322 1116 1409 1201 apud
1432 1115 1492 1182 So·

318 1223 499 1311 phoclem¹
522 1229 668 1313 dypumrot
696 1232 844 1315 κάσφαλῆ
877 1232 942 1298 θεῶν
973 1230 1098 1311 νόμιμα,
1122 1248 1185 1292 nou
1212 1231 1341 1314 scripta
1363 1226 1493 1314 quidem

317 1340 382 1405 illa
402 1339 459 1407 scd
477 1353 572 1406 certa
594 1339 704 1404 Deum
726 1341 826 1426 jura.
872 1337 1067 1406 Lactantius
1091 1338 1102 1376 ³
1125 1359 1204 1406 vero
1227 1339 1322 1406 etiam
1345 1339 1492 1423 philoso-

317 1454 403 1536 phos
423 1451 655 1535 reprehendit,
680 1451 771 1534 quod
792 1471 866 1516 cum
887 1451 927 1516 de
950 1450 1065 1516 officiis
1087 1451 1214 1518 adrem
1236 1451 1491 1534 militaremper·

317 1563 498 1631 tinentibus
520 1564 710 1648 disputant,
744 1581 811 1630 eam
843 1582 910 1630 non
940 1563 980 1629 ad
1000 1583 1109 1630 veram
1127 1564 1288 1648 justitiam
1310 1583 1493 1632 accommo-

317 1677 420 1760 dant,
444 1676 501 1742 sed
524 1677 565 1742 ad
585 1676 685 1744 vitam
706 1695 895 1758 moremque
915 1675 1057 1742 civilem.
1104 1677 1199 1764 Quos
1222 1691 1370 1744 auctores
1393 1676 1421 1742 si
1445 1676 1492 1742 illi

317 1809 384 1856 non
404 1791 543 1874 legunt,
568 1804 601 1856 at
623 1788 783 1856 BaIdum‘
805 1808 900 1856 suum
922 1787 1034 1854 audire
1057 1787 1256 1868 debuerant,
1284 1788 1343 1872 qui
1366 1788 1494 1872 sapien·

317 1917 365 1966 ter
395 1901 511 1968 docuit
538 1901 621 1966 inter
649 1921 727 1983 eos,
752 1900 810 1982 qui
838 1919 1021 1984 supremam
1045 1899 1172 1984 imperii
1205 1915 1398 1984 potestatem
1429 1901 1494 1966 sibi

317 2013 512 2095 vindicant,
547 2013 575 2080 si
610 2012 690 2095 quid
722 2011 874 2079 inciderit
906 2012 1152 2095 contentionis,
1186 2031 1252 2082 non
1294 2013 1392 2079 alium
1425 2013 1493 2079 dari

316 2124 485 2210 judicem,
509 2144 606 2207 quam
627 2124 806 2190 naturalem
825 2125 1001 2206 rationem,
1025 2125 1186 2192 bonorum
1210 2141 1309 2208 atque
1333 2127 1493 2192 malorum

318 2237 493 2302 arbitrante
528 2236 620 2319 quod
650 2251 683 2302 et
714 2236 768 2303 alii
793 2235 986 2303 eruditiores
1008 2235 1020 2270 ⁵
1040 2238 1260 2306 consciscunt.
1305 2235 1376 2302 Nec
1397 2239 1494 2324 longe

318 2349 386 2416 abit
418 2351 590 2433 vulgatum
625 2348 731 2431 illud,
766 2348 953 2416 intellectus
979 2349 1114 2432 penuria
1144 2368 1218 2416 eum
1242 2350 1411 2432 laborare,
1437 2349 1494 2432 qui

317 2463 422 2545 legem
455 2471 589 2543 quaerat
616 2460 674 2526 ubi
704 2462 860 2526 naturalis
882 2475 1036 2544 suppetat
1064 2461 1159 2528 rati0.
1217 2461 1362 2528 Aliunde
1394 2462 1495 2546 igitur

318 2593 414 2655 quam
448 2591 488 2638 ex
519 2574 628 2656 legum
653 2573 872 2640 Romanarum
897 2592 1032 2656 corpore
1060 2573 1199 2656 petenda
1223 2588 1272 2640 est
1293 2574 1494 2656 praestabilis

257 2684 262 2692 '
321 2685 375 2751 illa
403 2682 565 2767 scientia,
597 2703 694 2766 quam
730 2683 849 2750 Cicero
870 2681 882 2716 ⁸
905 2683 986 2750 dicit
1012 2683 1189 2752 consistere
1216 2685 1249 2752 in
1280 2684 1493 2768 foederibus,

317 2795 549 2880 pactionibus,
586 2795 833 2862 conditionibus
866 2797 1064 2879 populorum
1099 2817 1211 2881 regum
1246 2811 1495 2880 exterarumque

318 2908 511 2990 nationum,
536 2908 569 2974 in
601 2907 689 2973 omni
719 2907 860 2990 denique
882 2907 959 2973 belli
979 2908 1051 2992 jure
1078 2927 1114 2974 ac
1137 2908 1239 2991 pacis.
1288 2907 1408 2974 Melius
1437 2909 1495 2974 ali·

319 3035 442 3104 quanto
464 3019 512 3086 illi
532 3035 564 3086 et
583 3019 727 3099 certius,
752 3019 810 3103 qni
832 3040 871 3086 ex
892 3019 990 3086 sacris
1011 3019 1127 3085 litteris
1143 3019 1203 3086 ista
1220 3022 1344 3087 malunt
1367 3019 1494 3103 discep-

317 3132 403 3214 tari,
427 3132 490 3198 nisi
517 3131 607 3214 quod
635 3131 738 3196 nudas
759 3133 951 3214 plerumque
973 3130 1125 3196 historias
1148 3145 1205 3196 aut
1225 3131 1280 3216 jus
1304 3131 1401 3198 civile
1427 3131 1495 3196 He-

317 3245 487 3310 braeorum
514 3263 574 3326 pro
600 3244 673 3326 jure
701 3241 815 3309 divino
843 3243 1037 3310 obtendunt.
1083 3242 1166 3306 Nam
1192 3262 1275 3324 quae
1304 3243 1423 3326 passim
1457 3265 1495 3309 ex

318 3354 463 3420 omnium
489 3353 634 3438 gentium
659 3353 830 3418 annalibus
857 3354 912 3420 alii
940 3356 1165 3438 collegerunt,
1189 3369 1227 3420 ut
1249 3354 1289 3419 ad
1312 3375 1378 3420 rem
1403 3354 1494 3422 illus-

317 3467 462 3532 trandam
495 3466 691 3549 plurimum,
716 3465 761 3530 ita
781 3465 821 3532 ad
841 3465 1084 3547 dijudicandum
1107 3480 1164 3532 aut
1194 3465 1278 3532 nihil
1303 3480 1360 3532 aut
1380 3487 1494 3548 parum

318 3581 451 3656 valent,
485 3597 560 3643 cum
594 3576 664 3645 fere
698 3577 782 3644 idem
806 3577 934 3660 saepius
954 3577 1030 3648 fiat.
1065 3577 1156 3661 quod
1178 3579 1260 3644 male
1280 3577 1328 3644 fit.
1373 3579 1493 3644 Veram
1577 3634 1584 3650 .

319 3689 420 3774 igitur
451 3689 546 3778 nobis
578 3689 664 3756 viam
695 3689 883 3754 munierunt
912 3702 1037 3754 veteres
1071 3688 1120 3754 illi
1140 3687 1395 3774 jurisconsulti,
1410 3710 1494 3771 quo-

319 3820 391 3867 rum
414 3875 417 3882 ⁴
437 3800 568 3868 nomina
598 3820 808 3881 reveremur,
842 3800 899 3882 qui
930 3799 1116 3882 saepissime
1149 3813 1248 3868 artem
1288 3800 1418 3867 civilem
1454 3802 1494 3868 ad

319 3912 408 3996 ipsos
439 3899 572 3980 naturae
603 3911 712 3980 fontes
733 3927 889 3980 revocant
910 3911 934 3976 7.
986 3911 1089 3998 Quod
1119 3926 1152 3980 et
1190 3913 1278 3994 apud
1309 3911 1493 3979 Tullium⁸

319 4094 336 4100 -
339 4095 350 4099 -
354 4093 428 4100 η...-
432 4095 468 4101 ....
472 4093 509 4102 -ι-

355 4183 429 4244 ¹pro
457 4183 514 4231 Mil.
545 4181 581 4246 [c.
599 4197 623 4244 4,
647 4181 728 4247 §10.]
765 4181 877 4244 ’Antip
897 4182 948 4247 [vs.
964 4183 1035 4247 454]
1073 4181 1184 4233 'Instit
1203 4185 1255 4233 div.
1273 4188 1290 4232 l.
1305 4185 1328 4234 6.
1344 4198 1366 4233 c.
1380 4185 1405 4233 6.
1439 4184 1493 4234 ⁴in

321 4274 401 4335 praef.
417 4276 448 4324 ad
464 4275 529 4324 Cod.
564 4273 575 4306 ⁸
592 4275 668 4334 Vatq.
687 4276 811 4324 Controv.
830 4274 919 4323 illustr.
937 4288 960 4323 c.
977 4287 1017 4330 51·
1032 4287 1057 4322 n.
1068 4289 1109 4338 29.
1143 4275 1154 4307 ⁶
1169 4288 1217 4337 pro
1227 4276 1316 4341 Balbo.
1336 4274 1492 4340 [c.6.§15.]

321 4362 333 4397 l
350 4363 376 4413 in
391 4365 441 4413 titt.
459 4367 490 4413 de
506 4363 565 4422 just.
583 4377 608 4414 et
619 4363 684 4422 iure.
702 4364 744 4429 [D.
763 4379 784 4414 1.
807 4364 842 4430 r.]
862 4367 893 4414 de
909 4378 965 4426 aeq.
984 4379 1031 4414 rer.
1046 4368 1112 4415 dom.
1134 4365 1178 4429 [D.
1190 4380 1231 4427 41.
1253 4365 1288 4430 1.]
1305 4368 1336 4415 de
1353 4380 1408 4426 aeq.
1424 4380 1493 4428 poss.

323 4454 366 4519 [D.
379 4469 420 4517 41.
437 4454 472 4520 a]
486 4467 511 4504 et
526 4456 587 4504 alibi
602 4456 711 4517 passim,
724 4468 751 4504 ut
769 4456 795 4505 in
813 4458 831 4504 l.
848 4456 1045 4517 proponebatur.
1064 4457 1088 4504 ll.
1103 4459 1134 4505 de
1151 4455 1263 4514 judiciis.
1291 4455 1334 4519 [D.
1354 4469 1379 4512 5.
1398 4471 1420 4506 1.
1437 4456 1491 4521 76.]

321 4559 346 4596 et
356 4547 382 4596 ln
397 4550 415 4595 l.
433 4560 516 4596 rerum
531 4545 682 4600 mixturaff.
697 4547 728 4598 de
745 4561 815 4598 usuc.
836 4545 880 4612 [D.
898 4561 940 4608 41.
958 4560 981 4605 3·
1000 4546 1055 4614 sm]
1091 4549 1102 4580 ⁸
1119 4550 1150 4598 cle
1164 4549 1213 4608 leg.
1231 4550 1249 4596 l.
1269 4561 1292 4598 1.
1313 4545 1349 4613 [c.
1365 4560 1388 4606 5.
1407 4548 1420 4609 §
1439 4547 1491 4616 17.]
