3326 5506
331 528 389 590 168
643 547 690 594 ne
713 548 806 614 June
832 547 1196 595 eneruauerunt.

167 715 314 826 aaziae&
327 698 497 765 commoda
515 698 699 768 defendere.
725 703 903 785 Postquam
924 722 1004 769 vero
1024 701 1169 785 Philippi
1191 699 1362 784 imperium
1383 699 1502 782 Belgae

170 835 310 882 Amana
328 825 523 894 rejecerant,
557 812 709 878 Lusitani
743 828 975 897 susceperant,
1008 813 1052 880 ita
1084 827 1122 878 ut
1144 827 1254 879 essent
1275 809 1368 878 alteri
1392 808 1504 874 alteris

169 889 208 936 ’Μ’
328 921 476 988 hostium
497 924 593 1005 loco,
617 924 720 991 eidem
743 924 960 991 nihilominus
981 925 1123 991 Ordines
1136 939 1253 1010 rogatu
1264 921 1503 988 Lusitanorum

329 1032 413 1098 intra
444 1053 524 1100 suos
556 1034 638 1101 fines
668 1037 885 1102 habitantium
917 1051 975 1102 aut
1005 1051 1220 1102 mercaturam
1256 1033 1504 1114 exercentium,

329 1159 362 1210 et
393 1145 470 1226 quia
501 1147 670 1231 Belgarum
705 1146 858 1213 intererat
889 1148 1083 1214 commercia
1114 1149 1202 1214 bello
1236 1165 1302 1212 nou
1326 1143 1504 1228 impediri,

330 1256 389 1321 sed
416 1255 520 1322 foveri
551 1257 744 1340 securitate,
777 1257 928 1343 superius
949 1259 1031 1326 illud
1052 1258 1246 1344 rescriptum
1268 1255 1506 1324 confirmarunt

330 1366 530 1451 gratiamque
564 1369 629 1434 illis
657 1370 739 1454 juris
773 1370 884 1438 bellici
912 1372 1071 1437 hactenus
1094 1370 1266 1450 fecerunt,
1291 1384 1328 1434 ut
1350 1365 1505 1434 Lusitani

331 1477 520 1562 quicunque
549 1483 673 1547 vellent
705 1481 789 1547 inter
812 1482 927 1567 belgas
948 1497 1021 1548 tuto
1047 1496 1252 1561 commeatu,
1276 1478 1505 1557 habitatione,

171 1605 473 1668 Ann013aa.1nercatu
505 1606 697 1672 uterentur,
729 1593 797 1658 vita
828 1594 994 1676 rebusque
1026 1593 1138 1661 salvis.
1185 1592 1250 1658 Sed
1281 1611 1355 1656 curn
1390 1609 1506 1655 rursus
1564 1673 1569 1680 Ι

172 1667 316 1792 mm
330 1701 508 1784 Lusitani,
535 1703 736 1770 conscientia
759 1724 870 1770 eorum
895 1725 979 1787 quae
1003 1706 1120 1772 Batavi
1144 1725 1162 1768 a
1184 1723 1242 1770 sua
1265 1717 1360 1787 gente
1389 1701 1505 1784 inique

329 1809 556 1893 patiebantur,
588 1812 754 1896 prioribus
785 1814 952 1897 rescriptis
984 1834 1051 1881 non
1075 1815 1155 1880 satis
1176 1814 1401 1894 confiderent,
1425 1832 1504 1878 con-

331 1919 543 1990 finnationem
575 1923 812 2006 impetrarunt,
845 1945 905 1992 nec
937 1925 972 1990 hi
1001 1941 1127 1993 tantum
1160 1927 1218 2008 qui
1250 1927 1283 1991 in
1316 1926 1425 2009 belgis
1448 1923 1507 1990 scd

332 2032 445 2114 etqui
477 2033 555 2099 alibi
586 2034 791 2117 habitarent,
824 2051 862 2101 ut
884 2036 1012 2102 scilicet
1033 2053 1246 2104 mercaturam
1270 2058 1345 2103 cunr
1372 2036 1507 2121 belgis,

331 2143 390 2226 qui
422 2146 484 2211 sub
516 2145 679 2211 Ordinum
720 2162 829 2212 essent
868 2148 1028 2231 imperi0,
1070 2151 1124 2216 vel
1159 2169 1199 2216 ex
1232 2148 1302 2232 ipsa
1333 2147 1507 2213 Lusitania

330 2271 404 2322 tuto
433 2271 690 2340 commutarent,
722 2258 812 2324 aditu
836 2272 868 2324 et
889 2259 979 2324 exitu
1010 2274 1160 2342 patente:
1185 2280 1252 2342 quo
1275 2259 1323 2324 illi
1342 2257 1506 2326 beneficio

332 2387 439 2450 usque
458 2370 498 2434 ad
517 2369 803 2452 interdictionem,
828 2385 860 2435 et
880 2385 1021 2453 quatuor
1040 2387 1115 2454 post
1134 2370 1397 2437 interdictionem
1416 2389 1509 2436 men-

175 2504 244 2551 Anno
258 2515 318 2561 1592.
332 2480 424 2545 sibus
437 2479 633 2548 fruerentur.
658 2482 823 2548 Effectum
835 2482 952 2549 deinde
966 2498 1015 2548 est
1027 2483 1209 2552 liberaliore
1220 2480 1506 2565 interpretatione,

169 2558 306 2684 fflfw
333 2592 445 2659 uthis
474 2594 639 2684 rescriptis
669 2594 763 2660 etiam
792 2593 841 2659 illi
870 2594 1104 2660 Lusitanorum
1128 2594 1506 2678 comprehenderentur,

335 2705 393 2786 qui
421 2705 622 2787 Antverpiae
656 2721 711 2771 aut
743 2706 776 2772 in
806 2705 879 2771 aliis
910 2705 1013 2791 Belgii
1037 2705 1198 2788 urbibuS,
1223 2723 1306 2788 quas
1328 2703 1508 2770 adversarii

334 2829 467 2897 tenent,
500 2817 592 2882 sedes
623 2818 740 2884 fixere:
772 2817 817 2883 ita
837 2833 942 2882 tamen
965 2832 1003 2882 ut
1023 2817 1097 2883 inde
1116 2817 1149 2882 in
1171 2817 1320 2902 regiones
1342 2815 1507 2882 Ordinum

334 2927 520 2993 commercii
540 2928 641 3012 gratia
660 2930 892 3010 adventantes,
917 2943 1015 3012 atque
1037 2928 1148 2994 itidem
1172 2928 1220 2995 illi
1244 2927 1414 3008 vicissim,
1448 2927 1506 3010 qui

334 3039 411 3132 hinc
444 3039 477 3104 in
505 3039 656 3105 adversas
684 3055 791 3123 partes
821 3060 941 3106 merces
975 3042 1169 3120 eveherent,
1198 3039 1395 3124 singularem
1419 3059 1507 3104 eom·

176 3169 246 3215 Anno
258 3175 321 3214 1600.
335 3165 460 3224 meatus
472 3150 714 3232 permissionem
726 3151 881 3217 haberent
891 3152 1134 3234 impetrandam.
1154 3151 1338 3218 Posteriore
1348 3150 1508 3234 rescripto

177 3222 272 3349 2220?
286 3237 307 3268 ²‘
336 3261 432 3326 etiam
453 3261 535 3327 illud
556 3281 740 3344 expressum
763 3277 835 3343 est,
859 3278 896 3328 ut
917 3263 1049 3330 Brasilia
1069 3263 1102 3327 in
1121 3263 1261 3329 Batavos
1271 3281 1393 3326 merces
1404 3276 1507 3328 trans·

335 3372 412 3438 vehi
453 3386 600 3455 possent.
655 3373 705 3438 Ita
742 3372 807 3440 illis
837 3374 977 3441 Batavos
1009 3375 1097 3441 adire
1127 3374 1319 3441 volentibus
1360 3373 1508 3456 undique

296 3489 298 3494 ’
334 3483 513 3566 provisum.

197 3623 278 3671 Am„
294 3623 322 3670 γ,
379 3595 499 3660 Merito
531 3614 608 3661 sane
630 3610 663 3661 et
681 3596 754 3680 jure
786 3596 1028 3679 quodammodo
1060 3617 1121 3664 suo
1144 3597 1257 3663 batavi
1282 3599 1395 3679 quales
1416 3617 1452 3662 se
1472 3597 1506 3661 in

336 3708 410 3773 illos
439 3706 688 3790 praestiterant,
719 3709 800 3774 tales
830 3709 905 3776 illos
932 3709 966 3774 in
993 3729 1027 3776 se
1045 3723 1277 3791 speraverunt:
1302 3708 1443 3774 maxime
1467 3728 1506 3774 ex

337 3839 402 3902 quo
429 3817 662 3902 navigantibus
691 3819 725 3884 in
755 3818 959 3886 Lusitaniam
987 3820 1090 3903 prima
1121 3820 1339 3904 experimenta
1358 3821 1504 3906 ejusdem

177 3947 247 3992 Anno
262 3949 322 4003 1582·
336 3930 509 4013 aequitatis
549 3929 644 3995 fidem
687 3929 841 3996 fecerant.
888 3931 996 3997 Nemo
1036 3930 1243 3997 existimabat
1271 3934 1346 4015 plus
1376 3931 1506 3998 Batavis

178 4011 275 4061 ΜΦ
336 4042 533 4109 obstiturum
557 4041 744 4126 Philippum
764 4041 930 4108 dominum
944 4042 1322 4126 Lusitanorum,'quam
1335 4042 1504 4110 Lusitanis

335 4154 420 4219 idem
441 4153 611 4221 obstiterat
642 4154 747 4219 hostis
777 4155 985 4238 batavorum.
1032 4155 1080 4220 Ita
1105 4176 1179 4221 cum
1201 4155 1324 4220 credita
1345 4155 1505 4221 securitas

336 4287 482 4350 magnam
512 4265 634 4332 faceret
654 4266 800 4332 navium
835 4264 1076 4348 frequentiam,
1116 4267 1331 4348 hominesque
1365 4267 1503 4351 benigne

336 4378 509 4460 aliquoties
538 4379 664 4463 excepti
696 4379 794 4470 nullo·
819 4398 907 4442 novo
935 4377 1109 4444 interdicto
1139 4393 1345 4459 arcerentur,
1379 4378 1436 4446 ubi
1465 4378 1504 4444 ad
