3316 5494
352 583 394 652 80
650 591 698 644 nr
721 595 814 666 June
840 593 1026 646 ramnes.
1050 593 1134 642 cor.
1158 589 1226 644 un.

350 753 453 844 Quod
482 769 590 822 autem
620 751 656 820 in
690 751 830 820 subditis
863 751 927 818 sub
958 749 1126 834 republica
1148 764 1206 820 aut
1227 748 1418 835 magistratu
1442 766 1523 820 con·

348 866 497 949 sumtis,
520 864 606 933 idem
629 863 664 931 in
681 859 759 931 filiis
776 877 810 930 et
832 862 936 930 servis
956 861 1106 944 obtinet,
1130 860 1188 944 qui
1207 860 1241 928 in
1259 861 1360 930 sacris
1378 863 1522 946 paternis

350 994 408 1046 aut
429 974 594 1056 dominica
621 990 701 1044 sunt
726 987 898 1058 potestate.
945 973 1032 1041 Cum
1065 988 1172 1046 autem
1204 971 1362 1042 rationem
1385 992 1451 1040 non
1471 993 1522 1040 re·

348 1105 547 1178 pugnantem
572 1083 792 1170 requirimus,
830 1083 1009 1168 probabilis
1036 1083 1176 1170 intelligi
1204 1085 1301 1152 debet
1329 1091 1352 1151 ¹.
1398 1082 1521 1168 Neque

349 1201 435 1270 enim
462 1219 568 1276 crassa
593 1194 777 1284 ignorantia
803 1197 887 1282 iuris
919 1210 1000 1280 puta
1019 1191 1175 1264 naturalis
1193 1210 1251 1264 aut
1269 1195 1347 1266 facti
1367 1194 1520 1277 inscitia,

349 1310 441 1398 quod
471 1309 592 1395 aliquis
618 1310 701 1378 scire
726 1308 923 1390 tenebatur,
943 1328 961 1376 a
979 1321 1117 1392 peccato
1138 1321 1280 1380 excusat.
1324 1307 1409 1376 Sunt
1433 1305 1519 1375 enim

348 1424 525 1509 quaedam,
550 1442 633 1505 quae
649 1420 720 1489 sine
736 1421 834 1504 culpa
852 1437 919 1486 non
936 1419 1146 1488 nesciuntur:
1170 1440 1208 1488 ea
1223 1418 1292 1504 ipsa
1302 1431 1409 1488 autem
1421 1423 1521 1504 culpa

348 1557 422 1604 cum
447 1532 690 1622 iurisconsultis
716 1547 788 1599 tum
815 1529 1023 1616 philosophis
1044 1528 1056 1564 ¹
1075 1549 1213 1614 poenam
1233 1531 1349 1600 mereri
1368 1531 1519 1600 traditur.

346 1645 579 1715 Demonstrata
597 1661 647 1712 est
658 1641 965 1713 veritassententiae
984 1637 1076 1727 ejus,
1095 1658 1179 1725 quse
1197 1642 1238 1710 ad
1246 1645 1424 1714 multorum
1439 1662 1519 1710 con·

346 1758 498 1828 scientias
528 1755 701 1842 placandas
727 1775 795 1824 non
823 1772 939 1840 parum
965 1753 1117 1839 pertinet
1162 1756 1244 1822 Eam
1273 1754 1517 1851 Augustinus³

346 1872 399 1939 his
426 1867 539 1939 verbis
567 1869 735 1952 concepit:
768 1865 864 1956 Ergo
882 1869 941 1935 nir
949 1864 1066 1954 justus
1088 1868 1117 1934 si
1127 1863 1224 1952 forte
1242 1868 1300 1936 sub
1319 1888 1396 1954 rege
1414 1870 1517 1936 etiam

345 1983 508 2069 sacrilego
535 1981 679 2061 militet,
711 1993 800 2046 reete
823 1993 932 2067 potest
960 1980 1021 2046 illo
1041 1979 1180 2066 jubente
1211 1979 1358 2047 bellare:
1388 1980 1418 2046 sl
1446 1981 1518 2048 viee

340 2098 437 2180 pacis
460 2091 608 2159 ordr'nean
626 2109 785 2172 seruans,
808 2087 899 2177 quod
913 2089 977 2158 sibi
987 2089 1132 2177 jubetur
1151 2086 1206 2162 ael
1225 2111 1289 2158 non
1310 2109 1376 2158 esse
1395 2103 1516 2156 contra

344 2203 413 2270 Dei
434 2216 648 2292 praeceptum
675 2215 803 2270 certum
833 2214 903 2284 est,
934 2202 989 2271 nel
1007 2216 1123 2272 utrum
1144 2204 1189 2268 s'e't
1211 2215 1337 2268 certum
1360 2214 1514 2268 nonest:

344 2317 398 2382 ita
426 2328 465 2381 ut
486 2311 638 2400 fortasse
658 2332 751 2380 reum
770 2313 890 2398 faciat
912 2293 1020 2401 regem
1041 2317 1207 2400 iniquitas
1228 2311 1440 2399 imperandi,
1462 2313 1515 2382 in·

344 2441 508 2493 nocentem
535 2438 646 2494 autem
675 2426 813 2492 militem
846 2425 996 2496 ostendat
1024 2422 1103 2494 ordo
1132 2421 1307 2494 serviendi.
1350 2422 1425 2494 Nos
1450 2425 1515 2492 hoc

184 2542 261 2642 5:752}
271 2541 316 2644 5⁷¹1!
342 2536 461 2604 rnodot
485 2534 636 2604 Subditis
654 2535 694 2603 id
709 2538 828 2604 bellum
838 2537 971 2624 justam
983 2536 1082 2604 hebet
1101 2557 1253 2616 eausam,
1273 2532 1363 2626 quod
1368 2537 1514 2622 jubetur

314 2633 320 2644 ’
342 2673 364 2716 a
383 2652 573 2736 superiore,
596 2647 675 2715 dum
699 2653 789 2716 ratio
805 2645 992 2735 probabilis
1003 2645 1209 2716 subditorum
1222 2666 1285 2717 nen
1308 2660 1469 2736 repugnet
1485 2655 1511 2716 ⁴.

298 2780 302 2788 ·
342 2760 466 2830 Eadem
496 2780 576 2828 vero
607 2781 705 2845 opera
732 2762 839 2829 soluta
861 2775 911 2828 est
933 2757 1083 2844 quaestio
1104 2760 1224 2842 altera,
1248 2759 1380 2843 quinam
1399 2781 1417 2830 a
1435 2760 1513 2832 sub-

341 2871 419 2940 ditis
444 2874 532 2959 juste
563 2873 650 2940 bello
682 2887 845 2956 petantur.
891 2871 1014 2939 Hostes
1036 2871 1261 2940 Romanorum
1281 2870 1316 2938 in
1336 2870 1410 2957 jure
1432 2871 1513 2940 ldi-

341 3001 473 3064 cuntur,
505 2984 628 3070 quibus
649 2985 794 3070 populus
815 2981 984 3050 Romanus
1001 2983 1124 3050 bellum
1146 2981 1299 3052 decrevit.
1323 2981 1370 3052 Et
1388 2983 1513 3067 ubique

340 3097 465 3167 subditi
494 3097 582 3183 juste
609 3097 643 3163 in
674 3097 748 3162 illos
775 3096 897 3162 bellum
921 3109 1059 3180 gerunt,
1082 3093 1117 3162 in
1138 3113 1223 3177 quos
1242 3091 1309 3182 geri
1328 3095 1513 3179 respublica

340 3209 590 3294 magistratusve
615 3205 777 3292 praecipit
807 3226 882 3272 curn
903 3205 1014 3273 eadem
1052 3227 1136 3290 quae
1166 3203 1266 3276 modo
1295 3205 1442 3290 exposita
1464 3223 1513 3278 est

341 3320 532 3404 exceptione
556 3319 582 3383 ⁸.
629 3313 777 3384 Sedehic
807 3312 898 3403 gravi
927 3316 1118 3400 quaestione
1146 3315 1362 3403 implicamur.
1407 3315 1512 3402 Supra

340 3428 424 3498 enim
446 3427 588 3496 diximus
607 3427 641 3494 in
660 3429 748 3494 bello
764 3449 821 3512 per
837 3449 870 3496 se
889 3428 1013 3514 injusto
1031 3429 1182 3498 subditos
1203 3428 1385 3500 nescientes
1402 3441 1510 3498 tamen

339 3653 470 3720 eosdem
502 3652 686 3720 nescientes
713 3651 801 3737 iuste
834 3650 962 3734 facere,
997 3643 1072 3719 eum
1105 3653 1227 3720 bellum
1260 3669 1387 3739 gerunt.
1441 3653 1510 3742 Qui

339 3779 447 3832 autem
476 3746 564 3850 juste
595 3763 695 3847 facit,
725 3762 799 3849 jure
831 3763 925 3830 etiam
957 3779 990 3830 et
1008 3761 1064 3850 jus
1085 3763 1175 3832 facit.
1219 3762 1308 3832 Idem
1329 3780 1436 3834 autem
1454 3767 1510 3852 jus

339 3893 410 3942 esse
433 3890 465 3942 et
486 3874 606 3961 inJ'uria
621 3895 688 3942 non
706 3889 839 3960 potest,
862 3895 935 3942 curn
958 3872 1025 3942 sint
1047 3876 1126 3943 haec
1148 3876 1320 3944 contraria.
1368 3877 1434 3944 Sed
1452 3899 1510 3946 ve·

341 4056 519 4071 naq-nn·—

372 4145 489 4198 ¹Thom
512 4157 535 4196 a.
560 4159 584 4195 a.
606 4161 631 4207 q.
648 4148 688 4205 76.
705 4158 751 4196 art.
772 4161 791 4196 1.
811 4159 833 4196 a.
851 4160 875 4206 3·
890 4161 915 4209 4.
949 4144 1055 4200 'Arist
1072 4149 1103 4198 dc
1120 4160 1185 4198 mor.
1200 4149 1232 4198 cd
1247 4147 1349 4201 Nicom.
1365 4152 1383 4197 l.
1400 4161 1423 4198 a.
1442 4165 1465 4200 c.
1484 4162 1507 4210 7.

338 4235 397 4302 [per
405 4235 512 4300 totum]
520 4240 537 4285 l.
546 4251 594 4286 nec
603 4237 737 4297 supinant
754 4239 785 4287 de
799 4236 847 4295 jur.
866 4249 891 4288 et
908 4239 967 4288 fact.
986 4239 1036 4300 ign.
1057 4235 1101 4303 [D.
1118 4253 1157 4288 aa.
1175 4240 1198 4288 6.
1214 4239 1252 4304 6.]
1286 4237 1297 4270 ⁸
1315 4253 1338 4290 c.
1354 4242 1438 4289 Faust.
1452 4243 1507 4288 lla-

336 4327 403 4378 nieh.
421 4332 440 4377 l.
456 4339 496 4377 aa.
511 4341 533 4377 e.
547 4338 586 4390 74
605 4328 733 4378 citatorio
750 4341 772 4378 c.
790 4328 851 4389 quid
865 4323 989 4390 culpat‘ur.
1009 4331 1095 4394 [Deor.
1114 4331 1182 4379 Grat.
1196 4345 1223 4390 p.
1240 4343 1263 4382 2.
1282 4343 1322 4389 as.
1342 4344 1363 4379 1.
1380 4329 1417 4396 4.]
1439 4333 1506 4383 Con·

336 4417 408 4469 venit
432 4429 489 4468 oum
512 4416 566 4466 lnn.
587 4415 614 4466 in
637 4429 659 4468 c.
683 4415 757 4468 sicuts
779 4421 811 4470 de
832 4417 1339 4486 iuncinum.1.[Deuretal.n.24.29.]
1374 4419 1385 4454 ⁴
1403 4422 1465 4472 Silv.
1480 4422 1507 4470 in

236 4570 239 4575 Ι
336 4521 362 4559 v.
370 4508 478 4560 Bellum.
487 4511 499 4568 l
508 4522 532 4572 9.
543 4511 625 4558 eonel.
636 4521 658 4566 s.
676 4508 713 4558 ⁵1.
723 4510 819 4560 hostes.
829 4512 935 4571 decept.
944 4510 987 4572 [D.
996 4523 1037 4574 49.
1050 4523 1088 4568 rs.
1098 4512 1151 4575 24]
1169 4511 1298 4562 ⁶adartic.
1310 4526 1331 4562 1.
1340 4510 1415 4570 huius
1424 4514 1507 4562 eonel.

1642 1251 1643 1294 l

1642 1307 1643 1374 l

339 3541 491 3628 injuriam
520 3540 623 3607 facere
662 3555 694 3607 et
722 3539 770 3606 sic
796 3555 881 3607 recte
912 3541 999 3609 bello
1027 3539 1108 3625 peti.
1154 3540 1219 3609 Hic
1242 3556 1349 3612 autem
1371 3540 1511 3612 dicimus
