3326 5506
346 619 406 694 184
657 635 704 681 ue
727 637 820 702 June
846 637 1028 683 rasabae.
1053 636 1133 682 cnr.
1159 635 1207 680 xr.

341 787 452 871 juncis
476 789 722 870 quatuordecim
746 790 891 875 (navigii
916 811 1019 877 genus
1043 805 1092 856 est
1120 788 1250 854 Orienti
1273 785 1452 872 usitatum)
1486 801 1519 853 et

345 899 535 966 hominibus
557 901 731 966 admodum
753 902 842 969 mille
868 903 1056 988 quingentis
1081 922 1114 969 se
1136 899 1267 966 intulit:
1290 917 1351 964 nec
1377 899 1517 964 dubium

344 1026 412 1076 erat
434 1011 515 1093 quin
540 1012 588 1077 illi
608 1012 807 1095 periissent,
824 1015 858 1080 ni
876 1015 968 1080 Deus
991 1013 1177 1096 Sospitator
1197 1010 1237 1076 ad
1258 993 1347 1075 idem¹
1359 1009 1520 1092 temporis

344 1142 446 1188 novas
470 1144 487 1187 e
506 1116 647 1189 Batavis
659 1143 779 1206 naves,
804 1125 930 1190 Lunam
944 1139 976 1190 et
988 1123 1200 1203 Luciferum,
1223 1122 1257 1188 in
1270 1122 1412 1187 eamdem
1424 1121 1519 1186 insu·

199 1245 270 1291 Anno
283 1243 331 1288 eod·
344 1237 407 1301 lam
431 1235 611 1319 adjecisset.
654 1236 707 1301 Ab
728 1237 841 1302 eodem
865 1257 940 1320 rege
962 1251 995 1301 et
1016 1235 1186 1301 Lusitanis
1206 1248 1341 1316 accepto
1362 1232 1518 1297 mandato

344 1348 497 1412 Rasalata
518 1348 598 1430 ille,
630 1369 727 1430 quem
749 1349 918 1414 latrocinia
941 1351 1064 1414 clarum
1089 1347 1286 1425 effecerant,
1313 1365 1387 1409 cum
1411 1342 1518 1408 milite

345 1457 536 1524 Tubunensi
567 1473 599 1524 et
629 1459 743 1543 legatis
773 1459 943 1526 Lusitanis
964 1459 1084 1544 viginti
1106 1459 1280 1524 Moluccas
1303 1455 1372 1521 fere
1402 1474 1518 1521 omncs

345 1570 486 1647 adierat,
519 1584 557 1635 ut
587 1570 809 1653 negotiatores
840 1572 982 1637 Batavos
1012 1571 1137 1652 ubique
1170 1582 1348 1634 everteret:
1376 1581 1414 1631 ut
1441 1585 1517 1631 cum

345 1681 535 1747 Willekeno
558 1681 697 1764 piofecti
728 1702 767 1748 ex
800 1682 913 1748 Sarcio
934 1683 1066 1748 Maluca
1096 1696 1128 1747 et
1156 1701 1195 1746 ex
1217 1679 1380 1763 praefecto
1401 1679 1519 1742 Bauta-

344 1794 447 1859 mensi
474 1793 669 1859 didicerunt.
714 1793 840 1860 Verum
875 1795 950 1860 inde
973 1795 1058 1860 idem
1083 1793 1138 1859 ille
1158 1792 1262 1875 pirata
1284 1791 1393 1875 pravis
1416 1788 1518 1854 ferme

344 1905 558 1990 quadraginta
591 1904 752 1971 continuo
781 1906 895 1991 Javam
926 1906 1123 1988 advolabat,
1149 1925 1217 1986 quo
1238 1923 1344 1970 novos
1374 1903 1519 1966 batavos

342 2016 473 2081 venisse
506 2016 732 2099 intellexerat,
766 2017 899 2084 adactus
930 1999 1116 2101 juramento
1144 2016 1286 2099 aliquam
1319 2034 1426 2079 earum
1461 2029 1519 2078 aut

342 2147 478 2210 rapere,
503 2143 560 2193 aut
586 2148 804 2211 corrumpere.
849 2129 957 2215 Quam
982 2129 1112 2195 adrem
1134 2125 1404 2210 praelectietiam
1434 2125 1519 2189 Ban-

343 2239 497 2305 tamensis
521 2259 650 2322 operam
680 2241 813 2305 nomine
835 2240 969 2306 Tubani
997 2241 1083 2326 regis
1112 2239 1293 2304 ambiebat:
1318 2237 1405 2303 unde
1421 2237 1517 2320 Jaca·

198 2368 269 2415 Anna
281 2367 330 2414 aa
344 2365 425 2416 tram
455 2371 490 2416 se
527 2352 670 2417 contulit
704 2351 897 2418 insidiarum
931 2367 1076 2435 tempora
1109 2365 1344 2433 occupaturus.
1400 2348 1518 2433 MaJus

344 2462 440 2528 etiam
461 2462 642 2545 periculum
662 2463 734 2545 hia,
758 2463 816 2544 qui
840 2466 942 2529 altero
966 2463 1082 2529 itinere
1105 2462 1269 2528 Nechium
1291 2460 1439 2527 comitati
1459 2481 1517 2525 ve·

345 2590 477 2654 nerant,
501 2574 535 2640 in
552 2574 639 2658 regia
661 2575 845 2641 Achinensi
870 2575 1081 2657 imminebat,
1105 2575 1168 2641 nisi
1180 2588 1340 2639 maturato
1350 2571 1517 2654 discessu,

344 2685 403 2767 qui
433 2685 501 2751 illic
529 2700 734 2766 manserant,
768 2685 892 2752 fraudis
912 2686 1121 2752 Lusitanicae
1150 2699 1303 2751 eventum
1326 2685 1517 2767 praevenis-

345 2812 429 2864 sent.
476 2797 595 2863 Parum
618 2797 745 2864 scilicet
774 2796 881 2863 suerat
904 2812 1053 2864 externas
1086 2813 1198 2884 gentes
1229 2796 1427 2878 immisisse,
1450 2796 1516 2861 nisi

185 2934 255 2979 Anna
271 2939 331 2979 1601.
344 2909 377 2974 in
402 2909 483 2992 ipsis
506 2908 602 2974 etiam
624 2910 767 2976 navibus
789 2928 965 2992 percussor
987 2924 1206 2992 quaereretur.
1253 2908 1359 2973 Navis
1379 2909 1517 2974 celasse

180 2989 306 3044 januario.

344 3021 447 3087 Bottii
479 3021 541 3087 sub
574 3022 697 3087 Cardio
729 3036 761 3086 et
791 3021 963 3105 Flemingo
997 3020 1085 3104 apud
1114 3020 1278 3085 Achiuum
1312 3022 1345 3084 in
1363 3019 1518 3086 anchoris

344 3133 462 3200 stabat.
509 3133 590 3198 Erat
620 3133 741 3198 ibidem
774 3132 1009 3197 Lusitanorum
1031 3133 1124 3197 navis
1147 3133 1208 3198 sub
1232 3131 1395 3196 Roderico
1416 3151 1515 3213 quem

344 3245 413 3310 dixi
455 3243 677 3325 Motamorio,
721 3245 816 3327 cujus
847 3244 1066 3310 machinarius
1099 3243 1360 3328 Hamburgensis
1396 3257 1516 3326 gente,

343 3355 534 3420 Matthaeus
550 3355 673 3419 Novus
691 3354 846 3436 nomine,
867 3375 942 3420 cum
966 3353 1131 3439 praefecto
1152 3355 1290 3440 vigilum
1315 3368 1347 3418 et
1364 3353 1516 3438 Johanne

344 3466 481 3531 Henrici
508 3464 732 3548 machinatio,
756 3486 900 3549 cumque
925 3469 1142 3552 gubernatore
1175 3487 1211 3532 ac
1233 3481 1362 3550 proreta
1383 3466 1516 3549 saepius

344 3578 433 3662 egit,
458 3591 496 3643 ut
518 3577 652 3643 adscitis
674 3576 707 3643 in
731 3577 965 3643 conscientiam
987 3578 1145 3645 facinoris
1169 3599 1255 3660 quos
1276 3578 1413 3644 idoneos
1425 3597 1516 3642 com-

342 3690 526 3772 perissent,
551 3687 738 3772 praefectos
760 3691 993 3756 obtruncarent
1016 3711 1052 3755 ac
1074 3711 1187 3756 navem
1210 3691 1311 3773 ipsam
1332 3691 1514 3755 Malaccam

344 3803 562 3867 deveherent:
586 3802 767 3885 praemium
788 3801 959 3884 pollicitus
982 3821 1048 3868 non
1072 3785 1181 3868 minus
1204 3801 1326 3867 viritim
1351 3799 1404 3866 bis
1426 3801 1516 3866 mille

184 3940 254 3985 Anao
270 3946 330 3986 1⁶02„
344 3914 481 3979 ducatis.
529 3914 595 3978 Sed
626 3912 758 3978 obstitit
787 3913 914 3996 perfido
946 3913 1080 3979 conatui
1103 3915 1299 3980 Batavorum
1330 3912 1426 3978 fides.
1471 3915 1516 3979 At

342 4046 416 4091 cum
448 4045 547 4090 naves
578 4026 684 4107 duae,
709 4025 911 4108 Lugdunum
934 4041 966 4090 et
989 4026 1179 4091 Harlemum
1203 4024 1357 4106 nomine,
1383 4046 1515 4107 eprae-

343 4137 466 4203 fectura
501 4136 742 4222 Gronsbergii,
767 4139 826 4219 qui
849 4137 968 4204 missus
993 4159 1010 4203 a
1031 4139 1188 4204 societate
1216 4137 1415 4203 Hollandica
1437 4159 1514 4221 pos·

343 4250 462 4315 teriore
496 4249 618 4332 pariter
647 4269 721 4314 cum
755 4249 885 4314 Neckio
913 4250 1127 4331 discesserat,
1152 4251 1185 4316 in
1210 4249 1287 4315 Sina
1310 4249 1512 4315 Cochinensi

343 4361 383 4426 ad
414 4361 607 4427 Sinceonem
640 4360 710 4426 sive
742 4361 782 4425 ad
814 4381 937 4426 amnem
969 4362 1230 4428 Polocambarem
1263 4360 1511 4441 substitissent,

343 4471 469 4539 incolae
501 4472 645 4557 regionis
678 4488 710 4538 et
738 4494 794 4538 rex
818 4473 888 4557 ipse
911 4473 977 4539 loci
1001 4475 1154 4541 monachi
1176 4472 1330 4539 Lusitani
1352 4471 1512 4538 instinctu
