3326 5506
449 613 496 660 nn
520 613 614 680 June
640 611 825 658 annonae.
852 610 931 657 car.
957 609 1021 656 xrr.
1265 609 1327 672 249

157 770 248 854 quod
260 770 293 834 in
317 767 557 853 republica‚id
581 783 651 850 est,
674 766 800 835 minore
823 765 993 832 hominum
1017 779 1207 845 conuentu,
1231 784 1327 849 grave

156 898 188 949 et
210 881 426 966 pernitiosum
447 879 637 966 judicatur,
661 880 694 946 in
714 900 828 965 magna
848 879 903 944 illa
922 878 1055 945 humani
1076 877 1202 964 generis
1223 877 1328 944 socie·

154 1011 220 1062 tate
252 993 469 1060 ferendumne
503 1008 574 1074 est,
609 1008 647 1059 ut
678 992 804 1060 scilicet
837 991 942 1059 totius
964 991 1077 1058 mundi
1101 989 1325 1074 monopolium

153 1107 274 1174 faciant
305 1105 422 1190 populi
455 1104 623 1189 Hispani?
670 1106 820 1172 Clement
849 1105 950 1190 igitur
982 1104 1136 1170 Lusitani
1167 1117 1325 1187 quantum

155 1236 186 1288 et
219 1219 378 1303 quamdiu
409 1218 547 1284 libebit:
581 1218 691 1284 Lucra
724 1234 834 1286 nostra
858 1216 1019 1284 deciditis.
1066 1216 1328 1300 Respondebunt

154 1332 286 1399 Batavi:
335 1330 405 1396 Imo
439 1334 560 1397 nostris
595 1330 818 1415 invigilamus.
875 1332 981 1396 Lucra
1015 1344 1127 1396 nostra
1161 1327 1325 1395 deciditis.

155 1445 272 1512 Hocne
296 1443 513 1529 indignamini
537 1443 570 1508 in
594 1457 716 1526 partem
740 1463 801 1510 nos
821 1443 934 1510 venire
953 1457 1124 1509 ventorum
1148 1457 1181 1506 et
1202 1440 1325 1506 uraris?

155 1558 265 1624 Lucra
287 1570 401 1622 nostra
425 1555 587 1622 deciditis.
633 1556 677 1620 Et
701 1556 776 1638 quis
800 1576 950 1622 mansura
972 1554 1193 1640 promiserat?
1219 1555 1328 1620 Lucra

154 1684 266 1736 nostra
289 1669 450 1735 deciditis.
477 1669 611 1735 Saluum
636 1683 685 1734 est
709 1668 827 1750 vobis,
853 1688 920 1751 quo
944 1687 1004 1734 nos
1025 1666 1170 1733 contenti
1191 1686 1324 1748 sumus;

155 1781 270 1864 aequis
306 1802 486 1848 mercamur
520 1781 645 1865 pretiis.
700 1781 808 1847 Lucra
837 1796 948 1846 nostra
978 1779 1137 1846 deciditis.
1191 1778 1327 1844 Docetis

155 1894 256 1979 igitur
280 1893 338 1976 id,
364 1895 452 1960 unde
476 1894 595 1960 lucrari
623 1893 808 1977 possimus,
833 1892 925 1960 alteri
948 1912 1015 1959 non
1039 1891 1214 1958 remittere.

199 2008 286 2073 Cum
312 2007 413 2092 igitur
433 2005 732 2089 supra1victoriae
752 2006 945 2073 auctoritate
967 2019 999 2070 et
1020 2005 1175 2089 exemplis
1194 2005 1326 2070 demon-

156 2134 293 2186 stratum
327 2119 370 2184 sit
399 2122 519 2205 justam
545 2139 614 2186 esse
638 2118 716 2184 belli
740 2138 892 2200 causam,
917 2138 991 2185 cum
1013 2118 1147 2184 libertas
1169 2137 1327 2182 commer-

156 2231 282 2297 ciorum
323 2232 511 2298 vindicatur
552 2231 707 2298 aduersus
746 2230 982 2314 prohibentes,
1016 2230 1166 2313 sequitur
1198 2229 1328 2296 Batavis

154 2344 285 2428 justam·
305 2344 381 2409 belli
406 2363 534 2410 causam
558 2343 591 2409 in
615 2344 794 2411 Lusitanos
817 2343 931 2411 fuisse.
977 2343 1079 2431 Quod
1103 2358 1136 2409 et
1157 2341 1327 2426 speciatim

158 2456 222 2521 hoc
244 2456 343 2522 modo
373 2458 540 2538 probatur.
583 2456 698 2542 Justae
721 2458 881 2523 bellorum
905 2475 1021 2522 causae
1042 2470 1120 2522 sunt
1143 2475 1249 2522 rerum
1273 2469 1328 2521 aut
1341 2476 1484 2522 recanere.

156 2566 306 2634 defensio
330 2583 386 2633 aut
408 2569 637 2651 recuperatio,
662 2567 764 2635 debiti
788 2583 820 2634 et
842 2589 966 2652 poenae
987 2568 1126 2634 exactio.
1173 2568 1210 2632 In
1231 2568 1328 2633 rebus
1341 2541 1389 2630 farei
1399 2546 1424 2631 ¹12
1433 2544 1487 2576 ’Μ’

157 2680 251 2746 etiam
273 2683 347 2765 jura
367 2681 640 2765 comprehendere
661 2682 836 2748 debemus:
861 2695 893 2747 et
912 2681 959 2746 sic
981 2680 1102 2746 Baldus
1121 2675 1132 2711 ²
1153 2679 1233 2744 dicit
1253 2699 1326 2745 eum

156 2792 216 2873 qui
244 2794 317 2877 jure
349 2813 422 2858 meo
452 2813 502 2858 me
526 2793 575 2859 uti
598 2793 752 2878 prohibet
774 2809 861 2858 recte
885 2792 1020 2860 offendi.
1064 2793 1124 2877 Jus
1148 2806 1254 2856 autem
1279 2807 1329 2859 est

156 2918 226 2969 tum
250 2905 342 2986 quod
364 2905 540 2988 privatim,
566 2921 634 2972 tum
660 2907 751 2988 quod
771 2908 844 2992 jure
864 2907 1023 2972 humanae
1044 2903 1209 2972 societatis
1230 2904 1327 2970 nobis

153 3017 334 3100 competit,
358 3033 396 3084 ut
418 3018 452 3082 in
475 3037 572 3084 causa
596 3019 673 3084 belli
698 3019 854 3084 adversus
875 3019 1073 3084 Amorraeus
1094 3016 1326 3102 Augustinus³

155 3131 324 3212 loquitur,
346 3132 409 3196 hoc
431 3130 502 3211 esi,
526 3151 606 3196 usus
628 3133 698 3214 ejus
722 3130 814 3213 quod
835 3149 1008 3196 commune
1031 3143 1103 3210 est,
1126 3143 1206 3212 puta
1230 3129 1326 3196 maris
1338 3151 1484 3208 aetam.

156 3258 189 3307 et
221 3242 500 3309 commerciorum.
547 3243 582 3309 Si
616 3242 691 3325 quis
724 3242 825 3327 igitur
854 3245 908 3328 jus
940 3244 1004 3308 tale
1037 3241 1130 3324 quasi
1161 3240 1327 3325 possideat
1338 3218 1409 3268 ”W
1423 3221 1442 3252 ⁶'
1463 3223 1484 3253 ²'

155 3369 244 3419 recte
268 3354 433 3422 defendet.
460 3356 507 3422 Ita
531 3355 766 3440 Pomponius*
787 3375 882 3437 eum,
897 3354 955 3436 qui
976 3374 1042 3420 rem
1065 3355 1218 3421 omnibus
1238 3375 1326 3420 com·
1370 3375 1372 3381 ⁴

155 3486 286 3532 munem
299 3488 374 3533 cum
399 3467 608 3534 incommodo
631 3481 831 3533 caeterorum
860 3482 1014 3551 usurpet,
1029 3489 1130 3532 manu
1149 3467 1326 3551 prohiben-

155 3578 233 3644 dum
268 3579 360 3645 dicit.
406 3580 492 3644 Nam
528 3579 660 3662 quoties
694 3580 728 3645 in
760 3578 896 3663 judiciis
930 3578 1102 3645 interdicta
1136 3592 1328 3662 competunt

153 3691 397 3774 prohibitoria,
432 3691 530 3757 toties
554 3706 642 3756 extra
665 3691 786 3776 judicia
810 3691 992 3775 prohibitio
1017 3692 1173 3774 competit
1196 3705 1325 3756 armata.

154 3805 289 3869 Praetor
319 3805 350 3867 ⁵:
389 3801 568 3886 Quominus
601 3804 658 3868 illi
688 3807 724 3867 in
752 3805 891 3889 flumine
907 3804 1040 3890 publico
1064 3825 1179 3870 nauem
1203 3824 1325 3890 agere,

154 3930 262 3980 ratem
285 3937 407 4002 agere,
440 3919 668 4002 querentibus
686 3931 750 4001 per
773 3920 884 4002 ripam
907 3937 1090 3980 exonerare
1114 3916 1235 3996 liceat,
1258 3920 1325 3983 uim

147 4023 229 4110 fieri
259 4039 341 4092 reto.
388 4025 438 4091 De
472 4025 551 4090 mari
584 4040 616 4090 et
648 4025 758 4091 littore
782 4025 823 4091 in
857 4026 1000 4092 eamdem
1024 4025 1159 4092 formam
1183 4027 1324 4092 dandum

322 4223 331 4236 1

188 4313 292 4362 ¹Initio
318 4313 417 4374 capitis.
453 4311 464 4344 2
489 4313 514 4360 in
537 4315 553 4360 l.
581 4327 602 4360 r.
628 4315 657 4361 C.
682 4316 749 4363 unde
768 4315 802 4363 vi.
823 4315 866 4376 [C.
886 4317 908 4363 8.
926 4316 963 4377 4.]
983 4329 1007 4362 n.
1027 4318 1066 4372 38.
1102 4315 1223 4365 ³citatus
1240 4329 1324 4376 supra.

154 4405 166 4436 ⁴
191 4407 207 4452 l.
232 4406 347 4465 quemvis
373 4407 444 4465 quod
468 4406 495 4454 in
519 4404 615 4452 littore.
640 4405 666 4454 ff.
691 4407 723 4454 de
749 4421 803 4466 acq.
829 4408 896 4454 dom.
923 4408 967 4469 [D.
992 4419 1032 4468 41.
1062 4421 1082 4455 r.
1102 4408 1154 4470 so]
1190 4407 1235 4454 ⁵1.
1259 4421 1279 4456 r.
1298 4421 1324 4457 ut

154 4497 181 4545 in
199 4497 267 4545 flum.
285 4497 346 4557 pub.
363 4509 421 4546 nav.
440 4496 524 4545 liceat.
544 4497 588 4558 [D.
605 4509 646 4558 4³·
667 4496 717 4562 14.]
