3316 5494
464 636 511 686 DE
535 635 627 706 Juns
653 637 838 689 PRAEDAE.
864 635 945 687 CAP.
971 637 1056 690 Vlll.
1265 638 1325 704 115

148 795 319 862 referenda
342 811 481 880 tyranno
505 815 578 861 eum
602 795 675 861 vult
697 794 829 860 modum
842 795 987 878 servari,
1012 809 1071 878 ut,
1095 799 1124 860 si
1136 794 1323 880 beneficium

147 908 206 973 illi
228 929 333 973 meum
359 928 462 994 neque
483 909 572 976 uires
596 907 735 992 majores
760 905 921 972 daturum
946 921 993 972 est
1016 911 1052 972 iu
1076 910 1217 973 exitium
1239 929 1323 973 com·

148 1041 267 1100 muns,
292 1040 349 1084 nec
372 1016 649 1100 confirmaturum
672 1037 755 1103 quas
778 1019 899 1100 habet,
923 1018 963 1085 id
982 1033 1093 1084 autem
1118 1022 1207 1101 erit,
1237 1019 1326 1106 quod

147 1130 204 1196 iili
228 1130 326 1197 reddi
344 1133 414 1195 sine
428 1133 580 1216 pernicie
594 1129 734 1215 publica
748 1134 877 1216 possit,
901 1129 1050 1197 reddam.
1094 1131 1242 1196 Deinde:
1263 1146 1323 1217 pe·

148 1245 306 1322 cuniam,
330 1239 611 1326 quaesatellitrm
636 1240 796 1326 stipendio
818 1254 947 1323 teneat,
968 1263 1031 1306 non
1048 1242 1320 1308 subministrabo.

148 1353 250 1418 Item:
285 1351 424 1416 militem
457 1364 489 1416 et
518 1372 617 1416 orma
650 1373 714 1416 non
745 1371 934 1439 suggeram.
981 1354 1093 1420 Naves
1126 1372 1161 1420 se
1184 1351 1322 1420 lusorias

147 1462 327 1530 missurum
348 1462 502 1544 affirmat,
526 1463 672 1529 triremes
691 1476 798 1548 negat.
842 1462 977 1549 Quanto
997 1463 1098 1547 igitur
1117 1466 1193 1547 plus
1213 1463 1321 1529 damni

148 1575 191 1642 ob
214 1576 313 1641 talem
349 1592 478 1657 operam
506 1573 684 1657 contigisse
710 1573 934 1658 judicabitur,
959 1588 1158 1656 quantumve
1186 1574 1322 1656 impedi·

148 1685 250 1752 menti
283 1686 473 1771 objectum,
505 1685 683 1768 quominus
712 1685 817 1752 hostis
844 1685 911 1770 juri
935 1705 1046 1769 parere
1068 1699 1263 1770 cogeretur,
1287 1685 1320 1752 in

148 1811 276 1863 tantum
297 1796 415 1880 praeda
435 1797 476 1862 ad
497 1795 753 1863 satisfactionem
777 1796 953 1880 procedet,
974 1796 1045 1862 sine
1066 1797 1135 1862 ullo
1158 1815 1246 1862 novo
1268 1797 1321 1881 ju·

148 1907 259 1990 dicio,
285 1927 359 1972 cum
382 1905 473 1972 istud
492 1905 599 1991 ipsum
618 1906 696 1972 belli
718 1908 875 1990 quaedam
897 1907 940 1978 sit
961 1907 1204 1990 consequentia.
1230 1907 1320 1974 Haec

148 2033 256 2086 autem
282 2017 390 2084 omnia
415 2017 460 2084 ita
481 2017 515 2084 in
539 2038 654 2102 genere
676 2038 753 2086 vera
775 2033 875 2100 sunt,
899 2033 936 2084 ut
958 2034 1065 2085 tamen
1087 2038 1212 2102 semper
1230 2038 1322 2102 prae·

148 2134 258 2198 valere
292 2129 409 2195 debeat
431 2128 465 2194 id
487 2129 579 2211 quod
601 2129 686 2196 inter
709 2123 843 2215 gentes,
871 2130 911 2196 de
935 2128 1056 2211 quibus
1079 2128 1209 2214 agitur,
1232 2149 1321 2196 com·

148 2242 240 2308 muni
261 2244 336 2327 jure
358 2256 524 2324 receptum
556 2255 615 2308 est
661 2241 728 2308 Sed
749 2257 787 2307 ut
810 2240 1094 2337 adquaestionem
1118 2241 1158 2307 de
1180 2240 1322 2308 subditis

147 2354 342 2434 redeamus,
366 2355 502 2419 collecta
525 2352 592 2419 fuit
614 2351 796 2433 sententia,
821 2372 919 2435 quam
942 2351 1115 2418 memoriae
1137 2352 1189 2418 his
1211 2352 1321 2419 verbis
1334 2356 1419 2405 Cauil·
1434 2356 1456 2404 1.

149 2463 343 2549 infigamus:
365 2465 465 2552 Jusse
484 2478 627 2549 corpora
650 2463 834 2529 laeduntur
855 2463 1061 2528 subditorum
1085 2476 1248 2548 quatenos
1266 2463 1322 2529 de·

149 2575 225 2640 licto
256 2589 430 2641 merentur
450 2580 478 2654 ¹,
501 2589 564 2640 aut
585 2588 748 2661 quotenos
768 2577 941 2639 inscientes
963 2576 1199 2638 exsecutionem
1221 2577 1321 2662 impe·

148 2684 271 2751 diunt:
290 2685 423 2772 praeda
447 2698 557 2750 autem
566 2687 660 2771 juste
680 2689 817 2772 capitur
835 2684 1321 2771 adomnibusetsompsrusqaa

148 2797 193 2862 ad
209 2797 316 2863 debiti
334 2818 507 2864 summam.
528 2799 579 2863 De
598 2797 726 2880 legibus
744 2795 879 2863 secundi
899 2794 1043 2877 ordinis,
1065 2810 1226 2877 quatenus
1246 2816 1319 2861 curn

86 2941 90 2948 ·
148 2907 224 2974 belli
246 2907 525 2975 administratione
541 2899 781 2989 concilientur,
795 2907 954 2974 vidimus:
968 2907 1008 2971 ad
1029 2909 1172 2990 regulam
1193 2905 1319 2972 tertiam

148 3015 313 3085 vocamur.
338 3018 512 3107 Quidquid
531 3018 632 3105 igitur
651 3018 874 3101 promisimus,
897 3017 987 3100 quod
1006 3016 1137 3098 quidem
1157 3016 1190 3081 in
1210 3031 1320 3083 nostra

148 3127 211 3196 fuit
231 3145 416 3214 potestate,
441 3130 475 3196 id
496 3151 569 3196 cum
590 3130 706 3195 damno
727 3129 822 3195 etiam
841 3143 954 3196 nostro
973 3141 1134 3210 praestare
1152 3127 1319 3195 debemus.

148 3240 267 3323 Neque
289 3241 352 3306 hoc
373 3255 498 3325 pugnat
517 3261 593 3307 cum
614 3243 685 3325 lege
705 3240 846 3307 secunda
865 3241 886 3304 ².
930 3239 1056 3304 Nostro
1078 3238 1162 3304 enim
1186 3238 1319 3306 arbitrio

148 3370 197 3418 res
219 3367 351 3418 nostrae
371 3352 562 3436 subjacent,
586 3371 763 3433 earumque
784 3349 999 3433 dispensatrix
1021 3364 1070 3415 est
1090 3352 1202 3434 regula
1221 3369 1318 3432 quant

150 3461 215 3527 dixi
240 3463 352 3528 tertia:
386 3463 478 3545 quod
505 3483 544 3526 ex
568 3461 619 3529 his
643 3482 726 3544 quae
749 3461 782 3527 in
804 3461 967 3544 principio
991 3459 1077 3526 dicta
1099 3476 1177 3527 sunt
1199 3461 1319 3527 clarius

150 3573 353 3657 intelligitur.
409 3573 444 3639 Si
476 3573 579 3658 igitur
610 3574 664 3658 jus
698 3572 842 3657 gentium
877 3587 1085 3654 spectemus,
1119 3590 1186 3637 non
1221 3571 1318 3638 civile

149 3684 308 3766 aliquod,
331 3682 463 3750 omnino
483 3683 571 3750 hosti
590 3683 670 3750 fides
691 3683 851 3750 servanda
872 3699 938 3766 est,
963 3697 1001 3747 ut
1022 3682 1117 3748 docet
1140 3681 1170 3746 T
1174 3682 1274 3749 ullius
1287 3685 1317 3762 ³,

148 3794 244 3860 etiam
275 3775 426 3879 perfido,
459 3811 498 3862 ut
527 3794 720 3861 Ambrosius
739 3797 771 3859 ⁴:
795 3794 886 3875 quod
908 3793 952 3860 ita
975 3792 1222 3876 intelligendum
1246 3808 1318 3874 est,

147 3904 208 3972 nisi
243 3905 284 3970 ab
317 3926 355 3971 eo
389 3906 461 3991 ipso
493 3921 686 3986 contractu,
719 3925 759 3970 ex
787 3925 854 3986 quo
878 3904 959 3970 fides
981 3905 1189 3987 postulatur,
1213 3903 1318 3969 hostis

147 4015 237 4100 prior
271 4018 441 4085 recesserit
460 4017 490 4082 ⁵:
526 4038 599 4083 cum
635 4017 719 4083 enim
754 4031 868 4081 mutua
902 4015 945 4082 sit
977 4014 1135 4100 obligatio
1153 4021 1188 4094 ⁸,
1225 4014 1318 4096 quasi

148 4127 295 4194 conditio
319 4128 457 4212 polliciti
481 4127 637 4195 defecisse
661 4125 835 4196 videbitur.
871 4127 946 4193 Hoc
970 4146 1037 4192 uno
1061 4124 1220 4208 excepto⁷

182 4300 190 4332 ¹
208 4301 239 4348 V.
257 4302 348 4349 Tlom.
366 4316 389 4350 2.
414 4315 438 4350 2.
462 4316 487 4363 q.
505 4316 547 4364 40.
567 4314 613 4351 art.
640 4317 662 4353 1.
685 4303 739 4350 Bal.
763 4315 835 4352 cons.
860 4303 879 4349 l.
903 4315 928 4362 4.
953 4313 1010 4362 ³29·
1027 4299 1095 4347 Vict.
1113 4312 1138 4347 n.
1160 4309 1200 4353 so.
1219 4310 1259 4353 52·
1278 4310 1318 4358 54,

151 4390 210 4438 silv.
228 4391 254 4440 in
272 4407 298 4440 v.
315 4393 422 4443 Bellum.
443 4407 463 4441 r.
482 4397 504 4452 5.
518 4407 554 4440 10.
573 4394 656 4442 concl.
674 4405 698 4451 7.
732 4389 790 4440 ²V.
809 4406 831 4441 c.
851 4405 874 4440 2.
897 4390 957 4440 ⁸de
974 4391 1018 4438 off.
1038 4393 1054 4438 l.
1073 4403 1093 4437 1.
1113 4389 1148 4450 [c.
1170 4400 1207 4445 13.
1226 4391 1247 4448 §-
1263 4386 1315 4451 ap]

152 4491 176 4528 et
191 4483 207 4528 l.
226 4493 249 4539 3.
283 4479 342 4531 ⁴de
361 4483 438 4531 offil.
458 4498 480 4531 2.
515 4481 621 4532 ⁵Wnn.
645 4485 727 4533 Math.
752 4485 783 4532 de
807 4483 876 4532 bello
900 4481 978 4540 justo.
996 4481 1022 4530 in
1040 4493 1094 4540 req.
1115 4493 1138 4528 2.
1156 4494 1182 4539 p.
1203 4481 1224 4526 l.
1257 4476 1318 4526 lex

153 4573 206 4620 ead.
224 4586 276 4633 reg.
297 4586 320 4630 3.
354 4571 365 4607 ⁷
382 4573 457 4624 silius
476 4577 492 4622 l.
514 4587 550 4637 14.
570 4575 620 4636 [vs.
642 4575 695 4637 169.
714 4575 782 4636 sqq]
1147 4635 1185 4698 8*
