3362 5504
469 615 516 662 DE
539 618 634 684 JURE
659 618 845 666 PRAEDAE·
871 619 951 666 CAP.
975 617 1056 664 XIII.
1279 617 1338 681 291

168 788 257 839 sunt.
304 773 390 839 Nam
413 774 550 838 alterum
582 773 686 853 illud,
710 787 748 838 ut
767 773 894 840 easdem
917 791 1072 856 personas
1102 791 1342 854 consequamur

167 905 251 967 quae
273 884 425 950 damnum
447 884 544 949 nobis
561 884 742 965 dederunt,
766 905 840 950 cum
865 885 990 967 ubique
1021 882 1155 950 difficile
1179 899 1244 962 est,
1270 899 1340 948 turn

167 997 200 1062 in
229 998 286 1063 illa
307 995 515 1081 navigatione
545 996 602 1062 vix
625 1010 674 1062 est
696 1011 734 1061 ut
756 996 936 1082 contingat.
983 997 1056 1062 Nec
1085 995 1173 1062 credi
1207 1015 1263 1078 par
1292 1009 1341 1060 est

165 1109 274 1174 minus
297 1109 329 1174 in
356 1108 433 1174 belli
453 1108 585 1194 gerendi
599 1109 757 1175 mandatis
771 1109 952 1192 contineri,
974 1129 1071 1191 quam
1084 1108 1340 1192 inrepressaliis.

167 1221 243 1286 Hoc
276 1221 377 1306 igitur
398 1219 559 1287 codicillis
584 1219 748 1302 efficitur,
772 1236 810 1286 ut
831 1220 992 1304 quidquid
1018 1222 1090 1305 jure
1108 1220 1253 1308 gentium
1274 1221 1341 1304 pri-

167 1332 235 1400 vati
264 1331 370 1398 faeere
397 1331 607 1416 potuissent,
632 1332 665 1398 id
687 1352 774 1399 nunc
806 1349 892 1399 retro
923 1333 1116 1400 auctoritate
1146 1333 1279 1416 publica
1309 1347 1342 1400 et

168 1444 262 1527 quasi
275 1446 406 1512 decreto
418 1445 506 1511 bello
518 1442 637 1511 fecisse
652 1444 857 1511 existimandi
876 1445 954 1511 sint.
976 1446 1055 1530 Jure
1074 1461 1180 1512 autem
1195 1445 1340 1530 gentium
1394 1457 1421 1502 V·
1445 1467 1500 1503 ante

1355 1512 1424 1556 conci.
1444 1511 1498 1558 VII.

167 1557 372 1623 ostendimus
396 1578 435 1622 ex
458 1556 547 1622 facto
569 1556 769 1640 reipublicae
792 1572 849 1623 aut
871 1557 1118 1644 magistratuum
1150 1557 1252 1624 teneri
1275 1557 1341 1623 sin·
1350 1565 1424 1679 ἰξυῖ·
1434 1565 1499 1665 “1113

169 1671 265 1752 gulos
296 1668 470 1749 subditos,
496 1689 535 1736 ex
565 1667 651 1734 facto
681 1668 912 1750 subditorum,
938 1670 1029 1750 quod
1058 1691 1124 1737 non
1155 1671 1225 1737 sine
1247 1672 1499 1783 culpaffijffigss

169 1780 369 1863 impunitum
391 1781 456 1861 sit,
482 1781 668 1848 universam
701 1782 931 1864 rempublicam
956 1798 988 1849 ct
1010 1783 1057 1848 sic
1080 1782 1168 1863 fieri,
1200 1798 1237 1848 ut
1260 1781 1341 1848 civis
1355 1784 1394 1828 ²1⁶·
1422 1792 1445 1827 ι*
1476 1782 1500 1827 it

1355 1851 1420 1881 erant.
1430 1837 1500 1881 conci.

169 1891 269 1957 unius
302 1891 422 1958 factum
456 1893 592 1959 alterum
622 1893 757 1977 obliget.
805 1894 937 1960 Nomen
959 1910 1067 1960 autem
1089 1894 1226 1979 injuriae
1250 1890 1502 2005 repa-fiiss'ffi·

169 2004 286 2070 randae
319 2025 384 2070 non
409 2020 535 2071 tanturn
558 2006 819 2088 persecutionem
844 2006 952 2072 damni
985 2021 1018 2074 et
1044 2021 1211 2073 sumtuum
1237 1998 1502 2112 ⁰⁰1¹ti·ssii⁰iip.i“a'

169 2130 248 2197 net,
273 2117 332 2182 sed
350 2132 382 2182 et
402 2137 550 2200 poenae,
576 2118 666 2200 quod
689 2117 909 2184 indubitatum
934 2134 983 2185 est
1006 2119 1038 2183 in
1060 2118 1212 2186 mandato
1232 2117 1342 2201 reipu-
1355 2106 1413 2154 Μ’·
1427 2107 1499 2152 “mi

171 2228 300 2312 blicae‚
333 2249 415 2310 quae
449 2228 594 2295 omnium
627 2229 841 2312 interpretum
874 2251 1036 2297 consensu
1060 2231 1069 2266 ¹
1089 2232 1145 2316 jus
1175 2230 1275 2296 habet
1306 2244 1343 2296 ut

173 2339 206 2406 in
225 2341 373 2406 internos
393 2341 437 2406 ita
458 2341 491 2405 in
514 2356 665 2408 externos
693 2361 753 2408 suo
780 2343 894 2409 ordine
916 2364 976 2426 pro
999 2342 1114 2408 merito
1138 2341 1341 2409 vindicandi.

171 2452 245 2518 Hoc
271 2451 373 2537 igitur
395 2453 572 2519 videndum
598 2469 670 2534 est,
701 2474 741 2519 an
770 2455 852 2536 quid
874 2456 938 2519 tale
962 2454 1197 2520 Hemskerckio
1221 2453 1342 2520 factum

170 2564 214 2630 sit
238 2567 377 2649 ejusque
401 2566 564 2646 mambae,
595 2581 651 2631 aut
674 2565 732 2648 qui
757 2565 786 2631 ei
809 2587 944 2632 suorum
969 2569 1042 2633 loco
1066 2567 1177 2634 haberi
1202 2567 1343 2650 debent,

171 2678 262 2758 quod
285 2677 426 2743 Ordines
446 2692 503 2743 aut
522 2677 676 2761 Princeps
695 2678 833 2762 injuriae
852 2679 984 2744 nomine
1003 2678 1174 2762 complecti
1194 2680 1343 2746 voluisse

171 2789 326 2856 censendi
348 2804 436 2854 sunt.
483 2789 639 2855 Omittam
665 2790 717 2854 hic
741 2789 842 2874 igitur
865 2790 1035 2856 Lusitanis
1058 2790 1213 2856 invidiam
1235 2791 1343 2856 facere
1383 2800 1410 2846 V·
1433 2812 1503 2865 turta

171 2902 454 2967 commemorando
488 2902 705 2984 deprehensas
737 2902 770 2968 in
804 2902 873 2984 ipsa
910 2923 1041 2968 caracca
1075 2902 1183 2970 tristes
1209 2902 1342 2969 exuvias
1356 2854 1503 2953 ilai-liiii

171 3014 341 3079 hominum
376 3014 639 3094 Hollandorum‚
673 3034 758 3096 quos
790 3014 838 3079 illi
862 3015 902 3080 ad
926 3016 1137 3080 Macaiintem
1162 3029 1272 3080 contra
1296 2963 1502 3081 fasiiii‘1·¹'‘'

171 3146 267 3191 omne
292 3140 324 3192 et
347 3125 443 3191 fidem
467 3127 706 3210 strangularant
728 3141 760 3191 et
781 3133 975 3193 merserant:
1006 3147 1203 3209 quamquam
1227 3126 1261 3191 hi
1281 3125 1344 3209 ipsi

171 3257 237 3303 non
272 3253 396 3305 tantum
430 3239 473 3303 ob
504 3239 626 3322 patriae
659 3240 944 3325 conjunctionem,
978 3240 1035 3305 sed
1067 3240 1143 3322 quia
1171 3241 1210 3305 ab
1234 3239 1343 3304 eadem

172 3349 328 3416 societate
360 3351 450 3416 missi
484 3366 596 3432 erant,
629 3353 724 3436 cujus
757 3352 945 3419 administer
974 3367 1042 3419 erat
1066 3351 1343 3434 Hemskerclrius‚

172 3462 269 3528 alieni
301 3482 367 3529 non
401 3478 552 3546 poterant
586 3464 692 3529 videri
712 3462 742 3527 ²:
777 3484 885 3546 neque
919 3465 1122 3547 praefectum
1161 3479 1344 3546 nautasque

172 3595 285 3641 omnes
318 3576 425 3641 minus
459 3577 669 3642 vehementer
702 3597 740 3642 eo
772 3576 915 3644 facinore
948 3577 1148 3644 commoveri
1173 3576 1344 3660 oportuit,

174 3708 271 3768 quam
302 3703 427 3754 certum
456 3704 523 3754 erat
546 3688 689 3754 Ordines
712 3704 744 3754 et
767 3690 972 3773 Principem,
997 3691 1023 3756 si
1049 3690 1081 3755 in
1105 3711 1171 3755 rem
1195 3709 1345 3772 praesen-

173 3814 238 3864 tem
272 3800 344 3866 sisti
375 3801 584 3884 potuissent,
617 3801 738 3866 bellum
771 3823 809 3868 eo
833 3801 964 3867 nomine
988 3803 1175 3868 decreturos
1199 3801 1346 3884 ipsisque

173 3911 384 3978 mandaturos
416 3913 529 3980 fuisse.
578 3914 736 3980 Omittam
770 3914 865 3979 etiam
897 3929 1042 3996 repetere
1073 3914 1263 3995 quomodo,
1289 3914 1462 4029 quihmpra
1474 3930 1505 4028 ii

174 4024 312 4090 comites
341 4024 449 4108 priore
473 4026 588 4093 itinere
613 4027 840 4092 Hemskerckii
863 4025 1016 4107 fuerant,
1040 4026 1149 4092 Banda
1172 4027 1344 4092 Anbonam
1359 3995 1505 4084 allilia·

175 4136 266 4202 missi
290 4158 307 4202 a
331 4135 500 4204 Lusitanis
533 4139 706 4223 intercepti
738 4140 805 4204 sint
837 4159 989 4223 unusque
1022 4160 1133 4206 eorum
1161 4137 1348 4206 foedissime

174 4301 358 4314 --.-..——

209 4396 217 4428 ¹
236 4398 267 4444 V.
285 4397 354 4447 Vict.
378 4402 409 4449 de
431 4397 488 4456 jure
513 4401 574 4449 belli
600 4415 624 4449 n.
653 4415 690 4464 ¹9·
715 4413 739 4451 et
764 4400 845 4459 Caiet.
870 4404 902 4450 ad
920 4403 1011 4450 Summ.
1030 4415 1052 4450 2.
1071 4415 1094 4450 a.
1111 4402 1152 4464 69.
1170 4412 1215 4450 art.
1234 4413 1257 4458 s.
1291 4399 1301 4434 ²
1319 4403 1349 4450 V.

176 4489 280 4538 Cardin.
298 4492 329 4538 ad
348 4492 432 4540 Clem.
452 4505 560 4541 causam.
577 4497 598 4551 ξ.
615 4507 712 4542 verum.
729 4496 767 4542 De
784 4496 858 4542 elect.

1161 4582 1218 4665 19*
