3316 5494
440 615 488 664 DE
510 615 604 685 June
630 614 786 663 PREDAE.
812 613 892 664 CAP.
915 613 995 664 v111.
1277 615 1318 680 97

192 771 296 860 Quod
325 769 445 838 Cicero
468 772 476 806 ¹
498 770 644 854 planius:
676 789 750 835 eum
784 773 851 836 siet
872 770 936 839 duo
954 790 1080 858 genera
1100 769 1320 851 decernendi,

141 905 249 948 unum
276 898 341 970 per
369 882 661 968 disceptationem,
692 882 839 948 alterum
864 897 928 968 per
948 885 1039 964 rim,
1062 881 1319 970 confugiendum

140 993 398 1080 adponens,
420 997 449 1059 si
466 998 518 1059 uti
540 993 702 1060 nonlicet
724 997 902 1078 superiore.
932 993 1150 1078 Thucydides
1169 998 1181 1034 ¹
1203 993 1318 1060 etiam:

140 1109 194 1174 ἐπὶ
212 1109 361 1182 viriiiter
385 1110 497 1176 idonee
522 1111 554 1176 ed
581 1107 752 1189 adpreende
770 1108 970 1174 te'tneom
991 1107 1072 1174 iiam.
1107 1105 1148 1168 In
1168 1125 1240 1170 eum
1261 1106 1320 1190 qui

132 1215 308 1298 judicium
341 1219 491 1302 accipere
515 1229 665 1303 paratus
693 1219 759 1298 sit,
794 1215 891 1300 nefas
923 1229 961 1282 ut
991 1218 1027 1280 in
1061 1215 1228 1298 injurium
1256 1219 1318 1282 iri.

142 1327 351 1395 Theodorici
371 1326 384 1362 ⁸
405 1327 502 1394 etiam
532 1327 615 1393 illud
642 1347 709 1394 non
739 1328 919 1411 discrepat:
950 1327 1144 1396 veniendum
1174 1341 1253 1394 tune
1273 1327 1322 1396 ad

143 1459 270 1520 arma,
293 1460 367 1504 cum
393 1438 498 1506 locum
529 1436 622 1525 apud
647 1437 881 1508 adversarium
893 1440 1037 1523 justitia
1057 1460 1120 1504 non
1137 1453 1246 1526 potest
1267 1460 1320 1506 re·

138 1555 270 1637 perire.
315 1549 393 1636 Quo
421 1565 453 1616 et
482 1550 566 1616 illud
594 1571 634 1616 ex
665 1566 756 1634 parte
776 1565 920 1642 spectat,
945 1551 1036 1633 quod
1055 1571 1095 1616 ex
1116 1549 1319 1619 scholasticis

143 1662 291 1728 diximus
312 1667 345 1746 ³,
369 1682 444 1728 eum
471 1664 544 1747 iure
576 1662 697 1729 bellum
725 1665 814 1748 pati,
839 1663 898 1746 qui
921 1661 1108 1729 satisfacere
1129 1662 1225 1730 nolit.
1257 1661 1320 1727 Vi·

143 1774 262 1840 demus
283 1775 372 1840 hunc
396 1774 542 1840 ordinem
570 1773 610 1838 ab
633 1773 788 1840 IsraelitIs
811 1775 1018 1842 observatum
1040 1771 1076 1858 ⁸,
1100 1774 1159 1859 qui
1180 1775 1221 1840 de
1239 1774 1320 1841 viris

143 1885 281 1952 Gabaae
302 1884 500 1970 supplicium
519 1905 537 1951 a
559 1884 647 1951 tribu
669 1886 887 1972 Beniaminica
906 1886 991 1954 sumi
1012 1888 1202 1965 voluerunt,
1227 1907 1321 1953 cum·

145 2019 213 2081 que
242 1997 277 2062 id
306 2017 372 2064 non
404 1997 614 2081 impetrarent
639 2011 709 2063 tum
739 1997 868 2066 demum
897 1999 999 2066 tribui
1020 2001 1142 2066 bellum
1164 1997 1319 2066 indiscere.

145 2109 194 2174 Et
204 2109 252 2175 sic
267 2110 393 2195 justum
414 2109 542 2176 Minois
565 2109 687 2176 bellurn
712 2109 745 2176 in
764 2109 983 2177 Athenienses
994 2109 1319 2194 Diodorus⁸vocat,

144 2221 225 2304 quia
254 2221 435 2305 postulanti
464 2220 619 2288 adversus
648 2221 708 2288 filii
740 2221 965 2288 interfectores
985 2222 1042 2307 jus
1062 2221 1224 2289 redditum
1251 2241 1319 2290 non

144 2331 265 2399 fuerat.
312 2332 369 2398 Ad
387 2331 543 2399 arbitrum
565 2347 603 2399 ut
625 2348 716 2400 eatur
736 2335 909 2401 honestum
930 2352 1006 2400 sane
1029 2349 1102 2417 est,
1125 2334 1183 2401 sed
1203 2336 1321 2401 volun·

145 2446 286 2527 tarium,
311 2464 377 2510 non
397 2445 623 2512 necessarium.
651 2446 738 2511 Nam
762 2445 917 2512 arbitrum
940 2463 1119 2512 consensus
1139 2444 1236 2530 facit,
1260 2467 1319 2514 nec

146 2558 324 2640 quisquam
342 2557 470 2642 cogitur
485 2557 563 2624 huie
580 2571 637 2622 aut
655 2556 703 2623 illi
716 2559 770 2642 jus
788 2577 884 2624 suum
903 2558 1096 2641 permittere.
1120 2558 1194 2626 Nos
1212 2573 1318 2626 autem

147 2689 183 2735 ea
212 2689 297 2753 quae
327 2683 405 2736 sunt
435 2671 614 2739 necessaria
646 2686 838 2755 spectamus.
884 2671 1030 2753 Apparet
1051 2690 1127 2756 ergo
1149 2689 1188 2737 ex
1209 2673 1452 2761 regulamen-

146 2801 233 2846 nona
245 2782 368 2847 bellum
388 2796 583 2866 suscepturo
604 2781 766 2866 duplicem
786 2781 910 2866 imponi
931 2782 1166 2850 necessitatem.
1209 2783 1319 2849 Primo
1331 2751 1438 2796 ‘'m''

147 2893 232 2959 enim
261 2892 423 2977 judicium
444 2893 646 2961 offerendum
671 2909 720 2960 est
742 2893 939 2977 reipublicae
960 2915 980 2961 a
998 2914 1062 2978 qua
1084 2895 1224 2979 cujusve
1247 2894 1320 2961 cive

148 3004 332 3088 quidquam
363 3018 502 3088 petatur.
557 3005 686 3072 Deinde
716 3024 752 3071 ea
784 3005 813 3072 si
846 3006 931 3072 desit
960 3005 1091 3088 officio,
1127 3005 1225 3072 debet
1253 3025 1320 3073 res·

147 3116 281 3199 publica
309 3117 380 3200 ipsa
411 3136 493 3200 quae
518 3118 604 3184 laesa
635 3132 685 3182 est
716 3117 853 3210 cujusve
886 3115 971 3186 civis
997 3115 1080 3184 ferre
1115 3117 1318 3186 sententiam.

147 3225 244 3294 Prius
263 3227 347 3293 illud
366 3228 440 3312 jure
459 3227 568 3294 feciali
587 3228 832 3309 Romanorum,
849 3249 956 3311 neque
976 3247 1053 3295 sone
1072 3247 1151 3315 gens
1171 3230 1239 3296 ulla
1258 3230 1319 3296 hac

149 3333 182 3404 in
204 3353 299 3422 parte
319 3337 504 3424 religiosior
523 3339 608 3420 fuit,
635 3340 819 3426 clarigatio
848 3355 905 3406 aut
925 3361 1039 3406 rerum
1063 3344 1215 3427 repetitio
1239 3341 1320 3408 dici·
1332 3383 1463 3456 01&ng

147 3463 201 3514 tur
219 3454 244 3516 ².
290 3450 377 3516 Nam
408 3470 514 3518 rerum
550 3451 794 3534 repetendarum
825 3451 956 3517 nomine
988 3451 1116 3537 egregie
1150 3452 1285 3519 Servius
1308 3457 1463 3564 '‘r''“pfef'tsggf'

149 3580 278 3626 omnem
297 3561 447 3645 injuriam
466 3562 548 3629 dicit
566 3563 736 3630 contineri.
760 3563 823 3630 Est
844 3564 928 3630 enim
948 3579 981 3630 et
1000 3563 1046 3629 rei
1066 3579 1098 3629 et
1118 3564 1320 3647 repetitionis

150 3691 268 3738 nomen
290 3675 449 3759 generale.
494 3675 597 3761 Quod
620 3690 726 3742 autem
749 3677 935 3758 postulatur
962 3674 1079 3757 triplex
1109 3690 1176 3743 est:
1200 3674 1319 3759 reddi,

150 3781 330 3867 satisfieri,
354 3783 430 3852 dedi
438 3808 451 3851 .·
475 3785 549 3852 dedi
568 3800 674 3852 autem
698 3806 763 3852 non
788 3786 992 3869 simpliciter,
1016 3787 1073 3852 sed
1093 3803 1150 3854 aut
1170 3788 1244 3855 dedi
1264 3805 1321 3858 aut

150 3894 380 3962 animadverti:
413 3917 452 3964 ex
482 3900 554 3985 lege
586 3898 711 3966 scilicet
742 3899 886 3964 secunda
916 3897 1068 3982 opposita
1100 3917 1256 3983 quartae,
1280 3923 1320 3969 ex

157 4073 347 4092 ῃ

183 4165 239 4217 ²ele
255 4167 299 4216 off.
319 4167 348 4233 [l.
360 4183 382 4218 1.
399 4184 422 4220 c.
440 4184 479 4220 11.
493 4172 514 4233 ς.
533 4171 587 4236 34]
605 4173 679 4222 Adde
697 4174 760 4220 sam.
779 4185 804 4222 a.
822 4185 860 4221 20.
878 4185 916 4235 19.
951 4170 1139 4237 ¹1.1.[c.8s.]
1175 4171 1320 4224 ⁸Cassiod.

150 4257 208 4308 Ver.
231 4260 250 4307 l.
278 4272 301 4308 t.
329 4273 367 4319 ¹7·
402 4259 456 4310 ⁴in
480 4275 519 4324 pr.
543 4276 566 4312 c.
593 4275 617 4321 7.
650 4260 736 4327 ‘Jud
753 4275 795 4313 to.
827 4262 966 4329 ο[Ηίεῑοῐ.
984 4266 1002 4313 l.
1019 4277 1044 4326 4.
1062 4278 1085 4313 e.
1103 4264 1158 4326 61.]
1193 4261 1284 4314 ⁷1’lin.
1301 4268 1320 4314 1.

155 4361 192 4400 m.
208 4363 232 4399 c.
251 4363 275 4400 1.
307 4348 319 4382 ⁸
336 4353 368 4401 ad
384 4354 402 4401 1.
418 4367 443 4416 9.
466 4353 517 4417 [vs.
536 4353 582 4420 ss]
606 4366 631 4403 et
657 4356 675 4404 l.
703 4368 741 4404 to.
760 4355 812 4419 [vs.
831 4355 883 4417 14].
902 4354 1041 4405 Aeneidos.
1057 4357 1088 4403 V.
1105 4355 1182 4405 Brisa.
1197 4357 1229 4406 de
1245 4355 1320 4406 form.

154 4441 172 4487 1.
187 4454 211 4502 4.
228 4443 246 4490 l.
265 4454 288 4491 1.
305 4441 332 4493 ff.
349 4445 382 4493 de
400 4443 454 4494 reb.
472 4446 541 4496 cred.
570 4425 620 4510 [DJ
641 4459 679 4496 ια.
700 4459 722 4495 t.
742 4444 776 4512 1.]
794 4445 826 4494 V.
843 4447 943 4497 Festum
961 4446 986 4495 in
1004 4459 1030 4497 v.
1048 4445 1176 4508 Recipere
1194 4447 1232 4509 [p.
1250 4444 1319 4511 aad]

156 4532 326 4584 lrestituere.
341 4536 373 4585 de
387 4534 450 4584 verb
477 4535 540 4598 sign.
559 4536 603 4600 [D.
622 4548 662 4594 50·
681 4537 719 4586 16.
737 4535 790 4601 ss]

1153 4622 1172 4684 7
