3326 5506
358 627 418 690 194
666 629 712 674 DE
736 629 829 694 JURE
856 628 1039 681 annuunt.
1064 629 1144 676 CAP.
1170 630 1219 676 XI.

355 780 522 862 venisset,
540 781 586 846 ibi
608 797 719 849 contra
740 799 868 850 veteres
891 782 1054 864 offensas,
1078 782 1312 852 Lusitanorum
1336 787 1532 870 temporaria

355 891 588 973 simulatione,
611 896 709 966 velut
732 893 890 978 integrata
913 892 1073 962 amicitiae
1094 893 1178 978 jura.
1223 893 1288 959 Sed
1308 895 1440 964 hostilis
1462 899 1535 965 ani·
1645 891 1646 896 ’

356 1023 452 1086 mus,
476 1018 652 1087 postquam
685 1006 831 1072 navalem
864 1005 991 1072 turbam
1014 1020 1125 1074 contra
1147 1003 1194 1072 fas
1225 1025 1320 1074 omne
1352 1021 1385 1072 et
1411 1007 1533 1090 fidem,

358 1115 597 1182 Achinensium
626 1115 777 1184 manibus
810 1115 1048 1200 discerpserat,
1083 1136 1124 1184 ue
1152 1129 1240 1184 tanta
1271 1115 1404 1196 quidem
1426 1133 1535 1202 strage

358 1226 491 1294 satiatus
527 1241 585 1294 est.
631 1227 800 1294 Instabant
829 1224 954 1294 feroces
975 1227 1082 1294 adhuc
1104 1226 1281 1308 Lusitani,
1305 1242 1410 1309 utque
1434 1227 1534 1296 linem
1645 1263 1646 1268 κ

358 1338 449 1421 operi
478 1359 537 1421 per
554 1338 634 1405 alios
660 1351 861 1420 praetentato
883 1338 1111 1420 imponerent,
1136 1337 1198 1420 ipsi
1220 1337 1346 1405 infestis
1367 1339 1535 1424 navigiis,

359 1470 501 1532 quotum
525 1451 621 1534 longa
657 1463 748 1516 erant
776 1448 876 1518 ferme
902 1449 1100 1531 duodecim,
1124 1449 1275 1533 expansis
1297 1449 1375 1516 belli
1396 1449 1535 1536 insigni·

359 1562 421 1627 bus
463 1560 663 1628 miserabiles
699 1560 831 1628 navium
865 1575 1103 1642 nautarumque
1151 1561 1306 1644 reliquias
1349 1561 1535 1630 incurrunt.

215 1675 284 1718 Arme
301 1671 349 1718 Μ·
359 1675 422 1740 Vis
451 1688 577 1740 tantum
607 1672 642 1738 vi
674 1673 801 1755 repulsa
835 1685 896 1740 est.
942 1671 1011 1738 Sub
1044 1671 1137 1740 idem*
1153 1687 1282 1755 tempus
1306 1671 1422 1740 incidit
1444 1674 1536 1757 prior

360 1785 480 1853 Neckii
510 1782 695 1868 profectio,
728 1805 827 1867 quem
854 1783 1028 1866 episcopus
1054 1783 1125 1866 ipse
1148 1783 1364 1850 Malaccensis
1394 1799 1537 1852 testatur

361 1897 394 1963 in
415 1895 517 1963 literis
537 1896 579 1963 ad
595 1915 702 1981 regem
725 1894 957 1978 Hispaniarum
978 1893 1106 1976 missis,
1130 1894 1213 1964 nihil
1235 1895 1428 1977 Lusitanis,
1452 1896 1537 1962 nihil
1645 1907 1646 1918 ¹

361 2007 486 2074 homini
508 2006 659 2088 cuiquam
683 2006 820 2092 injuriae
840 2021 897 2074 aut
914 2006 1101 2074 detrimenti
1121 2006 1282 2074 intulisse.
1306 2006 1418 2091 Hujus
1433 2005 1537 2092 igitur

358 2121 455 2205 jussu
477 2119 588 2198 navis,
611 2118 800 2202 Trajectum
824 2117 981 2198 nomine,
1012 2118 1220 2198 Ambonam,
1254 2116 1330 2184 inde
1362 2118 1537 2185 Moluccas

361 2230 455 2298 adiit:
479 2230 537 2296 ubi
553 2244 723 2310 vectores,
755 2229 955 2314 gravissimis
979 2229 1112 2298 exerciti
1136 2229 1242 2314 gentis
1273 2227 1421 2295 inimicae
1446 2228 1536 2314 inju·
1645 2233 1646 2268 r

361 2340 418 2407 riis
441 2340 613 2425 (Tidorim
635 2340 720 2408 enirn
741 2340 893 2408 Lusitani
915 2341 1143 2408 Moluccarum
1167 2360 1263 2409 unam
1283 2342 1438 2426 tenent),
1457 2361 1536 2408 mox

363 2467 396 2520 et
418 2453 501 2519 illud
532 2452 742 2536 intelligunt,
765 2451 882 2520 missos
905 2453 1083 2521 Malaccam
1108 2466 1140 2518 et
1163 2451 1197 2518 in
1220 2450 1444 2534 Philippinas,
1476 2453 1537 2536 qui

362 2563 482 2631 auxilia
514 2564 704 2646 concirent,
737 2563 778 2630 ad
800 2564 939 2630 Batavos
963 2563 1112 2646 undique
1133 2562 1397 2646 proturbandos,
1420 2564 1537 2646 prohi-

364 2676 555 2758 bendusque
585 2676 619 2742 in
650 2689 817 2758 posterum
849 2674 971 2744 aditus·
1017 2676 1081 2742 Sed
1110 2677 1219 2742 elusae
1249 2673 1394 2742 discessu
1417 2675 1537 2742 minae.
1645 2743 1646 2752 ,

205 2794 282 2859 Aut
299 2797 349 2859 {⁶0¹
365 2787 451 2854 Cum
473 2807 553 2854 vero
576 2787 709 2854 relictus
731 2807 754 2856 a
772 2787 902 2856 Neckio
923 2789 1100 2858 Cornelius
1124 2786 1381 2855 Hemslretclrius
1405 2787 1537 2854 duabus

200 2859 326 2907 prrnctpto.

220 3636 298 3692 [tayo.

363 2919 438 2966 cunt
473 2899 611 2966 navibus
643 2900 685 2966 ad
716 2899 901 2968 Ambonam
928 2915 1133 2979 moraretur,
1168 2898 1217 2964 illi
1249 2912 1362 2966 noctes
1397 2898 1537 2982 diesque
1645 2907 1646 2920 *

363 3011 559 3080 Batavorum
593 3010 721 3094 scaphis
763 3025 795 3076 et
826 3010 949 3096 cymbis
981 3011 1205 3080 imminebant.
1263 3010 1309 3078 Et
1340 3025 1418 3093 post
1446 3013 1536 3078 leves
1645 3023 1646 3068 l

362 3123 564 3206 aliquamdiu
598 3137 759 3203 conatus,
794 3125 965 3190 caracallas
998 3138 1199 3190 armaverant
1230 3121 1349 3207 viginti
1381 3123 1464 3188 duas
1505 3137 1537 3188 et

363 3235 468 3303 iustas
500 3250 576 3303 tres.
619 3235 684 3300 Sed
718 3254 758 3302 ne
781 3233 828 3300 sic
852 3234 985 3316 quidem
1018 3234 1089 3303 ausi
1118 3234 1420 3320 oppugnationem,
1446 3249 1536 3302 tene·

362 3347 493 3412 brarum
517 3345 677 3414 beneficio
711 3361 769 3414 aut
799 3346 960 3428 superatis
983 3347 1118 3412 latenter
1147 3345 1379 3429 promontoriis
1406 3343 1537 3414 fraudes

364 3471 397 3523 et
419 3457 567 3524 incendia
597 3457 788 3537 struebant,
812 3477 897 3539 quae
919 3457 1050 3541 providi
1078 3478 1115 3526 ac
1136 3458 1311 3542 pervigiles
1334 3456 1430 3526 facile
1453 3457 1537 3524 vita-

219 3582 289 3678 AJmp
302 3581 350 3628 eod·
364 3583 494 3636 verunt.
534 3569 637 3636 Paulo
658 3583 734 3651 post
756 3569 897 3650 accidit,
922 3584 960 3634 ut
977 3570 1018 3636 ab
1040 3569 1189 3638 Adriano
1211 3569 1322 3638 Venio
1344 3570 1386 3636 ad
1409 3571 1539 3638 Corne·

363 3681 443 3747 lium
465 3681 762 3761 Hemskerckium,
785 3680 895 3750 Barda
915 3680 1041 3752 scilicet
1062 3681 1269 3761 Ambonam,
1292 3697 1359 3750 tres
1383 3682 1536 3748 homines
1645 3725 1646 3748 r

363 3812 462 3876 prava
502 3793 613 3859 Indica
647 3807 736 3860 trans
770 3813 857 3861 marc
891 3791 1123 3873 mitterentur,
1170 3812 1311 3875 quorum
1345 3812 1433 3858 unus
1468 3809 1539 3860 erat

360 3904 526 3990 Jacobus,
556 3905 749 3990 cognomine
773 3905 1050 3985 Watermannus,
1075 3903 1214 3974 artificio
1238 3903 1425 3988 chirurgus.
1473 3905 1537 3972 Su·

363 4016 561 4099 perveniunt
592 4016 744 4084 Lusitani
777 4017 887 4098 plures
910 4017 1015 4082 multo
1039 4035 1075 4082 ac
1098 4015 1297 4095 validiores,
1321 4028 1353 4080 et
1373 4014 1537 4082 adversus

363 4147 449 4209 quos
472 4127 548 4213 fuga
569 4143 694 4194 tantum
714 4142 859 4196 restaret.
908 4126 986 4196 Duo
1012 4126 1067 4194 alii
1091 4128 1228 4212 dejectis
1251 4127 1285 4192 in
1308 4146 1395 4192 mare
1419 4147 1537 4210 corpo-
1645 4153 1646 4168 ¹

362 4238 453 4304 ribus
486 4239 567 4305 enisi
600 4240 633 4306 in
666 4239 866 4324 adjacentem
899 4237 1037 4305 insulam
1073 4252 1318 4321 pervenerunt,
1352 4237 1468 4320 ibique
1501 4238 1537 4302 in
1645 4233 1646 4310 Ϊ

362 4350 540 4416 solitudine
560 4345 714 4436 degentes
734 4363 766 4416 et
792 4349 1002 4432 interseras,
1030 4349 1248 4418 mansuetiora
1271 4363 1380 4416 tamen
1401 4349 1535 4430 omnia,

363 4483 458 4544 quam
484 4462 663 4529 Lusitanos
675 4461 882 4530 invenerunt.
909 4460 1046 4528 Tertius
1059 4462 1269 4547 illeJacobus
1279 4461 1378 4528 nandi
1392 4461 1537 4530 insciens
