3316 5494
423 655 470 704 DE
493 655 587 723 June
612 653 799 722 Pannonia.
824 653 908 702 CAP·
932 654 1016 702 vm.
1204 633 1312 724 53¹0?

136 813 282 880 sublatis
312 812 447 878 tollatur
475 809 571 875 etiam
604 808 800 892 respublica.
848 807 998 874 Affirmac
1028 805 1176 874 Thomas
1209 827 1314 892 poena

137 925 251 1003 damni
280 943 341 1008 pro
370 924 470 988 altero
502 920 585 986 affici
618 940 697 1002 eos,
729 920 788 1003 qui
819 919 854 987 id
873 919 966 1002 quod
984 933 1063 986 sunt
1082 919 1314 989 alteriussunt

137 1052 176 1101 et
194 1035 298 1102 veluti
329 1048 458 1118 partes,
492 1033 584 1114 quod
611 1051 678 1098 non
707 1031 816 1098 minus
839 1031 874 1099 in
895 1030 1036 1099 subditis
1060 1027 1158 1114 quarn
1180 1031 1213 1099 in
1235 1031 1314 1098 filiis

137 1162 175 1212 et
194 1145 299 1212 servis
335 1144 484 1212 oblinere
513 1144 621 1210 debet.
676 1142 805 1226 Atqui,
827 1143 915 1210 sicut
933 1142 1096 1225 diximus,
1121 1144 1314 1227 plerumque

138 1271 221 1324 sunt
248 1270 337 1322 extra
365 1257 512 1339 culpam:
545 1274 658 1322 verum
687 1254 844 1337 quidem,
871 1255 931 1321 scd
953 1255 1074 1321 docent
1097 1254 1194 1320 iidem
1217 1255 1313 1322 scho-

137 1367 249 1436 lastici
268 1369 279 1409 ¹
299 1365 424 1451 imponi
450 1386 587 1451 poenam
617 1386 795 1449 numquam
825 1366 895 1433 sine
924 1367 1045 1449 culpa,
1079 1385 1175 1450 saepe
1207 1380 1314 1434 umen

138 1479 212 1545 sine
232 1481 329 1562 culpa
351 1479 421 1564 ejus
443 1479 503 1561 qui
525 1477 684 1562 punitur,
708 1497 775 1544 non
797 1491 904 1544 tamen
924 1478 994 1545 sine
1013 1497 1130 1561 causa,
1156 1499 1240 1561 quae
1259 1478 1315 1544 bic

139 1605 191 1658 est
211 1589 360 1657 evidens.
406 1589 452 1655 Et
482 1591 563 1656 haec
590 1604 639 1656 est
668 1591 738 1656 sola
755 1590 838 1656 ratio
858 1586 870 1622 ¹
889 1608 972 1672 quae
990 1589 1194 1673 repressalias
1215 1589 1314 1656 susti·

139 1717 218 1784 net,
242 1719 309 1768 non
332 1700 490 1785 proximis
510 1702 668 1768 duntaxat
691 1699 852 1783 saeculis,
873 1701 932 1767 sed
952 1700 1069 1785 priscis
1093 1700 1315 1786 etiamqenti-

141 1815 204 1880 bus
225 1827 424 1897 usurpatas,
454 1811 721 1897 pignorationum
739 1828 786 1879 et
804 1818 995 1899 ἁνδροληψιῶν
1014 1813 1199 1879 vocabulo:
1224 1812 1315 1895 quod

142 1925 230 1992 enim
251 1925 337 1992 civis
361 1925 442 1991 mihi
466 1924 582 2005 debet,
604 1925 667 1990 hoc
692 1924 789 1990 debet
808 1923 993 2006 respublica
1011 1925 1066 2010 J'us
1078 1943 1144 1990 non
1154 1925 1317 2006 reddens,

142 2051 175 2103 et
196 2038 290 2120 quod
316 2035 523 2121 respublica,
553 2036 627 2102 hoc‘
646 2035 736 2102 cives
756 2034 896 2120 singuli:
920 2036 1013 2118 quod
1031 2036 1199 2103 Bartolum
1218 2035 1230 2071 ⁸
1247 2055 1315 2104 non

144 2147 274 2216 fefellit.
318 2148 460 2215 Accedit
490 2147 732 2215 commoditatis
751 2147 858 2231 ratio,
884 2147 962 2230 quia
984 2148 1163 2215 creditores
1184 2147 1315 2216 aliunde

139 2262 320 2345 jussuum
348 2259 507 2342 consequi
538 2258 634 2326 facile
664 2277 730 2327 non
764 2274 927 2344 possunt,
951 2259 1031 2343 ipsis
1053 2275 1161 2326 autem
1185 2260 1316 2328 civibus

142 2371 227 2438 inter
247 2391 283 2437 se
304 2370 414 2439 minus
436 2372 681 2439 incommodum
705 2386 755 2439 est
775 2372 960 2439 actionibus
982 2372 1121 2456 experiri
1140 2370 1152 2407 ⁴
1173 2387 1205 2438 et
1225 2372 1316 2456 quod

143 2484 288 2568 quisque
306 2483 415 2550 damni
433 2487 549 2568 passus
569 2500 639 2566 cst,
664 2485 704 2550 ab
723 2504 762 2550 eo
781 2501 973 2568 reposcere,
997 2484 1054 2567 qui
1075 2486 1108 2552 in
1126 2485 1224 2570 culpa
1241 2483 1316 2552 fuit.

143 2595 312 2678 Breviter,
344 2609 383 2662 ut
413 2595 578 2662 materiam
609 2594 713 2662 forma
744 2595 942 2681 restringat,
973 2611 1107 2664 ratenus
1130 2595 1250 2664 bellurn
1273 2597 1314 2662 ab
1329 2616 1404 2684 confr.
1417 2613 1473 2665 rat.

144 2707 319 2794 agentibus
348 2707 542 2776 noluntaria
564 2708 660 2794 juste
686 2712 848 2796 geritur,
872 2721 1036 2794 quatenus
1066 2713 1164 2775 intra
1194 2707 1234 2776 id
1255 2670 1458 2794 jusssss'sf'du'

145 2832 279 2901 manat,
304 2839 366 2905 quo
385 2818 425 2885 dr
445 2823 587 2907 agitur,
611 2822 771 2906 intraque
793 2835 953 2908 personas
984 2824 1014 2886 ri
1036 2822 1117 2907 juri
1140 2819 1315 2908 obligatas.

146 2930 220 2997 Hoc
243 2930 352 3014 ipsum
374 2931 533 3015 subjectis
555 2931 727 3014 speciebus
751 2932 872 2998 clarius
895 2931 1047 3015 explicari
1070 2945 1201 3016 potest,
1222 2949 1317 3015 prae·

145 3042 257 3108 sertim
289 3041 323 3108 in
354 3042 498 3109 subditis
530 3044 676 3111 bostium
706 3043 936 3126 publicorum,
971 3043 1012 3108 de
1034 3042 1158 3124 quibus
1179 3042 1316 3108 maxime

145 3153 306 3238 disputari
335 3155 421 3220 solet
450 3153 534 3220 incer
562 3154 646 3240 juris
667 3154 776 3221 bellici
799 3170 949 3222 auctores
967 3153 992 3222 ⁵.
1037 3154 1210 3242 Quatenus
1239 3173 1316 3240 ergo

143 3285 258 3332 verum
280 3265 325 3330 sit
345 3265 564 3349 Euripideum
588 3266 677 3332 illud
693 3265 883 3333 videamus:

335 3380 454 3461 naiapir
476 3377 558 3454 ainus
579 3405 620 3446 an
643 3381 795 3460 πολεμίους
817 3375 847 3454 ὃς
868 3377 905 3446 aa
926 3378 1029 3463 arrian.

325 3486 440 3554 Purus
457 3491 599 3574 piasque
622 3501 669 3552 ast
692 3491 842 3573 quisquis
864 3489 985 3554 hostem
1009 3489 1178 3556 occiderit.

188 3598 235 3664 Et
254 3617 333 3664 num
354 3613 440 3664 recte
457 3597 577 3665 Tacito
598 3598 741 3665 dictum:
762 3603 799 3664 in
809 3614 894 3685 pace
910 3619 1029 3665 causas
1041 3615 1073 3666 rt
1087 3606 1210 3667 merita
1230 3618 1316 3689 spec·

146 3714 243 3791 tari,
266 3711 328 3775 ubi
350 3709 470 3776 ballum
499 3714 643 3796 ingruat
663 3714 847 3776 innocentes
865 3731 905 3776 aa
925 3715 1039 3777 noxios
1052 3713 1162 3798 juxta
1182 3713 1313 3781 cadere.

146 3821 198 3887 Ex
220 3822 282 3888 hac
306 3821 390 3888 enim
412 3821 626 3890 similitudine
646 3823 701 3906 jus
724 3822 859 3906 praedae
879 3821 1025 3906 apertius
1048 3823 1116 3890 fiet.
1162 3825 1219 3892 Ad
1241 3845 1444 3898 cor-ltma-

145 3951 207 4014 pus
229 3932 322 4016 quod
341 3933 473 4012 attinet,
497 3932 619 4000 offendi
643 3952 682 3999 ex
701 3933 830 4019 legibus
847 3932 943 4018 primi
971 3935 1118 4019 ordinis,
1140 3956 1225 4019 quae
1245 3937 1313 4004 ani·
1326 3903 1434 3951 ‘'mu''

179 4193 188 4226 ¹
207 4206 231 4242 c.
249 4193 304 4242 sine
322 4195 404 4254 culpa.
422 4195 453 4242 de
471 4207 523 4255 reg.
540 4192 589 4252 jur.
608 4206 633 4244 et
650 4193 687 4244 ibi
705 4197 801 4256 Dyras.
820 4195 956 4260 [Decretal.
974 4195 1042 4248 ln'd.
1061 4210 1084 4255 s.
1105 4212 1143 4248 12.
1161 4211 1184 4255 5.
1196 4211 1248 4260 reg.
1262 4197 1315 4263 aa]

146 4285 207 4334 silv.
232 4284 260 4333 in
283 4297 310 4333 v.
335 4285 428 4333 Poena.
452 4285 478 4334 in
503 4286 585 4346 princ.
619 4285 738 4336 ²Tlrom.
757 4301 780 4336 a.
809 4301 831 4336 2.
849 4302 875 4348 q.
895 4291 950 4338 rol.
970 4301 1016 4338 art.
1032 4303 1058 4351 4.
1076 4289 1149 4339 Adde
1167 4289 1228 4339 Sllv.
1246 4291 1272 4340 ln
1290 4305 1317 4341 v.

146 4377 253 4424 Bellum.
272 4378 295 4433 ε.
316 4388 355 4424 11.
374 4379 459 4425 conci.
476 4377 501 4425 ό.
518 4389 543 4426 et
561 4390 586 4435 7.
619 4377 673 4426 ’in
691 4389 764 4426 tract.
782 4380 813 4428 de
831 4391 938 4441 repress.
956 4381 982 4429 in
1000 4395 1038 4442 pr.
1055 4381 1128 4430 Adde
1146 4385 1163 4429 l.
1183 4393 1204 4430 1.
1222 4382 1248 4431 in
1266 4381 1317 4431 fine

148 4465 173 4514 n.
190 4468 222 4514 de
250 4475 335 4515 exerc.
353 4479 403 4516 act.
432 4466 474 4531 [D.
505 4481 545 4529 14.
573 4468 608 4530 1.]
636 4471 713 4518 Mart.
730 4471 807 4520 Laud.
826 4473 857 4520 dc
875 4471 954 4522 bello.
971 4485 997 4533 q,
1016 4475 1056 4531 38.
1090 4471 1136 4522 ll.
1156 4476 1317 4524 1.C.sumt.

148 4555 269 4615 iniuncti.
289 4557 332 4621 [C.
352 4571 391 4608 rr·
409 4557 462 4622 ab]
497 4559 556 4607 ⁸V.
574 4559 643 4620 vict.
660 4573 686 4610 a.
704 4573 735 4620 ³7
753 4571 779 4611 ct
795 4573 836 4624 4⁵·
