3310 5482
444 591 492 638 ns
515 591 608 656 June
634 589 818 645 russone.
843 591 922 639 cnr.
946 589 1012 636 vu.
1269 568 1312 650 69

133 745 224 825 bus,
248 743 282 811 in
305 758 475 828 raptores,
499 744 533 812 in
555 745 737 814 desertores
768 760 801 811 et
821 743 1005 830 transfugas
1025 751 1047 812 ¹.
1090 742 1167 828 Qua
1188 739 1313 808 ratione

133 855 367 934 Tertullianus
399 853 410 888 ²
443 855 547 923 dixit:
582 858 623 922 Im
653 876 724 922 reos
756 857 944 941 majestatis
977 867 1010 920 et
1037 854 1186 940 publicos
1208 853 1312 920 hostes

134 971 241 1034 omnis
262 969 353 1032 homo
374 965 466 1032 miles
488 981 547 1034 est.
592 966 699 1052 Leges
721 973 733 1010 ⁸
757 966 853 1032 etiam
874 965 963 1032 haud
984 979 1104 1032 temere
1123 982 1241 1030 nomen
1263 961 1314 1028 ul-

137 1077 241 1148 tionis
270 1077 481 1160 exprimrmt,
504 1080 576 1164 ejus
605 1099 689 1161 quae
719 1095 874 1146 concessa
897 1091 956 1144 est
1002 1076 1097 1143 Sicut
1117 1088 1224 1142 autem
1244 1074 1314 1140 bel·

133 1191 207 1256 lum
230 1189 367 1272 aliquod
387 1188 551 1271 privatum
585 1209 625 1256 ex
648 1208 745 1255 causa
763 1189 889 1273 justum
914 1202 984 1265 est,
1008 1187 1053 1254 ita
1075 1186 1244 1271 publicum
1264 1184 1314 1251 in·

131 1299 261 1384 justum
283 1298 311 1366 si
337 1317 436 1368 causa
465 1299 551 1366 desit
573 1307 596 1366 δ.
641 1300 730 1366 Hinc
753 1299 895 1366 Senecae
916 1296 929 1333 ⁸
952 1300 1098 1380 querela:
1122 1295 1313 1364 Homicidia

134 1414 364 1498 compescimus
385 1424 417 1476 ct
437 1409 589 1498 singulos
610 1411 746 1478 caudes:
768 1407 852 1496 quid
870 1408 957 1476 bello
977 1421 1009 1474 et
1031 1413 1215 1474 occisorum
1234 1427 1314 1496 gen-

136 1526 224 1588 cium
243 1521 425 1608 gloriosum
448 1520 581 1586 scelus?
604 1522 684 1587 Non
696 1524 876 1602 auaritia,
898 1541 961 1586 oon
980 1519 1165 1587 crudelitas
1185 1517 1313 1585 modum

138 1636 243 1701 mouit.
288 1633 345 1698 Eu
358 1632 667 1698 Senatusconsultis
685 1633 860 1719 plebisque
880 1635 971 1698 scitis
983 1652 1082 1700 saeuo
1094 1642 1312 1710 exercentur,

136 1758 171 1810 ec
186 1744 319 1831 publice
331 1744 498 1830 jubemur
520 1747 627 1814 uetito
650 1748 829 1831 priuatim.
874 1744 981 1831 Quem
1006 1743 1152 1810 imitatur
1174 1738 1314 1825 Cypria-

137 1875 202 1922 nus
221 1865 252 1921 ἐ
274 1852 498 1922 Homicidium
520 1875 594 1920 cum
618 1855 805 1922 admittunt
826 1855 955 1943 singuli
973 1859 1099 1922 crimen
1120 1865 1188 1921 cst:
1201 1855 1313 1921 uirtus

135 1981 281 2036 uocatur
298 1988 372 2032 cum
388 1964 522 2053 publice
538 1969 688 2053 geritur.
735 1966 824 2042 Hinc
846 1967 948 2034 illud:
958 1968 1088 2055 Jusque
1110 1966 1228 2034 dotum
1248 1984 1314 2029 sce-

137 2077 205 2146 leri
225 2082 248 2144 ⁷.
293 2077 392 2144 Unde
425 2097 484 2144 rex
508 2079 716 2161 Alexander,
736 2078 763 2144 si
784 2079 889 2163 justas
919 2079 996 2146 belli
1018 2098 1131 2146 causas
1149 2078 1184 2144 ln
1203 2076 1313 2144 Asiam

137 2208 206 2258 non
228 2189 370 2272 habuit,
388 2205 474 2256 recte
496 2210 514 2257 a
542 2190 646 2274 pirata
670 2205 793 2257 tractus
815 2190 920 2258 estin
943 2190 1087 2257 criminis
1102 2189 1314 2272 societatem,

137 2301 185 2368 ita
206 2315 246 2366 ut
266 2301 425 2368 Lucanus
445 2315 601 2368 terrarum
622 2302 841 2386 praedonem,
866 2302 988 2370 Seneca
1009 2305 1021 2343 ⁸
1044 2304 1200 2368 latronem
1221 2301 1314 2368 illum

138 2412 271 2480 dixerit.
316 2413 405 2480 Idem
430 2414 470 2480 de
494 2413 605 2480 Crassi
629 2414 716 2481 bello
740 2415 774 2481 in
798 2415 935 2482 Parthos
964 2414 1030 2481 dici
1050 2427 1169 2498 potest.
1215 2413 1315 2495 Spec-

138 2524 255 2592 candae
284 2523 385 2610 igitur
413 2525 447 2591 in
470 2540 612 2608 utroque
634 2545 773 2609 causae,
798 2545 880 2609 quas
901 2546 971 2593 esse
991 2539 1135 2608 quatuor
1156 2523 1311 2591 diximus.

139 2639 229 2710 Nam
260 2638 352 2721 qui·
379 2652 446 2706 tres
476 2653 625 2706 statuunt
650 2639 754 2723 justas
787 2639 948 2706 bellorum
980 2657 1117 2721 causas,
1151 2634 1312 2704 defensio·
1325 2651 1434 2754 tyrum

139 2771 237 2832 nem,
272 2750 549 2835 recuperationem
589 2764 620 2818 et
652 2750 880 2834 punitionem,
913 2765 952 2817 ut
983 2753 1191 2835 loquuntur,
1225 2748 1312 2815 illam
1325 2718 1432 2755 ‘mm

138 2880 205 2932 non
236 2858 460 2944 infrequenter
490 2861 670 2945 omittunt,
695 2881 778 2944 quae
802 2864 909 2930 locum
928 2862 1049 2943 habet,
1074 2861 1206 2944 quoties
1229 2879 1313 2941 quae

139 2972 355 3040 convenerint
386 2993 453 3040 non
475 2987 690 3058 praestantur.
737 2973 893 3040 Totidem
919 2973 1004 3040 enim
1029 2991 1098 3042 esse
1117 2971 1238 3038 debent
1260 2989 1314 3035 ex·

140 3084 369 3164 secutionum,
401 3099 485 3168 quot
516 3100 595 3152 sunt
616 3086 783 3152 actionum
807 3104 949 3170 genera,
971 3082 1062 3166 quod
1087 3082 1128 3148 ad
1149 3081 1315 3150 materiam

140 3194 279 3278 attinet,
311 3215 395 3278 quae
417 3195 452 3264 in
483 3197 570 3263 bello
593 3210 626 3262 et
646 3195 782 3281 judiciis
804 3195 923 3264 eadem·
936 3210 986 3262 est
1006 3191 1041 3263 ¹⁰.
1085 3193 1129 3260 Et
1150 3193 1315 3277 exprimo

140 3306 273 3388 quidem
308 3325 424 3393 genere
455 3327 528 3374 raro
550 3306 675 3394 judicia
697 3306 898 3387 redduntur,
920 3307 999 3390 quia
1021 3327 1143 3374 moram
1164 3305 1259 3374 istam
1280 3325 1315 3372 se

141 3417 254 3484 tuendi
284 3418 460 3488 necessitas
488 3437 555 3486 non
586 3418 756 3502 permittit.
801 3420 954 3487 Attamen
980 3417 1155 3484 interdicta
1184 3418 1223 3484 de
1249 3436 1316 3484 non

141 3528 341 3596 offendendo
369 3531 436 3598 huc
469 3530 643 3614 pertinent.
687 3531 840 3598 Secundo
870 3551 910 3596 ex
939 3550 1056 3616 genere
1088 3543 1166 3598 sunt
1192 3530 1227 3597 in
1248 3549 1315 3596 rem

143 3640 309 3723 actiones,
332 3660 415 3724 quas
435 3641 673 3711 vindicationes
697 3641 855 3709 dicimus:
879 3641 1050 3712 interdicta
1068 3641 1164 3710 etiam
1187 3659 1315 3725 posses·

177 3948 186 3980 ¹
204 3951 221 3996 i.
243 3950 381 3998 Gracchus.
400 3951 429 3997 C.
446 3951 478 3998 de
496 3950 575 3998 adult.
595 3949 637 4011 [C.
649 3963 673 4014 9.
689 3964 713 4011 9.
727 3949 765 4012 4.]
786 3951 816 3998 V.
828 3949 932 3999 omnino
948 3952 1024 4011 Vasq.
1042 3951 1166 4000 Controv.
1180 3962 1277 4013 poster.
1299 3949 1316 3998 l.

143 4054 167 4101 4
186 4054 209 4088 c.
232 4042 255 4088 8.
273 4041 291 4088 1.
313 4052 435 4100 raptores.
456 4041 485 4089 C.
503 4042 534 4089 de
550 4040 689 4104 episcopis.
709 4039 752 4104 [C.
773 4054 793 4089 r.
811 4054 835 4098 3.
846 4041 898 4104 su]
919 4042 948 4090 C.
964 4043 1063 4102 quando
1082 4041 1158 4090 liceat
1171 4040 1316 4101 unicuique.

143 4141 188 4180 tot.
206 4129 245 4178 tit.
266 4131 312 4194 [C.
327 4143 350 4188 3.
368 4130 420 4195 om]
450 4129 460 4162 ²
478 4131 504 4180 in
517 4131 688 4192 apologetico.
723 4129 734 4164 ⁸
753 4134 782 4180 C.
804 4134 828 4180 d.
843 4143 860 4180 t.
875 4134 892 4180 l.
912 4146 932 4181 1.
951 4144 975 4181 et
994 4135 1010 4180 l.
1027 4134 1156 4182 devotum.
1175 4134 1204 4180 C.
1218 4133 1249 4181 de
1263 4145 1315 4180 me·

143 4220 206 4270 tatis.
232 4219 274 4284 [C.
295 4234 334 4270 12.
351 4235 393 4283 40.
409 4220 444 4285 5.]
464 4220 475 4253 ⁴
493 4221 555 4270 silv.
574 4222 600 4271 in
619 4237 646 4273 v.
663 4223 769 4272 Bellum.
791 4235 812 4271 1.
830 4236 897 4286 n.4.
932 4222 1041 4284 'Epist
1057 4223 1098 4286 96.
1131 4222 1241 4284 “Epist
1256 4224 1273 4270 1.
1291 4235 1315 4270 a.

146 4323 168 4358 a.
199 4308 321 4360 'Lucam
341 4309 437 4376 [Phara.
454 4313 472 4360 l.
491 4325 529 4362 10.
550 4326 588 4362 vs.
609 4312 661 4375 au]
697 4313 756 4360 ⁸V.
773 4315 829 4362 Seu.
845 4315 876 4364 de
891 4313 975 4364 benef.
994 4315 1010 4361 l.
1030 4327 1051 4362 1.
1069 4326 1092 4360 c.
1112 4324 1150 4370 13.
1185 4311 1264 4361 ⁰Bal.
1285 4315 1316 4362 ad

145 4395 161 4449 l.
176 4415 199 4452 a.
221 4404 251 4450 C.
266 4403 379 4452 deserv.
396 4413 421 4453 et
442 4416 513 4464 aqua.
533 4404 575 4465 [c.
594 4416 617 4462 3.
639 4402 689 4468 34]
714 4417 738 4473 n.
753 4417 794 4462 71.
810 4416 835 4453 et
850 4404 974 4466 theologi.
1008 4403 1085 4452 Willr.
1104 4404 1183 4452 Matlr.
1199 4405 1230 4453 de
1248 4401 1316 4452 bello

145 4489 209 4547 iusto
228 4505 254 4542 et
271 4492 356 4542 licito.
393 4492 413 4525 ¹⁰
430 4494 461 4541 V.
475 4493 540 4542 infra
558 4494 583 4542 in
601 4495 690 4544 forma.
