3362 5504
346 611 409 673 302
633 610 680 656 DE
704 608 797 676 JURE
823 607 1010 654 PRAEDAE·
1036 607 1115 653 OAP·
1140 604 1218 650 XIV·

347 763 466 829 docent
500 765 571 848 ejus
605 763 828 830 excellentiam
861 762 894 827 in
926 761 1122 828 fortitudine
1153 758 1290 826 maxime
1323 770 1356 821 et
1385 754 1521 840 justitia

346 875 544 956 consistere,
581 877 674 957 quod
707 876 767 940 hae
798 873 925 940 scilicet
958 874 1099 940 virtutes
1134 870 1287 955 privatim
1317 866 1522 952 publiceque

347 987 413 1054 sint
441 987 642 1055 utilissimae.
688 987 738 1052 Ac
771 987 811 1052 de
846 985 1037 1052 fortitudine
1058 985 1191 1067 quidem
1211 987 1325 1066 plenae
1353 983 1524 1063 podtarum

347 1101 492 1185 paginae.
539 1100 647 1188 Quam
671 1098 842 1184 magnilica
865 1113 943 1164 sunt
966 1098 1022 1162 illa
1045 1096 1185 1182 Tyrtaei
1206 1099 1236 1158 ¹:

458 1216 577 1295 ,πιμῆέν
599 1240 632 1280 τε
654 1213 713 1296 γάρ
735 1217 797 1280 ἐστι
819 1213 870 1280 uui
893 1215 1009 1290 durau
1031 1213 1107 1294 uitio}
1131 1210 1282 1293 μάχεσθαι

522 1333 578 1402 γῆς
600 1325 664 1407 περὶ
687 1325 736 1391 uui
761 1325 870 1391 παίδων
893 1325 1027 1406 κουριδίης
1049 1322 1189 1405 τὀὶλόχου

479 1430 667 1517 docuinam(

481 1545 623 1612 Illustre
646 1560 692 1611 est
716 1544 918 1632 dignumque
941 1548 1026 1612 uiris
1044 1557 1109 1629 pro
1128 1546 1271 1629 pignore
1293 1561 1373 1605 caro

525 1657 701 1744 Corpora,
720 1671 784 1743 pro
809 1645 926 1722 tenero
949 1657 1108 1742 conjuge,
1131 1669 1195 1741 pro
1214 1656 1339 1741 patria

481 1770 639 1836 Hostibus
664 1769 822 1854 objecisse.

396 1882 472 1950 Huc
504 1881 685 1965 triumphi,
719 1883 785 1947 huc
809 1901 973 1962 coronae,
998 1880 1063 1946 huc
1084 1878 1314 1962 inscriptiones
1334 1875 1526 1959 pertinent,

351 1997 416 2062 huc
441 2009 474 2061 et
497 1994 765 2060 acclamationes:
1411 1977 1413 1980 ⁵

459 2107 537 2182 οὗτος
560 2112 588 2175 ἐν
610 2111 760 2190 ἀνθρώποις
783 2107 947 2192 νικηφόρος,
971 2103 1050 2180 οὗτος
1074 2105 1198 2188 ἄριστος.

373 2242 376 2254 ⁴
462 2217 580 2282 Victor
603 2219 679 2299 hio,
704 2219 757 2281 hio
781 2218 924 2281 hominos
949 2219 1041 2280 inter
1064 2216 1272 2281 clarissimus
1296 2214 1407 2280 audit.

397 2330 486 2395 Haec
520 2344 570 2394 est
601 2328 657 2395 illa
687 2328 817 2409 virtus,
852 2349 917 2410 qua
950 2347 1042 2412 reges
1075 2327 1229 2393 celebrari
1262 2326 1430 2412 gaudent,
1463 2343 1529 2406 qua

352 2442 503 2508 homines
526 2441 675 2506 Deorum
697 2441 924 2507 asserebantur
944 2459 1099 2506 numero:

594 2553 669 2617 Hoc
692 2566 769 2617 orto
791 2552 916 2616 Pollux
941 2565 972 2616 ct
995 2573 1101 2638 rogus
1125 2551 1286 2616 Hercules

596 2665 740 2729 Innixus
764 2685 858 2729 orces
880 2662 999 2727 incolit
1022 2667 1136 2750 igneos
1156 2661 1178 2728 ².

398 2779 443 2843 Et
476 2776 554 2859 quia
586 2797 673 2841 nunc
708 2776 740 2840 in
774 2796 808 2841 re
840 2776 948 2841 navali
980 2787 1171 2855 versamur,
1200 2773 1446 2840 Themistocles
1472 2772 1530 2855 qui

352 2890 515 2955 Persicam
538 2889 717 2972 potentiam
743 2887 913 2954 navalibus
935 2886 1066 2970 praeliis
1088 2886 1246 2969 infregit,
1279 2905 1389 2952 nonne
1413 2884 1531 2950 clarior

354 3023 456 3085 prope
489 3000 632 3067 Athenis
656 3015 688 3066 et
711 2999 850 3065 Graecia
877 3019 936 3064 sua
961 2997 1096 3064 effectus
1122 2999 1197 3064 est?
1225 2998 1412 3082 Cynegirus
1435 2997 1531 3063 etiam

354 3114 502 3197 privatus
535 3128 701 3178 aeternum
737 3111 856 3178 meruit
889 3130 1016 3176 nomen.
1064 3112 1152 3176 Inter
1171 3111 1341 3176 Romanos
1360 3110 1532 3190 Duillius,

355 3225 413 3308 qui
433 3226 560 3292 Poenos
583 3224 662 3290 mari
686 3223 830 3303 vicerat,
855 3222 1008 3306 praelatis
1029 3220 1199 3288 funalibus
1221 3225 1313 3290 velut
1334 3238 1533 3306 perpetuum

355 3337 424 3422 egit
446 3336 660 3418 triumphum.
706 3337 758 3400 Ac
791 3335 879 3400 sicut
901 3334 1012 3419 ignavi
1034 3335 1183 3401 homines
1206 3350 1238 3400 et
1256 3339 1430 3424 ῥιψάσπιδες
1454 3355 1534 3400 con-

354 3463 457 3514 temtu
481 3448 628 3530 ubique,
662 3447 782 3512 alicubi
808 3462 840 3512 et
862 3446 974 3529 paenis
998 3460 1239 3527 conteruntur,
1264 3447 1310 3512 ita
1332 3447 1425 3512 nulla
1454 3467 1535 3532 gens

355 3575 427 3642 est,
460 3562 549 3627 nulla
581 3559 787 3642 respublica,
822 3558 855 3623 in
888 3579 953 3639 qua
984 3577 1051 3624 non
1083 3559 1186 3641 prima
1209 3579 1284 3642 pars
1306 3559 1445 3625 honoris
1468 3559 1535 3625 illis

356 3671 570 3751 exhibeatur,
605 3671 663 3753 qui
696 3670 839 3737 fortibus
872 3669 966 3737 factis
999 3685 1031 3735 et
1064 3690 1159 3736 suum
1193 3685 1227 3736 et
1258 3669 1382 3753 patriae
1414 3691 1536 3737 nomen

357 3784 555 3848 extulerunt.
603 3782 712 3866 Cujus
744 3783 790 3848 tei
823 3783 943 3849 indicia
977 3803 1052 3848 cum
1081 3783 1115 3848 in
1139 3782 1285 3849 omniurn
1308 3785 1534 3867 populorum,

357 3907 426 3957 tum
451 3893 484 3957 in
507 3893 582 3974 his,
619 3913 703 3973 quae
729 3894 866 3960 maxime
889 3896 1085 3977 laudantur,
1111 3896 1281 3961 Laconum
1307 3895 1383 3960 dico
1409 3910 1441 3960 et
1465 3897 1535 3961 Ro·

359 4023 528 4069 manorum
549 4003 709 4070 institutis
732 4006 812 4071 adeo
835 4022 912 4074 sunt
935 4006 1099 4087 illustria,
1122 4022 1160 4072 ut
1177 4007 1256 4072 huic
1277 4009 1351 4072 loco
1370 4006 1535 4073 immorari

358 4115 421 4179 hoc
445 4134 524 4179 vero
548 4115 592 4181 sit
615 4135 743 4196 operam
769 4119 913 4200 perdere.
938 4119 996 4184 Ad
1015 4119 1175 4204 justitiam
1199 4140 1279 4184 vero
1293 4119 1385 4201 quod
1395 4120 1535 4197 attinet,

358 4240 446 4290 recte
470 4226 509 4290 ab
537 4225 775 4309 antiquissimis
809 4229 932 4298 dictum
968 4250 1034 4296 non
1057 4229 1205 4297 Luciferi
1229 4246 1287 4296 aut
1308 4231 1450 4314 Vesperi
1473 4229 1536 4296 ful-

363 4366 547 4378 ι...-

395 4460 402 4491 ¹
424 4461 506 4520 [Eleg.
526 4474 547 4508 1.
563 4475 601 4509 vs.
616 4463 639 4508 6.
659 4462 708 4526 sq.]
746 4461 756 4495 ²
773 4465 901 4514 Horatius.
920 4464 983 4529 [οἀ.
1002 4479 1025 4524 s.
1043 4479 1064 4525 3.
1083 4468 1120 4529 9.]
