3310 5482
325 601 375 664 62¹
640 621 687 668 oa
710 623 804 689 June
830 621 1016 670 rnnaonrr.
1042 623 1124 671 cnr.
1149 625 1200 674 vr.

325 814 402 864 sunt
414 799 550 882 quidam
561 819 599 867 eo
612 799 758 886 ingenio,
776 816 814 867 ut
832 801 911 884 ipsis
931 800 1080 883 expediat
1101 802 1207 868 alieno
1230 803 1343 886 potius
1362 804 1500 888 imperio
1636 731 1637 802 1

325 911 393 996 regi
423 932 520 993 quam
551 932 611 978 suo
625 918 649 977 ¹.
703 913 817 1000 Quare
851 911 972 976 familia
1005 912 1098 1011 quasi
1122 913 1300 981 multitudo
1326 935 1500 998 corporum

325 1037 398 1103 est,
423 1044 507 1106 quac
525 1025 566 1089 ab
588 1042 655 1089 uno
679 1022 786 1089 animo
805 1037 991 1094 moventur.
1024 1022 1067 1089 Et
1090 1025 1196 1091 omnis
1207 1025 1341 1092 omnino
1353 1027 1502 1095 minister

323 1132 574 1200 instrumentum
606 1149 675 1202 est:
709 1134 796 1200 unde
832 1150 865 1200 et
883 1154 962 1217 eos,
987 1155 1128 1217 quorum
1150 1155 1211 1202 nos
1230 1155 1326 1220 opera
1351 1139 1500 1219 utimur,

205 1258 308 1306 suatur.
322 1265 452 1311 manum
484 1261 626 1312 nostram
655 1246 806 1312 dicimus.
851 1247 924 1312 Hos
966 1246 1067 1331 igitur
1098 1267 1211 1313 omnes
1233 1247 1385 1313 subditos
1402 1268 1500 1314 voce-

191 1373 266 1438 conu.
281 1373 404 1424 umus.
450 1356 635 1424 Secundum
667 1359 746 1423 haec
779 1377 855 1441 ergo
879 1378 962 1440 quae
986 1357 1149 1440 diximus,
1174 1358 1293 1424 bellum
1320 1363 1498 1445 priuatum

189 1427 294 1474 ΜΗ
322 1468 414 1552 (nam
446 1467 486 1534 de
516 1488 555 1533 eo
582 1468 672 1552 prius
705 1469 865 1554 agendum
888 1471 955 1553 est)
979 1470 1074 1554 juste
1091 1474 1183 1556 gerit
1212 1473 1436 1555 unusquisque
1466 1485 1498 1536 ct
1636 1459 1637 1504 l

319 1601 392 1643 cum
424 1583 518 1646 sociis
547 1594 578 1644 et
601 1596 665 1667 per
696 1580 852 1646 subditos.
897 1579 1013 1646 Baldi²
1037 1581 1102 1646 huc
1124 1579 1207 1646 illud
1234 1578 1345 1647 referri
1367 1595 1495 1663 potest3

320 1689 477 1774 quosdam
512 1711 639 1758 mouere
672 1691 791 1757 bellum
820 1706 884 1778 per
917 1714 949 1756 su
979 1712 1043 1756 nou
1068 1706 1132 1777 per
1163 1692 1290 1772 alium,
1322 1696 1401 1756 itum
1432 1707 1497 1778 pur
1636 1717 1637 1770 l

319 1822 351 1866 su
381 1823 454 1866 cum
485 1801 577 1866 ulio:
609 1802 765 1888 quosdam
792 1803 983 1890 puralium
1007 1824 1071 1867 nou
1087 1817 1152 1888 pur
1173 1824 1224 1870 se:
1247 1802 1406 1888 quosdam
1433 1819 1497 1890 pur

320 1911 425 1976 ulium
455 1926 486 1977 et
503 1928 568 1999 per
589 1934 633 1978 se.
680 1913 745 1980 Sed
768 1914 853 1994 tria,
877 1933 961 1996 quae
987 1913 1151 1996 diximus,
1187 1913 1220 1979 in
1252 1933 1316 1981 una
1348 1914 1495 1998 conspici

319 2037 458 2105 possunt
488 2024 663 2090 Abrahami
683 2032 694 2068 ⁸
715 2025 874 2107 historia,
907 2025 965 2091 ubi
996 2045 1062 2091 non
1091 2025 1160 2109 ipsc
1188 2025 1344 2091 duntaxat
1372 2027 1494 2092 bellum

319 2135 426 2221 gerit,
461 2136 519 2201 sed
554 2136 683 2215 Haner,
713 2136 833 2202 Eschel
864 2150 896 2202 et
924 2135 1062 2204 Mamres
1094 2135 1231 2203 federati
1266 2151 1495 2220 praetereaque

317 2245 438 2313 familia
478 2247 581 2330 ipsius
613 2248 790 2314 Abrahami
821 2251 1017 2329 vernacula,
1052 2248 1110 2330 qui
1141 2248 1235 2331 pueri
1267 2247 1334 2314 illic
1370 2265 1495 2315 vocan·

317 2375 382 2426 tur.
447 2359 619 2425 Neminem
659 2373 766 2425 autem
800 2359 854 2425 hic
898 2359 1047 2443 excipio:
1091 2360 1168 2443 quia
1211 2359 1239 2426 si
1276 2359 1329 2424 cui
1370 2360 1493 2425 bellum

320 2491 428 2554 gerere
443 2490 509 2537 non
532 2470 621 2551 licet,
645 2471 679 2536 id
699 2489 765 2537 non
786 2470 869 2537 vitio
892 2470 1053 2557 contingit
1070 2489 1225 2554 personae
1245 2470 1304 2537 sed
1321 2470 1446 2537 ordinis
1459 2478 1494 2552 ⁴,

319 2582 362 2647 ob
385 2586 488 2666 legem
511 2582 635 2648 scilicet
657 2600 797 2662 nonam,
821 2582 860 2647 de
879 2583 973 2666 cujus
995 2582 1029 2648 vi
1050 2582 1128 2647 alibi
1149 2582 1211 2648 erit
1237 2581 1353 2666 agendi
1385 2584 1490 2648 locus.

320 2693 365 2757 Et
393 2694 440 2759 sic
473 2693 611 2778 intelligi
629 2693 726 2760 debet
742 2691 946 2780 Augustini⁵
970 2693 1066 2759 illud:
1091 2707 1128 2758 ut
1151 2694 1240 2758 nihil
1251 2694 1367 2779 justus
1381 2709 1484 2778 prau-

318 2809 412 2892 cipue
422 2808 543 2892 cogitet
554 2808 591 2869 in
613 2806 664 2870 ln's
688 2806 798 2887 rebus,
823 2809 889 2871 uisi
911 2820 949 2871 ut
973 2805 1091 2870 bullum
1115 2807 1275 2891 suscipiat
1292 2808 1349 2871 cui
1361 2806 1487 2870 bellare

310 2916 372 3000 fus
396 2931 467 2982 est:
492 2937 555 2981 uun
578 2919 663 2981 euim
679 2915 745 3000 sus·
764 2930 810 2981 est
834 2917 992 2984 omnibus.
1039 2916 1234 2998 Plerumque
1262 2917 1346 2982 enim
1379 2931 1493 2981 aucto-

318 3047 369 3093 res
391 3030 511 3094 bellum
540 3047 614 3093 cum
649 3026 764 3092 dicunt
793 3046 860 3093 non
891 3026 1054 3110 privatum
1084 3027 1142 3094 sed
1169 3027 1339 3110 publicum
1371 3026 1493 3093 intelli·

319 3153 425 3222 gunt,
459 3140 554 3223 cujus
585 3138 791 3220 frequentior
817 3138 1033 3205 consideratio
1053 3152 1101 3205 est
1117 3135 1140 3204 ⁶.
1184 3138 1236 3204 De
1260 3158 1327 3220 quo
1358 3153 1392 3206 et
1431 3158 1491 3203 nos
1636 3179 1637 3232 p

317 3249 498 3316 videamus.
554 3247 648 3314 Sicut
676 3248 827 3331 privatim
861 3249 937 3315 belli
973 3251 1104 3334 gerendi
1125 3271 1224 3334 penes
1247 3251 1413 3335 singulos,
1437 3251 1483 3316 ita

317 3359 447 3442 publice
468 3360 609 3427 bellandi
637 3374 781 3442 potestas
798 3360 903 3443 primo
927 3377 977 3427 est
1002 3379 1101 3445 penes
1118 3362 1349 3445 rempublicam
1362 3360 1395 3441 ⁷,
1416 3361 1488 3428 sive

316 3469 351 3535 id
383 3491 450 3552 quo
480 3469 519 3536 de
548 3471 658 3555 agitur
677 3471 717 3537 ab
736 3469 830 3536 initio
856 3473 1025 3554 publicum
1046 3472 1136 3552 fuit,
1160 3473 1229 3539 sive
1252 3493 1309 3555 per
1328 3471 1489 3556 judicium

216 3595 357 3695 ἥξω-εκ
377 3581 505 3664 privato
526 3582 651 3649 factum
673 3597 722 3648 est
742 3583 912 3665 publicum
924 3587 946 3650 ⁸.
993 3583 1193 3668 Respublica
1215 3598 1321 3650 autem
1350 3583 1489 3668 intelligi

317 3692 437 3773 debet,
457 3715 540 3776 quac
562 3708 611 3762 est
627 3697 791 3778 udrupuue,
803 3695 959 3780 sufficiens
971 3696 1035 3760 sibi
1058 3708 1088 3760 ct
1101 3708 1206 3760 totum
1218 3694 1356 3780 aliquod
1359 3710 1424 3781 pur
1433 3717 1466 3760 su
1476 3717 1489 3760 .·

318 3823 402 3887 quae
432 3818 481 3869 est
502 3807 676 3888 αὐτόνομος,
708 3807 874 3880 adeonae,
899 3809 1079 3883 αὐτοτελής,
1103 3819 1141 3870 ut
1163 3805 1374 3890 Thucydides
1401 3805 1489 3871 dice·

313 3967 508 3982 m

350 4061 358 4094 ¹
379 4064 448 4112 Plato
468 4065 499 4111 de
516 4077 570 4122 rep.
588 4064 605 4109 l.
622 4076 646 4124 9.
666 4062 703 4124 [p.
721 4075 777 4124 ⁵90·
795 4061 832 4124 d]
868 4059 879 4094 ²
896 4064 928 4112 ad
943 4065 961 4110 1.
980 4076 1002 4110 2.
1021 4063 1051 4110 C.
1070 4065 1100 4112 de
1118 4076 1185 4112 serv.
1204 4075 1308 4124 eraqua.
1327 4061 1371 4126 [C.
1390 4075 1413 4120 ³·
1431 4062 1486 4128 34]

315 4151 326 4184 ³
348 4155 410 4202 Gen.
426 4167 446 4200 e.
467 4166 498 4213 14
512 4139 564 4200 vss.
584 4163 623 4209 rs.
642 4165 680 4212 14.
700 4165 740 4214 24.
773 4151 784 4183 ⁴
801 4154 832 4201 V.
849 4155 958 4212 exempl.
976 4153 1002 4200 in
1021 4153 1113 4212 explic.
1130 4156 1147 4201 l.
1168 4166 1206 4212 13.
1240 4153 1251 4185 ⁶
1269 4167 1345 4214 super
1361 4155 1414 4216 Jos.
1429 4155 1447 4200 l.
1464 4155 1488 4201 6.

315 4257 342 4302 q.
361 4255 397 4290 10.
423 4242 515 4291 citatur
539 4241 565 4290 in
591 4255 614 4289 c.
632 4241 764 4290 Dominus.
792 4241 881 4305 [Decr.
904 4244 971 4290 Grat.
994 4256 1020 4302 p.
1047 4257 1070 4291 a.
1097 4257 1137 4300 23.
1156 4258 1179 4291 2.
1196 4243 1232 4308 2.]
1267 4243 1325 4291 ⁶V.
1343 4246 1360 4291 1.
1378 4256 1402 4301 7.
1421 4255 1445 4292 et
1465 4248 1488 4291 8.

316 4329 327 4365 ⁷
347 4331 475 4382 Convenit
489 4345 543 4381 cnm
552 4332 617 4380 Vict.
635 4334 666 4382 de
684 4331 739 4390 jure
758 4332 819 4380 belli
836 4346 860 4380 n.
880 4345 903 4388 s.
922 4343 946 4380 et
965 4333 1045 4382 Caiet.
1063 4337 1094 4383 ad
1113 4335 1203 4382 Thom.
1221 4349 1243 4382 a.
1260 4348 1282 4382 a.
1298 4349 1323 4394 q.
1340 4347 1381 4394 40.
1399 4345 1446 4382 art.
1468 4349 1489 4382 1.

314 4434 339 4472 ct
358 4423 385 4470 in
404 4436 491 4472 summ.
509 4437 577 4484 pecc.
595 4425 692 4472 Bellum
710 4422 839 4480 injustum.
873 4421 952 4470 8ΒαΙ.
978 4438 1046 4472 cons.
1071 4427 1086 4472 l.
1109 4439 1133 4484 4.
1160 4427 1214 4474 106.
1232 4427 1297 4472 Bart.
1322 4426 1353 4473 dc
1379 4438 1488 4484 repress.

314 4514 479 4572 mmmm
