3316 5494
461 651 508 699 DE
531 650 624 720 JURE
652 652 837 702 PRAEDAE.
862 655 941 702 CAP.
966 655 1000 702 X.
1256 655 1313 722 131

135 807 207 872 Iuro
237 805 335 872 etiam
362 825 422 890 pro
445 805 523 888 his,
548 826 632 890 quae
656 827 696 874 ex
726 807 846 874 delicto
876 808 1045 875 debentur.
1100 809 1187 875 Nam
1219 822 1252 874 et
1279 810 1316 877 in

131 917 271 1002 judiciis
300 916 354 984 fur
382 916 416 983 in
447 917 584 1001 duplum
616 932 674 985 aut
702 919 944 1003 quadruplum,
975 920 1009 986 in
1038 920 1171 1002 triplum
1204 934 1316 1004 raptor

134 1030 300 1096 bonorum
333 1028 363 1094 ei
396 1028 454 1110 qui
487 1014 648 1114 spoliatus
679 1045 729 1096 est
755 1031 999 1097 condemnatur.
1045 1031 1155 1096 Etiam
1176 1031 1314 1116 injuriae

134 1140 292 1224 penditur
314 1139 496 1207 aestimatio
516 1139 706 1224 similesque
726 1161 849 1226 poenas
872 1156 930 1208 aut
950 1144 1054 1208 laesae
1074 1142 1248 1226 parti,aut
1263 1162 1314 1208 ac-

128 1251 280 1317 cusatori
303 1251 391 1337 leges
422 1250 583 1318 deferunt.
630 1252 675 1318 Et
695 1253 758 1318 hoc
783 1267 832 1319 est
853 1254 944 1337 quod
965 1254 1123 1321 Boethius
1142 1253 1152 1290 ¹
1174 1253 1313 1320 interro-

134 1377 230 1447 gatus
248 1362 278 1428 si
297 1362 448 1447 cognitor
466 1362 646 1445 resideret„
668 1364 722 1430 cui
734 1364 934 1448 supplicium
946 1364 1147 1432 inferendum
1160 1379 1310 1449 putaret,

133 1474 207 1540 eine
228 1473 290 1556 qui
310 1472 468 1555 fecisset,
492 1493 533 1540 an
556 1475 614 1556 qui
637 1475 825 1559 pertulisset
848 1475 1023 1561 injuriam,
1049 1477 1225 1560 respondet
1244 1495 1310 1542 non

133 1585 300 1670 ambigere
329 1605 386 1667 se,
410 1585 490 1670 quin
512 1605 667 1669 perpesso
690 1585 891 1654 satisfaceret
911 1589 1023 1654 dolore
1045 1587 1204 1681 facientis.
1246 1587 1312 1654 Ni-

133 1695 277 1778 mirum,
301 1712 339 1762 ut
358 1711 445 1764 recte
468 1696 601 1780 quidam
610 1695 624 1744 *¹
637 1697 671 1763 in
692 1696 840 1764 doctrina
860 1697 901 1762 de
922 1697 1008 1763 bello
1028 1696 1178 1780 scripsit,
1202 1696 1309 1762 damni

132 1808 266 1874 nomine
295 1809 388 1892 J'uxta
419 1809 631 1874 Aristotelem
652 1811 664 1847 ²
688 1826 784 1874 omne
819 1808 854 1874 id
875 1807 1182 1892 comprehenditur,
1218 1807 1310 1891 quod

132 1918 210 1984 mali
230 1918 389 1986 rationem
413 1921 534 2001 habet,
558 1920 592 1985 in
612 1939 680 2004 quo
701 1938 817 2005 genere
838 1934 888 1986 est
910 1919 1006 1986 etiam
1029 1934 1161 2003 accepta
1178 1918 1309 2004 injuria.

134 2029 346 2097 Contrarium
379 2031 481 2117 igitur
509 2033 660 2115 lucrum,
685 2031 777 2114 quod
798 2031 877 2096 boni
900 2032 1000 2097 habet
1021 2031 1200 2110 rationem,
1220 2032 1309 2116 J'usta

132 2141 263 2207 scilicet
279 2141 448 2224 vindicta,
469 2143 552 2226 parti
574 2144 678 2209 laesae
699 2142 890 2209 naturaliter
911 2142 1075 2209 convenit.
1120 2143 1196 2230 Qua
1215 2143 1254 2208 de
1274 2163 1308 2210 re

132 2252 216 2318 alibi
240 2251 452 2320 disseruimus
475 2254 503 2318 ⁴.
550 2253 770 2320 Tantumdem
791 2273 867 2338 ergo
889 2252 922 2320 in
951 2254 1038 2320 bello
1060 2253 1196 2337 publico
1219 2270 1252 2320 et
1273 2254 1307 2320 in

133 2364 264 2446 privato
286 2363 529 2446 consequimur.
576 2364 726 2451 Quodsi
747 2383 860 2432 omnes
880 2363 1046 2446 fatentur,
1070 2385 1138 2447 quo
1157 2364 1218 2433 ista
1241 2365 1308 2430 dis-

132 2474 280 2541 tinctio?
304 2475 391 2541 Illud
413 2474 496 2542 forte
518 2475 552 2541 in
575 2494 674 2542 causa
694 2491 763 2558 est,
777 2475 868 2558 quod
889 2477 1063 2543 nonnulli⁵
1084 2478 1169 2543 velle
1191 2477 1307 2543 viden-

132 2601 186 2652 tur
217 2587 306 2652 bello
337 2585 465 2670 privato
498 2602 591 2671 capta
619 2587 733 2654 venire
764 2586 798 2653 in
828 2588 1011 2669 calculum,
1042 2587 1175 2671 publico
1199 2603 1306 2654 autem

132 2697 296 2780 acquisita
324 2717 390 2763 non
420 2697 624 2782 compensari
647 2719 722 2764 cum
745 2697 856 2765 debito
880 2695 1053 2782 principali
1077 2713 1131 2779 et,
1155 2697 1306 2781 quamvis

132 2809 287 2874 damnum
307 2809 484 2890 excedant,
506 2828 634 2876 manere
663 2827 763 2893 penes
790 2823 1012 2893 occupantem.
1066 2809 1133 2875 Sed
1163 2809 1211 2876 illi
1238 2829 1305 2876 non

130 2920 209 2986 satis
230 2919 419 3006 intelligunt
436 2920 585 3003 praedam
608 2940 849 3004 ornnem,quae
868 2920 995 3004 capitur
1016 2935 1106 2986 extra
1124 2921 1305 3004 persecuti·

130 3051 227 3098 onem
248 3031 297 3096 rei
316 3045 349 3097 et
359 3032 497 3113 damna,
511 3031 643 3098 retineri
667 3051 763 3114 posse
785 3032 819 3098 in
839 3051 1111 3116 poenam‚quam
1134 3032 1303 3099 offendens

130 3142 316 3226 respublica
345 3143 488 3210 offensae
519 3144 637 3225 debet,
660 3161 720 3208 nec
742 3162 839 3227 posse
870 3163 938 3209 eam
961 3143 1135 3209 excedere:
1160 3157 1191 3209 et
1214 3143 1304 3226 quod

127 3253 252 3338 iustam
271 3273 410 3338 poenam
434 3255 583 3338 excedit,
619 3255 654 3320 id
676 3252 766 3321 reddi
800 3268 950 3338 oportere
984 3253 1141 3321 Silvester
1159 3252 1172 3289 ⁸
1190 3254 1304 3321 rectis-

130 3364 211 3432 sime
244 3365 379 3449 definit,
410 3367 507 3453 cujus
528 3364 721 3432 sententiam
749 3381 782 3432 et
802 3385 862 3433 nos
883 3365 1022 3450 amplexi
1041 3383 1168 3432 sumus.
1214 3365 1303 3433 Idem

129 3495 210 3544 vero
244 3497 303 3543 cur
330 3478 365 3542 in
397 3479 485 3545 bello
517 3478 646 3562 privato
665 3477 800 3545 concedi
823 3496 889 3543 non
913 3478 1029 3544 debeat
1046 3478 1140 3562 juxta
1163 3497 1199 3544 ea
1220 3497 1304 3562 quae

130 3588 230 3656 modo
265 3603 297 3654 et
320 3589 419 3655 latius
441 3604 535 3656 antea
557 3589 722 3672 diximus,
749 3590 907 3656 rationem
939 3591 1061 3654 nullam
1082 3589 1191 3656 video.
1238 3589 1303 3656 Sed

130 3698 209 3782 quia
237 3698 365 3766 Facilius
390 3703 495 3768 multo
515 3700 699 3787 contingit,
720 3715 758 3766 ut
776 3700 894 3785 praeda
916 3699 1044 3784 privato
1066 3696 1152 3766 bello
1175 3714 1207 3767 et
1229 3701 1303 3785 qui·

114 3811 203 3886 ,dem
224 3813 316 3897 lusto
340 3826 434 3897 capta
452 3812 598 3880 debitum
623 3827 656 3879 et
674 3813 791 3879 damna
814 3826 846 3878 et
867 3831 1005 3896 poenam
1028 3813 1185 3895 excedat,
1204 3831 1301 3897 quam

163 4096 172 4131 ¹
191 4099 224 4146 de
250 4109 322 4146 cons.
339 4097 402 4158 phil.
425 4100 442 4146 l.
467 4111 491 4159 4.
514 4099 552 4161 [p.
571 4101 626 4156 283.
643 4097 680 4161 7.]
716 4093 728 4168 ⁹,
744 4098 821 4168 Henr.
843 4096 947 4146 Gorioh.
963 4095 990 4145 in
1006 4107 1076 4145 tract.
1091 4097 1122 4145 de
1140 4095 1208 4145 bello
1224 4094 1301 4152 justo.

130 4201 204 4248 prop.
220 4201 259 4236 10.
292 4185 352 4236 ³de
375 4201 438 4236 mor.
462 4191 493 4238 ad
510 4189 611 4238 Nicom.
632 4191 650 4238 1.
671 4199 694 4246 5.
712 4203 735 4238 c.
756 4201 780 4247 7.
801 4187 839 4251 [p.
860 4201 971 4246 11321.
989 4201 1028 4237 vs.
1049 4201 1086 4236 10.
1109 4197 1133 4234 et
1151 4200 1173 4236 2.
1192 4199 1230 4235 vs.
1249 4187 1300 4249 rm]

130 4277 183 4326 ⁴in
199 4291 263 4339 c.4.
279 4278 310 4324 V.
327 4278 403 4327 etiam
417 4292 439 4328 c.
458 4293 480 4327 2.
497 4282 528 4329 ad
545 4282 562 4328 l.
582 4293 604 4336 s.
618 4292 643 4328 et
659 4294 682 4329 c.
700 4282 723 4328 8.
740 4282 771 4329 ad
785 4281 869 4328 concl.
890 4292 912 4328 r.
946 4277 1079 4328 ‘Archid
1094 4277 1120 4325 in
1138 4291 1162 4326 c.
1176 4277 1301 4326 Dominus

130 4381 224 4418 noster.
241 4368 329 4431 [Decr.
345 4371 412 4418 Grat.
426 4379 454 4430 p.
472 4383 495 4418 a.
513 4383 551 4428 as.
567 4383 591 4418 2.
609 4369 644 4434 m]
663 4370 724 4419 silv.
738 4371 764 4420 in
780 4385 806 4420 v.
820 4371 925 4419 Bellum.
940 4369 962 4431 §.
981 4368 1095 4418 rovict.
1113 4370 1145 4417 de
1159 4367 1214 4426 jure
1230 4367 1300 4416 belli.

131 4470 155 4508 rr.
175 4471 215 4516 st.
258 4459 313 4510 id.
335 4463 352 4510 1.
375 4463 444 4511 ldern
470 4461 496 4510 in
520 4476 545 4510 v.
568 4461 744 4523 Repressaliae
762 4461 788 4510 in
806 4461 887 4522 prlnc.
905 4461 931 4510 in
956 4473 980 4521 4.
997 4473 1051 4520 req.
1074 4459 1150 4508 Mart.
1171 4460 1248 4509 Laud.
1269 4460 1300 4508 de

134 4549 209 4600 bello.
228 4565 252 4611 q.
274 4563 298 4606 5.

1129 4617 1210 4720 9*¹
