3310 5482
527 507 536 524 ἱ

439 553 487 600 111
511 553 605 624 Jtsltz
631 553 814 602 PRAEDAE.
839 551 921 600 CAP·
944 551 984 601 11.
1257 555 1297 618 23

137 725 223 774 sensu
245 707 462 792 approbatur,
486 711 568 792 νόμος
590 713 649 793 γὰρ
671 716 727 778 τῶν
745 710 834 795 φύσει
850 708 1297 804 νσολνννκῶνζῷυνπροσσυτνκδς,

138 815 182 884 lte
212 822 299 884 enim
324 834 459 906 praeses
491 823 715 886 animantium
745 832 815 900 ess,
850 839 935 906 quae
956 823 1009 884 stes·
1031 833 1161 884 natura
1182 819 1299 888 civilia

137 944 204 995 sent
227 926 263 1013 ¹,
285 931 379 1015 juxta
409 931 651 1017 Chrysippum:
673 944 801 998 constat
831 930 975 1014 denique
998 930 1200 1015 singulorum
1221 949 1299 996 con·

136 1041 282 1108 ventione
313 1059 412 1126 atque
443 1044 582 1128 placito,
608 1063 675 1126 quo
698 1055 848 1126 respectu
865 1046 938 1120 sossi
961 1044 1070 1117 πόλεως
1092 1045 1211 1121 συνθήκη
1229 1041 1251 1107 i.
1271 1061 1298 1108 e.

136 1156 306 1218 eommunis
318 1160 433 1240 peets'o
454 1159 604 1224 ciuitatis
624 1153 837 1221 Demostheni
858 1167 890 1218 et
911 1150 1040 1220 Platoni
1063 1151 1224 1219 interdum
1244 1173 1300 1235 ap-

136 1263 268 1345 pellatur
280 1262 302 1329 ².
326 1264 379 1330 Ex
401 1266 565 1349 prioribus
587 1263 689 1351 igitur
709 1264 831 1350 tegulis
850 1278 882 1330 et
900 1263 962 1332 ista
982 1263 1169 1330 descendit:
1196 1260 1300 1348 Quid·
1313 1283 1453 1346 aegusam

137 1376 210 1460 quid
230 1376 420 1463 respublica
444 1377 580 1445 revelle
602 1375 820 1464 significauit,
844 1375 883 1442 ld
902 1380 939 1441 in
961 1379 1046 1444 cives
1067 1377 1300 1465 universosjus

136 1497 189 1548 est.
231 1485 321 1550 Hinc
345 1485 450 1570 oritur
468 1489 522 1572 jus
543 1487 625 1553 illud
646 1486 736 1568 quod
766 1487 871 1555 θεσνκόν
902 1484 972 1552 sive
994 1487 1104 1568 νομικόν
1127 1500 1183 1552 aut
1206 1485 1446 1566 etiamsnscnus.

134 1597 195 1664 llus
206 1595 412 1680 philosophi,
433 1597 516 1684 juris
539 1613 687 1664 auctores
709 1597 807 1664 civile
824 1611 966 1666 vocante
989 1595 1080 1678 quod
1098 1615 1163 1661 non
1183 1612 1232 1664 est
1247 1598 1302 1682 jus

136 1725 261 1788 perse,
281 1709 339 1775 sed
362 1729 401 1774 ex
420 1709 483 1774 alio
502 1716 526 1775 ⁸.
572 1707 855 1797 Quemadmodum
875 1707 901 1774 si
923 1708 981 1774 bos
1000 1726 1073 1773 cum
1092 1727 1154 1774 ove
1173 1727 1302 1792 pennu·

136 1832 239 1898 tetur,
263 1838 326 1884 non
345 1835 423 1886 sunt
441 1820 572 1902 quidem
590 1821 669 1886 haec
693 1840 798 1909 perse
816 1819 980 1904 aequalia,
1004 1817 1062 1886 sed
1080 1818 1158 1901 quia
1175 1835 1302 1886 contra-

136 1929 289 1996 hentibus
312 1931 354 1997 ita
376 1932 511 2016 placuit.
557 1931 654 1998 Nihil
672 1951 748 2017 ergo
766 1931 883 1997 mirum
902 1946 968 2015 est,
993 1930 1085 2013 quod
1101 1929 1247 2014 alioquin
1265 1931 1303 2000 il.

135 2040 260 2106 licitum
291 2062 353 2108 non
383 2041 466 2109 foret
495 2045 554 2110 hac
585 2043 709 2110 ratione
737 2042 887 2110 illicitum
910 2042 980 2109 fieri
1004 2049 1034 2126 ⁴,
1058 2057 1115 2108 aut
1137 2061 1210 2107 cum
1230 2044 1304 2127 jura

135 2153 308 2228 naturalia,
332 2169 367 2220 ut
390 2177 472 2238 quae
488 2175 616 2223 causam
640 2156 781 2225 habeant
797 2169 1005 2239 perpetuam,
1033 2153 1103 2237 ipsa
1120 2154 1213 2221 etiam
1232 2176 1304 2238 per-

136 2279 234 2347 petuo
259 2264 390 2349 durent,
415 2266 475 2334 ista
495 2268 568 2352 jura
588 2266 706 2332 mutari
730 2287 803 2332 cum
827 2286 884 2332 sua
907 2286 1004 2334 causa
1027 2271 1057 2349 ⁵,
1081 2265 1144 2332 hoc
1164 2279 1212 2332 est
1230 2286 1302 2332 cum

136 2375 304 2442 hominum
327 2379 511 2462 voluntate,
535 2393 592 2443 aut
614 2377 676 2444 alia
699 2377 775 2443 alibi
799 2397 887 2461 esse,
912 2377 990 2459 quia
1013 2377 1136 2448 scilicet
1152 2379 1238 2444 bona
1256 2399 1304 2444 re·

136 2481 408 2572 rumpubl'icarum
427 2504 504 2556 sunt
525 2489 663 2557 diversa.
708 2489 873 2564 Voluntas
894 2488 1120 2560 universorum
1136 2490 1178 2572 ad
1194 2489 1439 2576 singu-pam..

137 2601 183 2666 los
206 2598 330 2664 directa
352 2599 428 2664 boni
451 2599 575 2684 publici
595 2600 717 2667 intuitu
724 2599 894 2686 judiciem
915 2615 975 2671 est.
1008 2601 1095 2667 Nam
1111 2621 1184 2669 cum
1200 2600 1306 2666 homi-

137 2730 190 2778 nes
205 2711 331 2795 abrepti
348 2731 440 2795 saepe
455 2731 520 2777 non
537 2732 615 2778 vero
633 2711 691 2779 sed
707 2711 787 2782 falso
803 2727 901 2794 atque
919 2712 1102 2781 inordinato
1116 2711 1168 2778 sui
1181 2731 1304 2788 autore,

138 2823 192 2906 qui
215 2823 292 2889 mali
312 2822 417 2889 omnis
439 2843 536 2890 causa
555 2838 622 2906 est,
648 2823 682 2889 id
699 2824 791 2906 quod
805 2844 916 2889 revera
931 2837 997 2890 erat
1011 2826 1085 2908 plus
1099 2823 1219 2897 habere
1236 2843 1305 2889 cre-

138 2934 249 3006 derent
267 2933 491 3016 aequalitatem
509 2954 578 3000 esse
599 2948 630 3000 et
648 2934 725 3000 hinc
743 2934 876 3002 dissidia
895 2954 931 2999 ac
950 2936 1110 3002 tumultus
1125 2933 1304 3016 orirentur,

138 3066 218 3128 quae
237 3047 321 3112 mala
339 3045 435 3111 vitari
454 3045 645 3111 concordiae
666 3060 698 3110 et
712 3045 957 3131 tranquillitatis
972 3044 1121 3129 publicae
1139 3044 1305 3122 intererat,

136 3157 240 3222 media
263 3157 348 3222 inter
370 3156 601 3224 contendentes
619 3157 803 3241 respublica
827 3156 919 3240 quasi
939 3155 1218 3239 compromissaria
1235 3177 1308 3240 par·

138 3283 184 3335 tes
216 3268 347 3334 diremit
368 3288 471 3350 aequa
493 3267 666 3335 divisione.
711 3268 785 3334 Hoc
809 3283 859 3335 est
881 3268 972 3353 quod
994 3266 1116 3335 indicat
1137 3269 1307 3345 Democri·

138 3394 190 3447 tus
211 3378 244 3444 ⁸':
268 3387 319 3449 οὐκ
340 3383 376 3449 ἂν
393 3384 513 3449 ἐκώλυον
534 3385 558 3448 ei
582 3382 658 3462 νόμον
679 3382 730 3458 ris
751 3381 874 3448 ἓκνὶσσου
894 3380 1033 3458 tretilius
1054 3382 1196 3461 ἐξουσίαν,
1220 3386 1244 3462 εἰ
1264 3385 1306 3463 uis

137 3491 223 3575 ἕτερος
257 3490 348 3574 ἕτερον
380 3493 559 3576 ἐλυμαίνετο.
601 3493 701 3580 φθόνος
734 3494 793 3576 γὰρ
826 3493 942 3566 στάσιος
976 3496 1068 3578 ἀρχὴν
1096 3495 1306 3578 excresceret.

141 3601 216 3666 Non
234 3601 482 3688 prohibuissent
505 3605 620 3687 utique
643 3601 725 3688 leges
749 3622 805 3666 sue
828 3621 985 3688 quemque
1007 3603 1153 3680 arbitrio
1175 3606 1306 3684 sisere,

172 3920 180 3953 ¹
197 3923 285 3970 eadem
303 3923 320 3968 l.
339 3934 362 3968 a.
395 3917 510 3970 'eadem
527 3923 544 3968 l.
562 3934 585 3968 a.
603 3932 627 3969 et
642 3923 659 3968 l.
677 3934 699 3969 1.
717 3920 795 3970 Arist.
810 3921 886 3969 Rhet.
899 3923 917 3968 l.
938 3933 959 3969 1.
974 3933 997 3969 c.
1015 3932 1052 3977 15.
1064 3921 1306 3984 [p.1376.2.vs.9.]

141 4015 207 4062 etde
222 4025 277 4072 rep.
290 4014 307 4059 l.
328 4025 349 4058 1.
367 4025 389 4059 c.
404 4012 428 4059 6.
446 4011 484 4073 [p.
502 4022 572 4068 1255·
591 4024 665 4061 1.vs.
680 4011 716 4073 6.]
736 4013 767 4059 V.
783 4013 859 4070 Vasq.
876 4011 964 4059 contr.
978 4010 1015 4058 ill.
1031 4024 1054 4060 c.
1067 4024 1109 4073 44.
1123 4025 1148 4060 n.
1159 4024 1182 4068 5.
1198 4022 1223 4062 et
1236 4014 1308 4060 028.

140 4115 162 4149 n.
178 4116 215 4151 12.
249 4101 260 4134 ⁸
277 4101 356 4150 Arist.
367 4103 397 4150 de
410 4113 473 4149 mor.
487 4103 519 4150 ad
526 4101 639 4150 ‘Nicom
654 4104 672 4150 l.
687 4114 709 4158 s.
725 4116 748 4151 c.
767 4114 805 4150 10.
823 4102 861 4164 [p.
880 4114 950 4162 1134„
967 4115 990 4150 a.
1002 4115 1041 4150 vs.
1058 4102 1108 4164 nt]
1127 4103 1202 4150 Rhet.
1216 4105 1233 4150 l.
1247 4116 1268 4150 r.
1285 4115 1308 4150 c.

145 4206 179 4250 rr.
195 4193 233 4255 [p.
243 4205 315 4250 1373.
330 4205 353 4240 a.
367 4205 407 4242 vs.
422 4191 460 4254 4.]
476 4193 566 4240 Thom.
581 4205 604 4240 υ.
622 4205 678 4254 Μ·
694 4203 734 4251 ⁵7·
750 4204 795 4242 art.
809 4205 832 4244 a.
844 4191 871 4240 in
885 4205 951 4253 resp.
976 4191 988 4228 ⁴
1001 4195 1018 4240 1.
1030 4191 1201 4253 praeterunt
1214 4192 1309 4242 nffide

142 4298 183 4345 op.
194 4297 255 4333 nov.
267 4295 337 4334 nunt.
356 4284 400 4345 [D.
413 4295 452 4346 ³9·
471 4297 492 4332 1.
506 4283 558 4345 aa]
574 4286 591 4333 1.
608 4297 629 4334 t.
647 4287 660 4343 5
674 4283 741 4333 idem
752 4282 951 4345 Pomponiusff.
960 4284 1101 4344 quodfalso
1110 4293 1203 4332 tutore.
1215 4285 1259 4346 [D.
1269 4296 1309 4342 οἵ.

142 4375 165 4422 6.
181 4378 229 4434 as
248 4374 284 4436 5.]
321 4373 409 4422 *Insa
432 4375 463 4423 'cle
483 4372 531 4430 iun.
552 4385 602 4424 nat.
618 4378 631 4434 5
646 4387 704 4435 pen.
721 4375 753 4437 [1.
773 4387 794 4423 r.
809 4388 832 4423 ν.
849 4378 862 4434 5
880 4375 930 4436 sn]
949 4385 974 4424 et
992 4374 1028 4424 lbl
1046 4373 1211 4436 Theophilus.
1230 4374 1308 4424 Arist.

143 4467 172 4514 de
183 4479 236 4527 rep.
251 4467 269 4513 l.
287 4477 310 4523 3.
325 4477 348 4513 c.
365 4477 389 4526 9.
405 4464 444 4526 [p.
461 4467 532 4513 1280.
550 4479 570 4514 1.
584 4479 623 4515 vs.
641 4479 679 4514 11.
694 4465 762 4528 sqq.]
797 4464 808 4496 ⁶
828 4465 880 4528 [ap.
896 4465 965 4514 Stob.
983 4465 1009 4515 ln
1024 4465 1099 4515 floril.
1115 4468 1132 4514 l.
1147 4468 1187 4524 ³8.
1198 4478 1224 4514 n.
1238 4465 1290 4528 sp]
