<?xml version="1.0" encoding="UTF-8"?>
<!DOCTYPE html PUBLIC "-//W3C//DTD XHTML 1.0 Transitional//EN"
    "http://www.w3.org/TR/xhtml1/DTD/xhtml1-transitional.dtd">
<html xmlns="http://www.w3.org/1999/xhtml" xml:lang="en" lang="en">
 <head>
  <title>
</title>
<meta http-equiv="Content-Type" content="text/html;charset=utf-8" />
  <meta name='ocr-system' content='tesseract 3.04.00' />
  <meta name='ocr-capabilities' content='ocr_page ocr_carea ocr_par ocr_line ocrx_word'/>
</head>
<body>
  <div class='ocr_page' id='page_1' title='image "./ledroitdeprised01hamagoog_0170.png"; bbox 0 0 3316 5494; ppageno 0'>
   <div class='ocr_carea' id='block_1_1' title="bbox 357 635 1224 713">
    <p class='ocr_par' dir='ltr' id='par_1_1' title="bbox 357 635 1224 713">
     <span class='ocr_line' id='line_1_1' title="bbox 357 635 1224 713; baseline -0.008 -16"><span class='ocrx_word' id='word_1_1' title='bbox 357 635 418 713; x_wconf 86' lang='lat'>148</span> <span class='ocrx_word' id='word_1_2' title='bbox 685 647 732 694; x_wconf 79' lang='lat' dir='ltr'>ua</span> <span class='ocrx_word' id='word_1_3' title='bbox 755 645 849 712; x_wconf 78' lang='lat' dir='ltr'>June</span> <span class='ocrx_word' id='word_1_4' title='bbox 876 643 1060 692; x_wconf 72' lang='lat' dir='ltr'>russone.</span> <span class='ocrx_word' id='word_1_5' title='bbox 1084 644 1164 690; x_wconf 78' lang='lat' dir='ltr'>cnr.</span> <span class='ocrx_word' id='word_1_6' title='bbox 1188 644 1224 690; x_wconf 84' lang='lat' dir='ltr'>x.</span> 
     </span>
    </p>
   </div>
   <div class='ocr_carea' id='block_1_2' title="bbox 352 797 1537 3222">
    <p class='ocr_par' dir='ltr' id='par_1_2' title="bbox 352 797 1537 3222">
     <span class='ocr_line' id='line_1_2' title="bbox 352 797 1531 886; baseline -0.008 -16"><span class='ocrx_word' id='word_1_7' title='bbox 352 805 513 870; x_wconf 86' lang='lat' dir='ltr'>bellorum</span> <span class='ocrx_word' id='word_1_8' title='bbox 534 801 769 886; x_wconf 80' lang='lat' dir='ltr'><strong>occupatione,</strong></span> <span class='ocrx_word' id='word_1_9' title='bbox 793 798 866 865; x_wconf 87' lang='lat' dir='ltr'>sive</span> <span class='ocrx_word' id='word_1_10' title='bbox 885 799 919 865; x_wconf 91' lang='lat' dir='ltr'>in</span> <span class='ocrx_word' id='word_1_11' title='bbox 940 799 1197 882; x_wconf 87' lang='lat' dir='ltr'>quibuscunque</span> <span class='ocrx_word' id='word_1_12' title='bbox 1215 797 1297 864; x_wconf 91' lang='lat' dir='ltr'>locis</span> <span class='ocrx_word' id='word_1_13' title='bbox 1316 797 1433 881; x_wconf 86' lang='lat' dir='ltr'>degere</span> <span class='ocrx_word' id='word_1_14' title='bbox 1452 816 1531 862; x_wconf 91' lang='lat' dir='ltr'>nos·</span> 
     </span>
     <span class='ocr_line' id='line_1_3' title="bbox 353 907 1530 992; baseline -0.008 -11"><span class='ocrx_word' id='word_1_15' title='bbox 353 930 485 981; x_wconf 90' lang='lat' dir='ltr'>cuntur.</span> <span class='ocrx_word' id='word_1_16' title='bbox 532 913 666 979; x_wconf 90' lang='lat' dir='ltr'>Divisio</span> <span class='ocrx_word' id='word_1_17' title='bbox 696 925 804 976; x_wconf 87' lang='lat' dir='ltr'>autem</span> <span class='ocrx_word' id='word_1_18' title='bbox 834 911 913 976; x_wconf 86' lang='lat' dir='ltr'>haec</span> <span class='ocrx_word' id='word_1_19' title='bbox 934 910 1111 976; x_wconf 84' lang='lat' dir='ltr'>calumnias</span> <span class='ocrx_word' id='word_1_20' title='bbox 1132 909 1191 976; x_wconf 86' lang='lat' dir='ltr'>vix</span> <span class='ocrx_word' id='word_1_21' title='bbox 1212 927 1365 991; x_wconf 84' lang='lat' dir='ltr'>umquam</span> <span class='ocrx_word' id='word_1_22' title='bbox 1388 907 1530 992; x_wconf 88' lang='lat' dir='ltr'>effugit,</span> 
     </span>
     <span class='ocr_line' id='line_1_4' title="bbox 353 1019 1530 1109; baseline -0.008 -16"><span class='ocrx_word' id='word_1_23' title='bbox 353 1047 419 1094; x_wconf 91' lang='lat' dir='ltr'>non</span> <span class='ocrx_word' id='word_1_24' title='bbox 444 1026 522 1109; x_wconf 90' lang='lat' dir='ltr'>quia</span> <span class='ocrx_word' id='word_1_25' title='bbox 552 1024 617 1091; x_wconf 92' lang='lat' dir='ltr'>dici</span> <span class='ocrx_word' id='word_1_26' title='bbox 646 1037 776 1108; x_wconf 90' lang='lat' dir='ltr'>poterat</span> <span class='ocrx_word' id='word_1_27' title='bbox 798 1021 832 1087; x_wconf 92' lang='lat' dir='ltr'>id</span> <span class='ocrx_word' id='word_1_28' title='bbox 854 1022 963 1106; x_wconf 87' lang='lat' dir='ltr'>ipsum</span> <span class='ocrx_word' id='word_1_29' title='bbox 987 1023 1021 1086; x_wconf 91' lang='lat' dir='ltr'>in</span> <span class='ocrx_word' id='word_1_30' title='bbox 1044 1036 1206 1105; x_wconf 84' lang='lat' dir='ltr'>potestate</span> <span class='ocrx_word' id='word_1_31' title='bbox 1233 1019 1438 1104; x_wconf 90' lang='lat' dir='ltr'>imperatoris</span> <span class='ocrx_word' id='word_1_32' title='bbox 1462 1039 1530 1085; x_wconf 89' lang='lat' dir='ltr'>non</span> 
     </span>
     <span class='ocr_line' id='line_1_5' title="bbox 353 1131 1532 1219; baseline -0.008 -15"><span class='ocrx_word' id='word_1_33' title='bbox 353 1137 481 1219; x_wconf 87' lang='lat' dir='ltr'>fuisse,</span> <span class='ocrx_word' id='word_1_34' title='bbox 514 1136 573 1204; x_wconf 91' lang='lat' dir='ltr'>sed</span> <span class='ocrx_word' id='word_1_35' title='bbox 603 1135 697 1219; x_wconf 82' lang='lat' dir='ltr'>quasi</span> <span class='ocrx_word' id='word_1_36' title='bbox 732 1133 882 1218; x_wconf 88' lang='lat' dir='ltr'>publicae</span> <span class='ocrx_word' id='word_1_37' title='bbox 915 1135 962 1199; x_wconf 90' lang='lat' dir='ltr'>rei</span> <span class='ocrx_word' id='word_1_38' title='bbox 994 1133 1237 1217; x_wconf 86' lang='lat' dir='ltr'>dispensatione</span> <span class='ocrx_word' id='word_1_39' title='bbox 1267 1131 1394 1215; x_wconf 78' lang='lat' dir='ltr'>private</span> <span class='ocrx_word' id='word_1_40' title='bbox 1426 1132 1532 1216; x_wconf 82' lang='lat' dir='ltr'>gratia</span> 
     </span>
     <span class='ocr_line' id='line_1_6' title="bbox 354 1241 1531 1334; baseline -0.006 -20"><span class='ocrx_word' id='word_1_41' title='bbox 354 1263 546 1334; x_wconf 87' lang='lat' dir='ltr'>captaretur.</span> <span class='ocrx_word' id='word_1_42' title='bbox 569 1247 686 1330; x_wconf 90' lang='lat' dir='ltr'>ltaque</span> <span class='ocrx_word' id='word_1_43' title='bbox 706 1245 850 1312; x_wconf 87' lang='lat' dir='ltr'>accusati</span> <span class='ocrx_word' id='word_1_44' title='bbox 870 1245 934 1310; x_wconf 89' lang='lat' dir='ltr'>hoc</span> <span class='ocrx_word' id='word_1_45' title='bbox 955 1245 1086 1312; x_wconf 89' lang='lat' dir='ltr'>nomine</span> <span class='ocrx_word' id='word_1_46' title='bbox 1107 1243 1287 1325; x_wconf 87' lang='lat' dir='ltr'>Servilius,</span> <span class='ocrx_word' id='word_1_47' title='bbox 1311 1241 1531 1320; x_wconf 87' lang='lat' dir='ltr'>Coriolanus,</span> 
     </span>
     <span class='ocr_line' id='line_1_7' title="bbox 355 1353 1531 1440; baseline -0.008 -13"><span class='ocrx_word' id='word_1_48' title='bbox 355 1358 516 1427; x_wconf 88' lang='lat' dir='ltr'>Camillus</span> <span class='ocrx_word' id='word_1_49' title='bbox 546 1358 669 1440; x_wconf 86' lang='lat' dir='ltr'>aliique</span> <span class='ocrx_word' id='word_1_50' title='bbox 687 1359 723 1438; x_wconf 87' lang='lat'>¹,</span> <span class='ocrx_word' id='word_1_51' title='bbox 755 1371 795 1422; x_wconf 94' lang='lat' dir='ltr'>ut</span> <span class='ocrx_word' id='word_1_52' title='bbox 827 1356 939 1423; x_wconf 90' lang='lat' dir='ltr'>amicis</span> <span class='ocrx_word' id='word_1_53' title='bbox 961 1370 994 1421; x_wconf 89' lang='lat' dir='ltr'>et</span> <span class='ocrx_word' id='word_1_54' title='bbox 1016 1356 1193 1423; x_wconf 86' lang='lat' dir='ltr'>clientibus</span> <span class='ocrx_word' id='word_1_55' title='bbox 1225 1355 1296 1420; x_wconf 85' lang='lat' dir='ltr'>suis</span> <span class='ocrx_word' id='word_1_56' title='bbox 1328 1353 1369 1420; x_wconf 94' lang='lat' dir='ltr'>de</span> <span class='ocrx_word' id='word_1_57' title='bbox 1391 1355 1531 1437; x_wconf 91' lang='lat' dir='ltr'>publico</span> 
     </span>
     <span class='ocr_line' id='line_1_8' title="bbox 354 1465 1532 1557; baseline -0.007 -20"><span class='ocrx_word' id='word_1_58' title='bbox 354 1471 539 1557; x_wconf 85' lang='lat' dir='ltr'>largientes.</span> <span class='ocrx_word' id='word_1_59' title='bbox 562 1469 686 1552; x_wconf 91' lang='lat' dir='ltr'>Neque</span> <span class='ocrx_word' id='word_1_60' title='bbox 703 1482 811 1534; x_wconf 89' lang='lat' dir='ltr'>tamen</span> <span class='ocrx_word' id='word_1_61' title='bbox 828 1486 895 1533; x_wconf 92' lang='lat' dir='ltr'>non</span> <span class='ocrx_word' id='word_1_62' title='bbox 914 1487 1037 1534; x_wconf 90' lang='lat' dir='ltr'>summa</span> <span class='ocrx_word' id='word_1_63' title='bbox 1056 1467 1221 1534; x_wconf 90' lang='lat' dir='ltr'>interdum</span> <span class='ocrx_word' id='word_1_64' title='bbox 1238 1466 1385 1550; x_wconf 87' lang='lat' dir='ltr'>aequitas</span> <span class='ocrx_word' id='word_1_65' title='bbox 1402 1465 1532 1543; x_wconf 83' lang='lat' dir='ltr'>aderat,</span> 
     </span>
     <span class='ocr_line' id='line_1_9' title="bbox 353 1580 1533 1666; baseline -0.006 -14"><span class='ocrx_word' id='word_1_66' title='bbox 353 1583 399 1652; x_wconf 79' lang='grc' dir='ltr'><strong><em>ἵνιι</em></strong></span> <span class='ocrx_word' id='word_1_67' title='bbox 418 1588 443 1651; x_wconf 86' lang='lat' dir='ltr'>oi</span> <span class='ocrx_word' id='word_1_68' title='bbox 461 1584 649 1666; x_wconf 66' lang='grc' dir='ltr'>συναράμενοι</span> <span class='ocrx_word' id='word_1_69' title='bbox 670 1587 721 1649; x_wconf 78' lang='grc' dir='ltr'>τοῦ</span> <span class='ocrx_word' id='word_1_70' title='bbox 749 1580 830 1664; x_wconf 74' lang='grc' dir='ltr'><strong><em>ἔργον</em></strong></span> <span class='ocrx_word' id='word_1_71' title='bbox 855 1583 904 1648; x_wconf 78' lang='grc' dir='ltr'>τὸν</span> <span class='ocrx_word' id='word_1_72' title='bbox 923 1588 980 1648; x_wconf 76' lang='grc' dir='ltr'>τῶν</span> <span class='ocrx_word' id='word_1_73' title='bbox 1002 1583 1091 1648; x_wconf 77' lang='grc' dir='ltr'><strong><em>πόνων</em></strong></span> <span class='ocrx_word' id='word_1_74' title='bbox 1118 1582 1226 1663; x_wconf 77' lang='lat' dir='ltr'>staporis</span> <span class='ocrx_word' id='word_1_75' title='bbox 1248 1580 1434 1661; x_wconf 67' lang='grc' dir='ltr'>κομισάμενοι</span> <span class='ocrx_word' id='word_1_76' title='bbox 1464 1606 1533 1661; x_wconf 80' lang='lat' dir='ltr'>arpo-</span> 
     </span>
     <span class='ocr_line' id='line_1_10' title="bbox 353 1688 1533 1774; baseline -0.006 -12"><span class='ocrx_word' id='word_1_77' title='bbox 353 1696 449 1774; x_wconf 74' lang='grc' dir='ltr'><em>θύμως</em></span> <span class='ocrx_word' id='word_1_78' title='bbox 471 1695 519 1762; x_wconf 76' lang='lat' dir='ltr'>lari</span> <span class='ocrx_word' id='word_1_79' title='bbox 541 1695 598 1767; x_wconf 76' lang='grc' dir='ltr'>τὰς</span> <span class='ocrx_word' id='word_1_80' title='bbox 619 1689 719 1766; x_wconf 65' lang='lat' dir='ltr'>tiliae</span> <span class='ocrx_word' id='word_1_81' title='bbox 740 1694 896 1774; x_wconf 71' lang='grc' dir='ltr'>στρατείαις</span> <span class='ocrx_word' id='word_1_82' title='bbox 914 1694 1082 1758; x_wconf 72' lang='grc' dir='ltr'><strong><em>ἀπαντῶσιν</em></strong></span> <span class='ocrx_word' id='word_1_83' title='bbox 1100 1692 1132 1768; x_wconf 83' lang='lat'>¹,</span> <span class='ocrx_word' id='word_1_84' title='bbox 1156 1703 1194 1754; x_wconf 81' lang='lat' dir='ltr'>ut</span> <span class='ocrx_word' id='word_1_85' title='bbox 1216 1693 1278 1774; x_wconf 83' lang='lat' dir='ltr'>qui</span> <span class='ocrx_word' id='word_1_86' title='bbox 1298 1709 1330 1754; x_wconf 86' lang='lat' dir='ltr'>se</span> <span class='ocrx_word' id='word_1_87' title='bbox 1353 1695 1445 1774; x_wconf 85' lang='lat' dir='ltr'>operi</span> <span class='ocrx_word' id='word_1_88' title='bbox 1469 1688 1533 1755; x_wconf 85' lang='lat' dir='ltr'>ad-</span> 
     </span>
     <span class='ocr_line' id='line_1_11' title="bbox 354 1799 1533 1886; baseline -0.004 -17"><span class='ocrx_word' id='word_1_89' title='bbox 354 1803 534 1884; x_wconf 84' lang='lat' dir='ltr'>diderant,</span> <span class='ocrx_word' id='word_1_90' title='bbox 545 1804 675 1886; x_wconf 80' lang='lat' dir='ltr'>fructu</span> <span class='ocrx_word' id='word_1_91' title='bbox 698 1799 825 1865; x_wconf 83' lang='lat' dir='ltr'>laboris</span> <span class='ocrx_word' id='word_1_92' title='bbox 832 1813 1000 1885; x_wconf 83' lang='lat' dir='ltr'>percepto,</span> <span class='ocrx_word' id='word_1_93' title='bbox 1023 1799 1071 1865; x_wconf 85' lang='lat' dir='ltr'>ad</span> <span class='ocrx_word' id='word_1_94' title='bbox 1080 1799 1168 1864; x_wconf 86' lang='lat' dir='ltr'>alias</span> <span class='ocrx_word' id='word_1_95' title='bbox 1177 1799 1399 1886; x_wconf 80' lang='lat' dir='ltr'>expeditiones</span> <span class='ocrx_word' id='word_1_96' title='bbox 1411 1801 1533 1864; x_wconf 82' lang='lat' dir='ltr'>obeun-</span> 
     </span>
     <span class='ocr_line' id='line_1_12' title="bbox 355 1909 1531 1998; baseline -0.003 -18"><span class='ocrx_word' id='word_1_97' title='bbox 355 1913 416 1980; x_wconf 83' lang='lat' dir='ltr'>das</span> <span class='ocrx_word' id='word_1_98' title='bbox 442 1911 565 1995; x_wconf 82' lang='lat' dir='ltr'>fierent</span> <span class='ocrx_word' id='word_1_99' title='bbox 591 1915 807 1998; x_wconf 78' lang='lat' dir='ltr'>promtiores.</span> <span class='ocrx_word' id='word_1_100' title='bbox 852 1909 1048 1993; x_wconf 89' lang='lat' dir='ltr'>Diripienda</span> <span class='ocrx_word' id='word_1_101' title='bbox 1081 1910 1176 1976; x_wconf 89' lang='lat' dir='ltr'>etiam</span> <span class='ocrx_word' id='word_1_102' title='bbox 1210 1910 1329 1994; x_wconf 85' lang='lat' dir='ltr'>praeda</span> <span class='ocrx_word' id='word_1_103' title='bbox 1362 1910 1531 1976; x_wconf 89' lang='lat' dir='ltr'>interdum</span> 
     </span>
     <span class='ocr_line' id='line_1_13' title="bbox 355 2022 1534 2107; baseline 0 -18"><span class='ocrx_word' id='word_1_104' title='bbox 355 2023 452 2090; x_wconf 89' lang='lat' dir='ltr'>militi</span> <span class='ocrx_word' id='word_1_105' title='bbox 473 2043 628 2091; x_wconf 87' lang='lat' dir='ltr'>concessa</span> <span class='ocrx_word' id='word_1_106' title='bbox 648 2024 681 2089; x_wconf 92' lang='lat' dir='ltr'>in</span> <span class='ocrx_word' id='word_1_107' title='bbox 703 2022 917 2106; x_wconf 88' lang='lat' dir='ltr'>populatione</span> <span class='ocrx_word' id='word_1_108' title='bbox 937 2035 995 2088; x_wconf 90' lang='lat' dir='ltr'>aut</span> <span class='ocrx_word' id='word_1_109' title='bbox 1014 2037 1091 2105; x_wconf 90' lang='lat' dir='ltr'>post</span> <span class='ocrx_word' id='word_1_110' title='bbox 1110 2022 1267 2105; x_wconf 88' lang='lat' dir='ltr'>praelium</span> <span class='ocrx_word' id='word_1_111' title='bbox 1288 2038 1345 2088; x_wconf 91' lang='lat' dir='ltr'>aut</span> <span class='ocrx_word' id='word_1_112' title='bbox 1363 2043 1534 2107; x_wconf 85' lang='lat' dir='ltr'>expugna·</span> 
     </span>
     <span class='ocr_line' id='line_1_14' title="bbox 354 2134 1533 2221; baseline 0 -21"><span class='ocrx_word' id='word_1_113' title='bbox 354 2137 500 2218; x_wconf 89' lang='lat' dir='ltr'>tionem,</span> <span class='ocrx_word' id='word_1_114' title='bbox 532 2152 572 2202; x_wconf 92' lang='lat' dir='ltr'>ut</span> <span class='ocrx_word' id='word_1_115' title='bbox 598 2134 693 2221; x_wconf 86' lang='lat' dir='ltr'>signo</span> <span class='ocrx_word' id='word_1_116' title='bbox 721 2134 798 2200; x_wconf 92' lang='lat' dir='ltr'>dato</span> <span class='ocrx_word' id='word_1_117' title='bbox 828 2134 1083 2202; x_wconf 82' lang='lat' dir='ltr'>discurreretur:</span> <span class='ocrx_word' id='word_1_118' title='bbox 1115 2135 1206 2216; x_wconf 92' lang='lat' dir='ltr'>quod</span> <span class='ocrx_word' id='word_1_119' title='bbox 1225 2134 1369 2217; x_wconf 89' lang='lat' dir='ltr'>antiquis</span> <span class='ocrx_word' id='word_1_120' title='bbox 1387 2135 1533 2201; x_wconf 91' lang='lat' dir='ltr'>saeculis</span> 
     </span>
     <span class='ocr_line' id='line_1_15' title="bbox 355 2245 1533 2330; baseline 0 -18"><span class='ocrx_word' id='word_1_121' title='bbox 355 2246 481 2329; x_wconf 87' lang='lat' dir='ltr'>rarius,</span> <span class='ocrx_word' id='word_1_122' title='bbox 502 2247 561 2314; x_wconf 88' lang='lat' dir='ltr'>sed</span> <span class='ocrx_word' id='word_1_123' title='bbox 578 2262 687 2313; x_wconf 90' lang='lat' dir='ltr'>tamen</span> <span class='ocrx_word' id='word_1_124' title='bbox 707 2261 910 2330; x_wconf 84' lang='lat' dir='ltr'>usurpatum.</span> <span class='ocrx_word' id='word_1_125' title='bbox 956 2245 1153 2328; x_wconf 88' lang='lat' dir='ltr'>Exemplum</span> <span class='ocrx_word' id='word_1_126' title='bbox 1174 2245 1291 2312; x_wconf 89' lang='lat' dir='ltr'>dedere</span> <span class='ocrx_word' id='word_1_127' title='bbox 1314 2246 1354 2312; x_wconf 94' lang='lat' dir='ltr'>L.</span> <span class='ocrx_word' id='word_1_128' title='bbox 1375 2246 1533 2313; x_wconf 88' lang='lat' dir='ltr'>Valerius</span> 
     </span>
     <span class='ocr_line' id='line_1_16' title="bbox 355 2337 1533 2444; baseline 0.001 -22"><span class='ocrx_word' id='word_1_129' title='bbox 355 2357 389 2422; x_wconf 92' lang='lat' dir='ltr'>in</span> <span class='ocrx_word' id='word_1_130' title='bbox 423 2375 501 2442; x_wconf 90' lang='lat' dir='ltr'>agro</span> <span class='ocrx_word' id='word_1_131' title='bbox 534 2337 737 2441; x_wconf 30' lang='lat' dir='ltr'>Aequorum*</span> <span class='ocrx_word' id='word_1_132' title='bbox 761 2361 798 2440; x_wconf 83' lang='lat'>⁸,</span> <span class='ocrx_word' id='word_1_133' title='bbox 842 2357 885 2444; x_wconf 91' lang='lat' dir='ltr'>Q.</span> <span class='ocrx_word' id='word_1_134' title='bbox 920 2356 1043 2422; x_wconf 89' lang='lat' dir='ltr'>Fabius</span> <span class='ocrx_word' id='word_1_135' title='bbox 1085 2356 1168 2424; x_wconf 86' lang='lat' dir='ltr'>fusis</span> <span class='ocrx_word' id='word_1_136' title='bbox 1199 2353 1336 2423; x_wconf 80' lang='lat' dir='ltr'>Volscis</span> <span class='ocrx_word' id='word_1_137' title='bbox 1369 2373 1533 2441; x_wconf 89' lang='lat' dir='ltr'>captaque</span> 
     </span>
     <span class='ocr_line' id='line_1_17' title="bbox 355 2467 1537 2552; baseline -0.001 -18"><span class='ocrx_word' id='word_1_138' title='bbox 355 2469 476 2536; x_wconf 90' lang='lat' dir='ltr'>Ecetra</span> <span class='ocrx_word' id='word_1_139' title='bbox 495 2475 531 2550; x_wconf 88' lang='lat'>⁴,</span> <span class='ocrx_word' id='word_1_140' title='bbox 564 2489 642 2535; x_wconf 86' lang='lat' dir='ltr'>mox</span> <span class='ocrx_word' id='word_1_141' title='bbox 674 2468 728 2534; x_wconf 86' lang='lat' dir='ltr'>alii</span> <span class='ocrx_word' id='word_1_142' title='bbox 760 2487 865 2552; x_wconf 87' lang='lat' dir='ltr'>saepe.</span> <span class='ocrx_word' id='word_1_143' title='bbox 910 2469 1010 2534; x_wconf 90' lang='lat' dir='ltr'>Hunc</span> <span class='ocrx_word' id='word_1_144' title='bbox 1042 2467 1137 2534; x_wconf 85' lang='lat' dir='ltr'>etiam</span> <span class='ocrx_word' id='word_1_145' title='bbox 1169 2487 1290 2534; x_wconf 90' lang='lat' dir='ltr'>morem</span> <span class='ocrx_word' id='word_1_146' title='bbox 1322 2467 1377 2533; x_wconf 89' lang='lat' dir='ltr'>alii</span> <span class='ocrx_word' id='word_1_147' title='bbox 1408 2469 1537 2552; x_wconf 86' lang='lat' dir='ltr'>impro-</span> 
     </span>
     <span class='ocr_line' id='line_1_18' title="bbox 357 2577 1534 2667; baseline 0 -22"><span class='ocrx_word' id='word_1_148' title='bbox 357 2580 456 2658; x_wconf 87' lang='lat' dir='ltr'>bant,</span> <span class='ocrx_word' id='word_1_149' title='bbox 489 2577 557 2645; x_wconf 87' lang='lat' dir='ltr'>alii·</span> <span class='ocrx_word' id='word_1_150' title='bbox 575 2579 766 2647; x_wconf 87' lang='lat' dir='ltr'>defendunt.</span> <span class='ocrx_word' id='word_1_151' title='bbox 813 2579 883 2667; x_wconf 89' lang='lat' dir='ltr'>Qui</span> <span class='ocrx_word' id='word_1_152' title='bbox 914 2580 1099 2663; x_wconf 87' lang='lat' dir='ltr'>improbant</span> <span class='ocrx_word' id='word_1_153' title='bbox 1132 2577 1248 2646; x_wconf 91' lang='lat' dir='ltr'>dicunt</span> <span class='ocrx_word' id='word_1_154' title='bbox 1280 2579 1392 2646; x_wconf 88' lang='lat' dir='ltr'>avidas</span> <span class='ocrx_word' id='word_1_155' title='bbox 1425 2580 1459 2646; x_wconf 91' lang='lat' dir='ltr'>in</span> <span class='ocrx_word' id='word_1_156' title='bbox 1480 2582 1534 2646; x_wconf 89' lang='lat' dir='ltr'>di-</span> 
     </span>
     <span class='ocr_line' id='line_1_19' title="bbox 356 2689 1532 2775; baseline -0.001 -18"><span class='ocrx_word' id='word_1_157' title='bbox 356 2691 521 2774; x_wconf 90' lang='lat' dir='ltr'>reptiones</span> <span class='ocrx_word' id='word_1_158' title='bbox 552 2711 668 2758; x_wconf 88' lang='lat' dir='ltr'>manus</span> <span class='ocrx_word' id='word_1_159' title='bbox 689 2689 871 2775; x_wconf 89' lang='lat' dir='ltr'>praeripere</span> <span class='ocrx_word' id='word_1_160' title='bbox 893 2689 1030 2757; x_wconf 88' lang='lat' dir='ltr'>fortium</span> <span class='ocrx_word' id='word_1_161' title='bbox 1053 2691 1246 2757; x_wconf 88' lang='lat' dir='ltr'>bellatorum</span> <span class='ocrx_word' id='word_1_162' title='bbox 1266 2691 1431 2774; x_wconf 89' lang='lat' dir='ltr'>praemia,</span> <span class='ocrx_word' id='word_1_163' title='bbox 1455 2713 1532 2757; x_wconf 85' lang='lat' dir='ltr'>eum</span> 
     </span>
     <span class='ocr_line' id='line_1_20' title="bbox 356 2801 1534 2888; baseline 0 -20"><span class='ocrx_word' id='word_1_164' title='bbox 356 2805 409 2868; x_wconf 88' lang='lat' dir='ltr'>ita</span> <span class='ocrx_word' id='word_1_165' title='bbox 431 2801 543 2887; x_wconf 80' lang='lat' dir='ltr'>ferme</span> <span class='ocrx_word' id='word_1_166' title='bbox 562 2806 717 2882; x_wconf 76' lang='lat' dir='ltr'>eveniat,</span> <span class='ocrx_word' id='word_1_167' title='bbox 737 2817 775 2866; x_wconf 84' lang='lat' dir='ltr'>ut</span> <span class='ocrx_word' id='word_1_168' title='bbox 794 2805 853 2888; x_wconf 83' lang='lat' dir='ltr'>qui</span> <span class='ocrx_word' id='word_1_169' title='bbox 872 2804 1004 2888; x_wconf 77' lang='lat' dir='ltr'>segnior</span> <span class='ocrx_word' id='word_1_170' title='bbox 1024 2805 1069 2865; x_wconf 88' lang='lat' dir='ltr'>sit</span> <span class='ocrx_word' id='word_1_171' title='bbox 1086 2801 1298 2887; x_wconf 82' lang='lat' dir='ltr'>praedetur,</span> <span class='ocrx_word' id='word_1_172' title='bbox 1322 2816 1360 2866; x_wconf 86' lang='lat' dir='ltr'>at</span> <span class='ocrx_word' id='word_1_173' title='bbox 1373 2801 1534 2887; x_wconf 82' lang='lat' dir='ltr'>fortissi-</span> 
     </span>
     <span class='ocr_line' id='line_1_21' title="bbox 356 2911 1534 3000; baseline 0.002 -22"><span class='ocrx_word' id='word_1_174' title='bbox 356 2934 427 2979; x_wconf 84' lang='lat' dir='ltr'>mus</span> <span class='ocrx_word' id='word_1_175' title='bbox 457 2918 596 3000; x_wconf 82' lang='lat' dir='ltr'>quisque</span> <span class='ocrx_word' id='word_1_176' title='bbox 624 2913 751 2979; x_wconf 83' lang='lat' dir='ltr'>laboris</span> <span class='ocrx_word' id='word_1_177' title='bbox 774 2911 987 3000; x_wconf 79' lang='lat' dir='ltr'>periculique</span> <span class='ocrx_word' id='word_1_178' title='bbox 1011 2915 1232 2998; x_wconf 81' lang='lat' dir='ltr'>praecipuam</span> <span class='ocrx_word' id='word_1_179' title='bbox 1255 2929 1391 2999; x_wconf 87' lang='lat' dir='ltr'>partem</span> <span class='ocrx_word' id='word_1_180' title='bbox 1415 2928 1534 2999; x_wconf 87' lang='lat' dir='ltr'>petere</span> 
     </span>
     <span class='ocr_line' id='line_1_22' title="bbox 355 3022 1533 3107; baseline 0.002 -18"><span class='ocrx_word' id='word_1_181' title='bbox 355 3025 484 3090; x_wconf 87' lang='lat' dir='ltr'>soleat:</span> <span class='ocrx_word' id='word_1_182' title='bbox 515 3046 600 3107; x_wconf 88' lang='lat' dir='ltr'>quae</span> <span class='ocrx_word' id='word_1_183' title='bbox 630 3025 731 3092; x_wconf 88' lang='lat' dir='ltr'>verba</span> <span class='ocrx_word' id='word_1_184' title='bbox 762 3038 840 3090; x_wconf 89' lang='lat' dir='ltr'>sunt</span> <span class='ocrx_word' id='word_1_185' title='bbox 868 3023 973 3106; x_wconf 90' lang='lat' dir='ltr'>Appii</span> <span class='ocrx_word' id='word_1_186' title='bbox 994 3024 1082 3106; x_wconf 89' lang='lat' dir='ltr'>apud</span> <span class='ocrx_word' id='word_1_187' title='bbox 1102 3022 1238 3089; x_wconf 91' lang='lat' dir='ltr'>Livium</span> <span class='ocrx_word' id='word_1_188' title='bbox 1262 3035 1285 3090; x_wconf 85' lang='lat'>¹.</span> <span class='ocrx_word' id='word_1_189' title='bbox 1332 3025 1459 3091; x_wconf 88' lang='lat' dir='ltr'>Contra</span> <span class='ocrx_word' id='word_1_190' title='bbox 1479 3026 1533 3091; x_wconf 91' lang='lat' dir='ltr'>di·</span> 
     </span>
     <span class='ocr_line' id='line_1_23' title="bbox 355 3133 1532 3222; baseline 0.001 -21"><span class='ocrx_word' id='word_1_191' title='bbox 355 3136 464 3216; x_wconf 90' lang='lat' dir='ltr'>citur,</span> <span class='ocrx_word' id='word_1_192' title='bbox 485 3139 624 3222; x_wconf 86' lang='lat' dir='ltr'>gratius</span> <span class='ocrx_word' id='word_1_193' title='bbox 651 3134 691 3201; x_wconf 87' lang='lat' dir='ltr'>id</span> <span class='ocrx_word' id='word_1_194' title='bbox 701 3133 781 3219; x_wconf 84' lang='lat' dir='ltr'>sore</span> <span class='ocrx_word' id='word_1_195' title='bbox 801 3133 1005 3220; x_wconf 83' lang='lat' dir='ltr'>laetiusque,</span> <span class='ocrx_word' id='word_1_196' title='bbox 1030 3134 1119 3219; x_wconf 84' lang='lat' dir='ltr'>quod</span> <span class='ocrx_word' id='word_1_197' title='bbox 1137 3137 1275 3220; x_wconf 85' lang='lat' dir='ltr'>quisque</span> <span class='ocrx_word' id='word_1_198' title='bbox 1298 3156 1360 3200; x_wconf 83' lang='lat' dir='ltr'>sua</span> <span class='ocrx_word' id='word_1_199' title='bbox 1371 3157 1475 3201; x_wconf 86' lang='lat' dir='ltr'>manu</span> <span class='ocrx_word' id='word_1_200' title='bbox 1488 3159 1532 3202; x_wconf 81' lang='lat' dir='ltr'>ex</span> 
     </span>
    </p>
   </div>
   <div class='ocr_carea' id='block_1_3' title="bbox 247 3242 1532 3331">
    <p class='ocr_par' dir='ltr' id='par_1_3' title="bbox 247 3242 1532 3331">
     <span class='ocr_line' id='line_1_24' title="bbox 247 3242 1532 3331; baseline 0 -21"><span class='ocrx_word' id='word_1_201' title='bbox 247 3321 249 3326; x_wconf 23' lang='lat'><strong>¹</strong></span> <span class='ocrx_word' id='word_1_202' title='bbox 355 3245 445 3310; x_wconf 81' lang='lat' dir='ltr'>hoste</span> <span class='ocrx_word' id='word_1_203' title='bbox 473 3259 608 3330; x_wconf 83' lang='lat' dir='ltr'>captum</span> <span class='ocrx_word' id='word_1_204' title='bbox 640 3244 769 3311; x_wconf 85' lang='lat' dir='ltr'>domum</span> <span class='ocrx_word' id='word_1_205' title='bbox 798 3246 981 3328; x_wconf 84' lang='lat' dir='ltr'>retulerit,</span> <span class='ocrx_word' id='word_1_206' title='bbox 1004 3265 1104 3331; x_wconf 84' lang='lat' dir='ltr'>quam</span> <span class='ocrx_word' id='word_1_207' title='bbox 1127 3249 1157 3310; x_wconf 87' lang='lat' dir='ltr'>si</span> <span class='ocrx_word' id='word_1_208' title='bbox 1184 3242 1361 3329; x_wconf 77' lang='lat' dir='ltr'>multiplex</span> <span class='ocrx_word' id='word_1_209' title='bbox 1383 3244 1532 3310; x_wconf 83' lang='lat' dir='ltr'>alterius</span> 
     </span>
    </p>
   </div>
   <div class='ocr_carea' id='block_1_4' title="bbox 355 3355 1533 3999">
    <p class='ocr_par' dir='ltr' id='par_1_4' title="bbox 355 3355 1533 3999">
     <span class='ocr_line' id='line_1_25' title="bbox 356 3355 1530 3440; baseline 0.003 -21"><span class='ocrx_word' id='word_1_210' title='bbox 356 3356 503 3420; x_wconf 80' lang='lat' dir='ltr'>arbitrio</span> <span class='ocrx_word' id='word_1_211' title='bbox 535 3357 682 3440; x_wconf 86' lang='lat' dir='ltr'>accipiat</span> <span class='ocrx_word' id='word_1_212' title='bbox 702 3359 728 3420; x_wconf 88' lang='lat'>⁸.</span> <span class='ocrx_word' id='word_1_213' title='bbox 774 3355 915 3422; x_wconf 87' lang='lat' dir='ltr'>Accedit</span> <span class='ocrx_word' id='word_1_214' title='bbox 944 3356 1035 3440; x_wconf 92' lang='lat' dir='ltr'>quod</span> <span class='ocrx_word' id='word_1_215' title='bbox 1057 3357 1121 3422; x_wconf 91' lang='lat' dir='ltr'>hoc</span> <span class='ocrx_word' id='word_1_216' title='bbox 1150 3357 1258 3439; x_wconf 92' lang='lat' dir='ltr'>ipsum</span> <span class='ocrx_word' id='word_1_217' title='bbox 1278 3374 1530 3438; x_wconf 88' lang='lat' dir='ltr'>nonnumquam</span> 
     </span>
     <span class='ocr_line' id='line_1_26' title="bbox 356 3464 1531 3551; baseline 0.003 -21"><span class='ocrx_word' id='word_1_218' title='bbox 356 3479 413 3531; x_wconf 88' lang='lat' dir='ltr'>aut</span> <span class='ocrx_word' id='word_1_219' title='bbox 436 3483 503 3532; x_wconf 92' lang='lat' dir='ltr'>non</span> <span class='ocrx_word' id='word_1_220' title='bbox 525 3464 697 3548; x_wconf 83' lang='lat' dir='ltr'>impediti,</span> <span class='ocrx_word' id='word_1_221' title='bbox 718 3480 776 3532; x_wconf 91' lang='lat' dir='ltr'>aut</span> <span class='ocrx_word' id='word_1_222' title='bbox 797 3485 865 3533; x_wconf 91' lang='lat' dir='ltr'>non</span> <span class='ocrx_word' id='word_1_223' title='bbox 887 3467 957 3534; x_wconf 87' lang='lat' dir='ltr'>sine</span> <span class='ocrx_word' id='word_1_224' title='bbox 974 3466 1111 3533; x_wconf 81' lang='lat' dir='ltr'>maxima</span> <span class='ocrx_word' id='word_1_225' title='bbox 1123 3467 1248 3533; x_wconf 86' lang='lat' dir='ltr'>invidia</span> <span class='ocrx_word' id='word_1_226' title='bbox 1259 3481 1292 3532; x_wconf 90' lang='lat' dir='ltr'>et</span> <span class='ocrx_word' id='word_1_227' title='bbox 1302 3465 1531 3551; x_wconf 87' lang='lat' dir='ltr'>indignatione</span> 
     </span>
     <span class='ocr_line' id='line_1_27' title="bbox 355 3576 1532 3663; baseline 0.002 -21"><span class='ocrx_word' id='word_1_228' title='bbox 355 3576 497 3642; x_wconf 88' lang='lat' dir='ltr'>militum</span> <span class='ocrx_word' id='word_1_229' title='bbox 518 3591 645 3660; x_wconf 86' lang='lat' dir='ltr'>potest,</span> <span class='ocrx_word' id='word_1_230' title='bbox 668 3591 779 3644; x_wconf 87' lang='lat' dir='ltr'>vetere</span> <span class='ocrx_word' id='word_1_231' title='bbox 799 3579 872 3662; x_wconf 81' lang='lat' dir='ltr'>ejus</span> <span class='ocrx_word' id='word_1_232' title='bbox 893 3577 940 3644; x_wconf 90' lang='lat' dir='ltr'>rei</span> <span class='ocrx_word' id='word_1_233' title='bbox 963 3579 1113 3661; x_wconf 87' lang='lat' dir='ltr'>exemplo</span> <span class='ocrx_word' id='word_1_234' title='bbox 1134 3578 1167 3645; x_wconf 92' lang='lat' dir='ltr'>in</span> <span class='ocrx_word' id='word_1_235' title='bbox 1180 3578 1423 3663; x_wconf 85' lang='lat' dir='ltr'>expugnatione·</span> <span class='ocrx_word' id='word_1_236' title='bbox 1443 3577 1532 3645; x_wconf 88' lang='lat' dir='ltr'>Cor-</span> 
     </span>
     <span class='ocr_line' id='line_1_28' title="bbox 355 3687 1533 3774; baseline 0.002 -20"><span class='ocrx_word' id='word_1_237' title='bbox 355 3703 472 3754; x_wconf 89' lang='lat' dir='ltr'>tuosae</span> <span class='ocrx_word' id='word_1_238' title='bbox 494 3692 529 3767; x_wconf 82' lang='lat'>⁷,</span> <span class='ocrx_word' id='word_1_239' title='bbox 559 3689 657 3774; x_wconf 86' lang='lat' dir='ltr'>cujus</span> <span class='ocrx_word' id='word_1_240' title='bbox 680 3688 828 3772; x_wconf 87' lang='lat' dir='ltr'>praedam</span> <span class='ocrx_word' id='word_1_241' title='bbox 858 3687 1020 3772; x_wconf 88' lang='lat' dir='ltr'>publicari</span> <span class='ocrx_word' id='word_1_242' title='bbox 1048 3709 1121 3755; x_wconf 86' lang='lat' dir='ltr'>sero</span> <span class='ocrx_word' id='word_1_243' title='bbox 1142 3689 1267 3755; x_wconf 90' lang='lat' dir='ltr'>tribuni</span> <span class='ocrx_word' id='word_1_244' title='bbox 1295 3689 1475 3772; x_wconf 89' lang='lat' dir='ltr'>cupiebant</span> <span class='ocrx_word' id='word_1_245' title='bbox 1498 3705 1533 3756; x_wconf 88' lang='lat' dir='ltr'>et</span> 
     </span>
     <span class='ocr_line' id='line_1_29' title="bbox 356 3799 1533 3885; baseline 0.002 -21"><span class='ocrx_word' id='word_1_246' title='bbox 356 3811 471 3881; x_wconf 86' lang='lat' dir='ltr'>postea</span> <span class='ocrx_word' id='word_1_247' title='bbox 493 3818 568 3863; x_wconf 91' lang='lat' dir='ltr'>cum</span> <span class='ocrx_word' id='word_1_248' title='bbox 589 3799 879 3884; x_wconf 81' lang='lat' dir='ltr'>Gallograecorum</span> <span class='ocrx_word' id='word_1_249' title='bbox 902 3815 1005 3865; x_wconf 89' lang='lat' dir='ltr'>castra</span> <span class='ocrx_word' id='word_1_250' title='bbox 1025 3820 1043 3866; x_wconf 93' lang='lat' dir='ltr'>a</span> <span class='ocrx_word' id='word_1_251' title='bbox 1067 3801 1106 3866; x_wconf 91' lang='lat' dir='ltr'>C.</span> <span class='ocrx_word' id='word_1_252' title='bbox 1129 3799 1242 3865; x_wconf 93' lang='lat' dir='ltr'>Helvii</span> <span class='ocrx_word' id='word_1_253' title='bbox 1260 3801 1387 3885; x_wconf 85' lang='lat' dir='ltr'>agmine</span> <span class='ocrx_word' id='word_1_254' title='bbox 1402 3801 1533 3885; x_wconf 89' lang='lat' dir='ltr'>direpta</span> 
     </span>
     <span class='ocr_line' id='line_1_30' title="bbox 356 3909 1531 3999; baseline 0.004 -25"><span class='ocrx_word' id='word_1_255' title='bbox 356 3923 435 3974; x_wconf 89' lang='lat' dir='ltr'>sunt</span> <span class='ocrx_word' id='word_1_256' title='bbox 464 3923 576 3975; x_wconf 89' lang='lat' dir='ltr'>contra</span> <span class='ocrx_word' id='word_1_257' title='bbox 608 3909 702 3977; x_wconf 92' lang='lat' dir='ltr'>ducis</span> <span class='ocrx_word' id='word_1_258' title='bbox 732 3912 936 3977; x_wconf 87' lang='lat' dir='ltr'>voluntatem</span> <span class='ocrx_word' id='word_1_259' title='bbox 958 3912 981 3978; x_wconf 82' lang='lat'>⁸.</span> <span class='ocrx_word' id='word_1_260' title='bbox 1026 3912 1129 3999; x_wconf 91' lang='lat' dir='ltr'>Quod</span> <span class='ocrx_word' id='word_1_261' title='bbox 1158 3911 1226 3977; x_wconf 87' lang='lat' dir='ltr'>dixi</span> <span class='ocrx_word' id='word_1_262' title='bbox 1258 3911 1330 3978; x_wconf 92' lang='lat' dir='ltr'>aliis</span> <span class='ocrx_word' id='word_1_263' title='bbox 1363 3911 1531 3979; x_wconf 90' lang='lat' dir='ltr'>interdum</span> 
     </span>
    </p>
   </div>
   <div class='ocr_carea' id='block_1_5' title="bbox 355 4135 546 4148">
    <p class='ocr_par' dir='ltr' id='par_1_5' title="bbox 355 4135 546 4148">
     <span class='ocr_line' id='line_1_31' title="bbox 355 4135 546 4148; baseline 0.01 -3"><span class='ocrx_word' id='word_1_264' title='bbox 355 4135 546 4148; x_wconf 55' lang='lat' dir='ltr'><em>m</em></span> 
     </span>
    </p>
   </div>
   <div class='ocr_carea' id='block_1_6' title="bbox 353 4273 1531 4616">
    <p class='ocr_par' dir='ltr' id='par_1_6' title="bbox 353 4273 1531 4616">
     <span class='ocr_line' id='line_1_32' title="bbox 388 4273 1531 4347; baseline 0.008 -24"><span class='ocrx_word' id='word_1_265' title='bbox 388 4273 397 4307; x_wconf 77' lang='lat'><strong>¹</strong></span> <span class='ocrx_word' id='word_1_266' title='bbox 416 4275 493 4324; x_wconf 91' lang='lat' dir='ltr'>Dion.</span> <span class='ocrx_word' id='word_1_267' title='bbox 516 4277 596 4326; x_wconf 78' lang='lat' dir='ltr'>Helio.</span> <span class='ocrx_word' id='word_1_268' title='bbox 618 4280 635 4327; x_wconf 87' lang='lat'>1.</span> <span class='ocrx_word' id='word_1_269' title='bbox 655 4279 679 4328; x_wconf 83' lang='grc' dir='ltr'>ό.</span> <span class='ocrx_word' id='word_1_270' title='bbox 706 4281 744 4343; x_wconf 91' lang='lat' dir='ltr'>[p.</span> <span class='ocrx_word' id='word_1_271' title='bbox 763 4281 820 4338; x_wconf 75' lang='lat'><strong>³⁶5·</strong></span> <span class='ocrx_word' id='word_1_272' title='bbox 838 4293 877 4330; x_wconf 89' lang='lat' dir='ltr'>vs.</span> <span class='ocrx_word' id='word_1_273' title='bbox 898 4280 948 4345; x_wconf 81' lang='lat' dir='ltr'>ra]</span> <span class='ocrx_word' id='word_1_274' title='bbox 968 4293 993 4330; x_wconf 88' lang='lat' dir='ltr'>et</span> <span class='ocrx_word' id='word_1_275' title='bbox 1008 4284 1026 4330; x_wconf 91' lang='lat'>1.</span> <span class='ocrx_word' id='word_1_276' title='bbox 1044 4280 1127 4346; x_wconf 86' lang='lat' dir='ltr'>7.·[p.</span> <span class='ocrx_word' id='word_1_277' title='bbox 1143 4282 1202 4345; x_wconf 85' lang='lat'>468.</span> <span class='ocrx_word' id='word_1_278' title='bbox 1219 4293 1258 4331; x_wconf 85' lang='lat' dir='ltr'>vs.</span> <span class='ocrx_word' id='word_1_279' title='bbox 1275 4297 1299 4345; x_wconf 89' lang='lat'>9.</span> <span class='ocrx_word' id='word_1_280' title='bbox 1317 4294 1342 4331; x_wconf 87' lang='lat' dir='ltr'>et</span> <span class='ocrx_word' id='word_1_281' title='bbox 1361 4281 1413 4347; x_wconf 78' lang='lat'><strong>³7·]</strong></span> <span class='ocrx_word' id='word_1_282' title='bbox 1433 4283 1493 4332; x_wconf 84' lang='lat' dir='ltr'>Liv.</span> <span class='ocrx_word' id='word_1_283' title='bbox 1509 4287 1531 4335; x_wconf 95' lang='lat' dir='ltr'>l.</span> 
     </span>
     <span class='ocr_line' id='line_1_33' title="bbox 355 4365 1531 4436; baseline 0.006 -21"><span class='ocrx_word' id='word_1_284' title='bbox 355 4379 378 4422; x_wconf 82' lang='lat'>5.</span> <span class='ocrx_word' id='word_1_285' title='bbox 398 4365 434 4430; x_wconf 88' lang='lat' dir='ltr'>[c.</span> <span class='ocrx_word' id='word_1_286' title='bbox 453 4367 505 4430; x_wconf 70' lang='lat' dir='ltr'>sn]</span> <span class='ocrx_word' id='word_1_287' title='bbox 537 4365 551 4400; x_wconf 65' lang='lat'>=²</span> <span class='ocrx_word' id='word_1_288' title='bbox 568 4369 752 4420; x_wconf 42' lang='lat' dir='ltr'>Dionellalic.</span> <span class='ocrx_word' id='word_1_289' title='bbox 776 4374 793 4419; x_wconf 93' lang='lat' dir='ltr'>l.</span> <span class='ocrx_word' id='word_1_290' title='bbox 817 4383 841 4429; x_wconf 83' lang='lat'>7.</span> <span class='ocrx_word' id='word_1_291' title='bbox 865 4372 904 4434; x_wconf 90' lang='lat' dir='ltr'>[p.</span> <span class='ocrx_word' id='word_1_292' title='bbox 928 4373 987 4434; x_wconf 82' lang='lat'><strong>4⁶9·</strong></span> <span class='ocrx_word' id='word_1_293' title='bbox 1006 4387 1044 4422; x_wconf 88' lang='lat' dir='ltr'>vs.</span> <span class='ocrx_word' id='word_1_294' title='bbox 1065 4374 1116 4436; x_wconf 65' lang='lat' dir='ltr'>tn]</span> <span class='ocrx_word' id='word_1_295' title='bbox 1152 4372 1164 4407; x_wconf 82' lang='lat'>⁸</span> <span class='ocrx_word' id='word_1_296' title='bbox 1181 4375 1259 4422; x_wconf 87' lang='lat' dir='ltr'>Idem.</span> <span class='ocrx_word' id='word_1_297' title='bbox 1277 4375 1295 4421; x_wconf 88' lang='lat' dir='ltr'>l.</span> <span class='ocrx_word' id='word_1_298' title='bbox 1313 4385 1337 4435; x_wconf 84' lang='lat'>9.</span> <span class='ocrx_word' id='word_1_299' title='bbox 1356 4373 1395 4434; x_wconf 89' lang='lat' dir='ltr'>[p.</span> <span class='ocrx_word' id='word_1_300' title='bbox 1412 4375 1471 4422; x_wconf 83' lang='lat'>611.</span> <span class='ocrx_word' id='word_1_301' title='bbox 1489 4388 1531 4423; x_wconf 82' lang='lat' dir='ltr'>vs.</span> 
     </span>
     <span class='ocr_line' id='line_1_34' title="bbox 355 4451 1530 4526; baseline 0.008 -22"><span class='ocrx_word' id='word_1_302' title='bbox 355 4451 407 4518; x_wconf 71' lang='lat' dir='ltr'>ab]</span> <span class='ocrx_word' id='word_1_303' title='bbox 442 4451 540 4507; x_wconf 66' lang='lat' dir='ltr'>lIdem</span> <span class='ocrx_word' id='word_1_304' title='bbox 564 4461 582 4507; x_wconf 91' lang='lat'>1.</span> <span class='ocrx_word' id='word_1_305' title='bbox 609 4473 648 4509; x_wconf 84' lang='grc' dir='ltr'>ιο.</span> <span class='ocrx_word' id='word_1_306' title='bbox 675 4461 713 4522; x_wconf 83' lang='lat' dir='ltr'>[p.</span> <span class='ocrx_word' id='word_1_307' title='bbox 730 4462 787 4522; x_wconf 81' lang='lat'><strong>⁶47·</strong></span> <span class='ocrx_word' id='word_1_308' title='bbox 805 4475 844 4510; x_wconf 90' lang='lat' dir='ltr'>vs.</span> <span class='ocrx_word' id='word_1_309' title='bbox 864 4475 904 4520; x_wconf 76' lang='lat' dir='ltr'>ss.</span> <span class='ocrx_word' id='word_1_310' title='bbox 921 4463 990 4525; x_wconf 81' lang='lat' dir='ltr'>sqq]</span> <span class='ocrx_word' id='word_1_311' title='bbox 1025 4461 1236 4526; x_wconf 68' lang='grc' dir='ltr'>ι1.5.[ο.αο.]</span> <span class='ocrx_word' id='word_1_312' title='bbox 1271 4457 1409 4514; x_wconf 81' lang='lat' dir='ltr'>‘Ibidem</span> <span class='ocrx_word' id='word_1_313' title='bbox 1442 4461 1530 4514; x_wconf 83' lang='lat' dir='ltr'>⁷Liv.</span> 
     </span>
     <span class='ocr_line' id='line_1_35' title="bbox 353 4547 901 4616; baseline 0.015 -23"><span class='ocrx_word' id='word_1_314' title='bbox 353 4550 371 4594; x_wconf 88' lang='lat' dir='ltr'>l.</span> <span class='ocrx_word' id='word_1_315' title='bbox 388 4548 412 4595; x_wconf 85' lang='grc' dir='ltr'>ό.</span> <span class='ocrx_word' id='word_1_316' title='bbox 438 4547 475 4612; x_wconf 85' lang='lat' dir='ltr'>[c.</span> <span class='ocrx_word' id='word_1_317' title='bbox 497 4549 535 4612; x_wconf 86' lang='lat'>4.]</span> <span class='ocrx_word' id='word_1_318' title='bbox 571 4549 656 4600; x_wconf 83' lang='lat' dir='ltr'>¹le</span> <span class='ocrx_word' id='word_1_319' title='bbox 680 4555 698 4600; x_wconf 92' lang='lat' dir='ltr'>l.</span> <span class='ocrx_word' id='word_1_320' title='bbox 723 4555 763 4608; x_wconf 76' lang='lat'>38.</span> <span class='ocrx_word' id='word_1_321' title='bbox 789 4551 826 4616; x_wconf 89' lang='lat' dir='ltr'>[c.</span> <span class='ocrx_word' id='word_1_322' title='bbox 845 4553 901 4615; x_wconf 58' lang='lat' dir='ltr'>am]</span> 
     </span>
    </p>
   </div>
   <div class='ocr_carea' id='block_1_7' title="bbox 0 0 1668 5494">
    <p class='ocr_par' dir='ltr' id='par_1_7' title="bbox 0 0 1668 5494">
     <span class='ocr_line' id='line_1_36' title="bbox 0 0 1668 5494; baseline 0 0"><span class='ocrx_word' id='word_1_323' title='bbox 0 0 1668 5494; x_wconf 95' lang='lat' dir='ltr'> </span> 
     </span>
    </p>
   </div>
  </div>
 </body>
</html>
