3316 5494
366 635 427 680 100
657 635 704 684 DE
728 635 822 705 June
849 635 1037 683 PRAEDAE·
1062 634 1145 684 CAP·
1169 635 1252 684 vm.

362 787 462 873 igitur
480 789 648 885 quomodo
666 790 711 856 sit
729 789 976 876 intelligendum
999 789 1092 873 quod
1109 789 1224 856 dicunt
1242 790 1394 857 doctores
1409 793 1439 872 ¹,
1464 792 1538 857 nul-

361 901 429 966 lum
451 921 520 968 esse
537 902 661 968 beilum
680 903 806 988 justum
826 899 889 967 nisi
910 901 1001 984 quod
1019 900 1163 987 legitime
1183 901 1341 968 indictum
1357 902 1416 968 sit:
1436 922 1537 985 quam

362 1013 555 1080 sententiam
578 1007 674 1081 nemo
696 1014 814 1080 melius
838 1014 1000 1081 Cicerone
1020 1017 1031 1053 ¹
1051 1011 1335 1096 interpretabitur,
1359 1033 1433 1080 cum
1457 1013 1540 1080 dicit

363 1123 493 1191 nullum
523 1124 644 1191 ballum
664 1145 729 1191 esse
739 1125 897 1210 justum,
918 1127 984 1190 nisi
1005 1122 1094 1211 quod
1111 1137 1173 1189 aut
1193 1125 1290 1189 rebus
1311 1127 1463 1209 repetitis
1482 1147 1539 1212 ge·

363 1249 490 1316 ratur,
522 1249 585 1302 aut
615 1236 851 1304 denuntiatum
884 1249 963 1301 anre
994 1238 1039 1300 rr‘r
1071 1248 1104 1300 rt
1137 1234 1313 1302 indictum.
1359 1235 1538 1317 Alterum,

340 1337 429 1412 'non
463 1361 639 1430 utrumque
672 1346 823 1430 requirit.
877 1345 923 1412 Et
955 1347 1019 1412 hoc
1054 1345 1160 1430 ipsum
1194 1345 1241 1413 sic
1275 1346 1539 1431 restringendum

364 1471 434 1538 est,
467 1471 504 1524 ut
533 1457 781 1525 denuntiatione
808 1475 891 1542 opus
920 1476 987 1525 non
1017 1456 1061 1524 sit
1089 1457 1243 1524 adversus
1276 1477 1372 1539 eum,
1395 1456 1452 1540 qui
1473 1457 1539 1543 jam

363 1569 485 1636 bellum
514 1569 677 1653 suscepit:
709 1570 802 1653 quod
828 1584 922 1636 antea
953 1568 1259 1637 demonstravimus.
1305 1569 1383 1656 Quo
1413 1582 1540 1652 spectat

363 1679 449 1748 illud
468 1681 556 1764 apud
577 1680 739 1748 Isidorum
761 1679 773 1717 ¹
794 1679 1013 1765 fragmentum
1034 1693 1149 1748 vetus:
1169 1682 1310 1769 Justum
1334 1679 1453 1746 bellum
1466 1692 1539 1759 est,

364 1790 453 1880 quod
479 1813 521 1858 err
543 1792 648 1859 edicto
667 1795 807 1880 geritur
838 1790 935 1858 rebus
965 1794 1115 1877 repetitis
1146 1804 1216 1856 aut*
1231 1788 1538 1877 propulsandorum

364 1905 531 1970 hominum
560 1924 676 1970 causa.
721 1902 845 1969 Hostes
875 1901 960 1968 enim
990 1917 1069 1968 sunt
1096 1921 1164 1968 non
1191 1902 1290 1970 modo
1312 1901 1435 1984 quibus
1454 1921 1539 1981 nos,

364 2014 423 2082 sed
452 2028 485 2080 et
512 2013 570 2096 qui
597 2014 693 2081 nobis
724 2015 848 2081 bellum
882 2012 1014 2098 publice
1038 2014 1238 2096 decernunt,
1263 2029 1301 2082 ut
1319 2014 1353 2079 in
1373 2013 1504 2099 legibus
1527 2023 1538 2056 ⁴

364 2127 636 2209 comprehensum
657 2140 719 2194 est.
749 2126 867 2209 Itaque
885 2126 1043 2193 adversus
1063 2145 1137 2208 eos,
1159 2126 1217 2209 qui
1237 2146 1272 2192 se
1292 2126 1357 2211 jam
1380 2145 1441 2209 pro
1461 2126 1539 2192 hos·

352 2237 454 2304 'tibus
474 2252 614 2323 gerunt,
636 2239 728 2306 nulla
747 2237 953 2306 denuntiatio
972 2238 1154 2306 necessaria
1173 2253 1241 2319 est,
1263 2237 1304 2305 de
1324 2257 1392 2322 quo
1411 2250 1540 2304 constat

365 2348 452 2417 inter
482 2349 632 2416 doctores
655 2355 690 2431 ⁶,
721 2349 781 2432 qui
811 2350 945 2417 tradunt
976 2369 1054 2432 cos,
1088 2349 1146 2433 qui
1176 2351 1281 2433 palam
1304 2348 1410 2418 ,nobis
1447 2347 1538 2415 noxii

365 2459 563 2544 molestique
591 2476 689 2542 sunt,
723 2459 795 2544 ipso
822 2462 896 2546 jure
926 2461 1088 2528 diffidatos
1118 2460 1235 2528 videri.
1278 2460 1366 2526 Nam
1396 2458 1538 2526 diffidare

365 2571 453 2655 apud
479 2571 554 2638 illos
573 2586 622 2640 est
644 2573 765 2639 bellurn
789 2571 941 2639 indicere.
987 2571 1111 2638 Nobile
1143 2586 1196 2638 est
1224 2573 1409 2655 exemplum
1433 2570 1468 2636 in
1491 2571 1537 2636 Is·

366 2683 489 2751 raelitis
508 2682 544 2765 ⁸,
568 2683 722 2768 quicum
744 2699 953 2769 praeceptum
975 2685 1132 2751 haberent
1151 2704 1171 2750 a
1190 2683 1263 2752 Deo
1282 2705 1322 2749 ne
1344 2703 1442 2767 quam
1463 2701 1538 2767 gen·
1645 2705 1646 2720 ι

365 2810 431 2862 tem
466 2795 562 2862 armis
589 2796 861 2882 aggrederentur,
894 2794 957 2862 nisi
990 2816 1087 2878 quarn
1118 2794 1341 2862 denuntiando
1374 2794 1468 2877 prius
1498 2793 1538 2860 ad

366 2927 478 2992 pacem
501 2907 718 2990 invitassent,
753 2908 816 2974 hoc
838 2906 945 2990 ipsum
968 2921 1076 2973 tamen
1097 2907 1255 2975 adversus
1276 2920 1387 2991 gentes
1409 2906 1538 2972 Charra·
1644 2993 1645 2998 ἵ

358 3039 523 3087 nasorum
551 3021 724 3104 plerasque
751 3019 991 3086 observandum
1020 3038 1089 3086 non
1115 3031 1296 3102 putarunt,
1326 3037 1402 3084 cunr
1433 3031 1538 3084 essent
1644 3011 1645 3031 ¹

367 3131 408 3196 ab
440 3131 507 3199 illis
539 3131 666 3215 priores
688 3132 778 3227 bello
808 3130 962 3198 lacessiti.
1015 3130 1082 3196 Cui
1116 3148 1321 3213 consequens
1351 3143 1401 3196 est
1435 3128 1537 3210 illud,

367 3257 543 3326 postquam
572 3242 671 3310 semel
698 3262 749 3309 res
776 3242 932 3325 repetitae
959 3257 992 3308 et
1011 3244 1175 3309 decretum
1199 3237 1430 3324 interpositum
1450 3239 1538 3320 fuit,

367 3373 428 3437 pro
460 3372 500 3419 eo
524 3353 599 3438 jure
626 3352 717 3436 quod
746 3352 780 3419 in
800 3353 1009 3420 exsecutione
1032 3354 1103 3438 ipsa
1123 3352 1293 3436 nascitur,
1317 3354 1440 3420 nullam
1462 3371 1538 3419 con-

368 3463 544 3532 dictionem
572 3477 629 3530 aut
658 3464 851 3532 sententiam
884 3464 1021 3548 requiri.
1066 3464 1187 3547 Neque
1209 3465 1295 3530 eninr
1316 3466 1439 3531 bellum
1460 3479 1538 3530 tunc

367 3595 491 3644 novum
521 3573 724 3660 suscipitur,
753 3576 813 3645 sed
841 3577 966 3662 geritur
995 3591 1205 3660 susceptum:
1245 3575 1325 3644 satis
1357 3575 1459 3661 igitur
1492 3589 1539 3643 est
1642 3639 1643 3642 ,

402 3897 411 3932 ¹
428 3899 486 3961 Joh.
502 3898 582 3946 Andr.
600 3895 626 3948 in
643 3911 666 3947 c.
687 3910 735 3958 pro
751 3900 852 3947 human.
869 3900 901 3948 de
918 3896 1014 3948 homic.
1037 3897 1176 3960 [Decretal.
1200 3895 1227 3946 in
1244 3897 1268 3946 6.
1287 3907 1311 3954 s.
1327 3909 1352 3958 4.
1371 3893 1404 3960 r.]
1424 3897 1496 3946 Bald.
1513 3894 1538 3944 in

368 3991 386 4039 l.
410 4002 434 4038 a.
454 3989 484 4036 C.
507 3989 539 4037 de
562 3987 650 4042 servit.
665 4000 691 4038 et
707 4003 778 4050 aqua.
798 3988 841 4052 [C.
859 3999 882 4048 s.
901 3987 956 4054 34.]
980 4003 1005 4038 n.
1023 4002 1064 4047 71.
1078 4000 1103 4037 et
1123 3987 1149 4036 in
1174 3990 1191 4037 l.
1213 3987 1235 4038 si
1253 4000 1361 4036 manum.
1385 3989 1415 4035 C.
1433 3989 1466 4036 de
1484 3988 1538 4036 obs.

367 4090 433 4140 patr.
451 4090 546 4139 praest.
564 4078 608 4142 [C.
628 4080 652 4128 6.
667 4080 691 4128 6.
706 4078 743 4144 ψ]
761 4091 786 4130 et
799 4081 858 4129 inl.
880 4091 994 4130 essesut.
1013 4081 1042 4129 C.
1060 4081 1092 4130 de
1107 4092 1193 4129 exsec.
1209 4079 1247 4128 rei
1264 4076 1318 4136 iud.
1337 4075 1380 4142 [C.
1398 4090 1423 4135 7.
1440 4090 1482 4136 ⁵3·
1501 4078 1537 4140 8.]

367 4166 429 4219 ¹de
452 4169 495 4220 off.
518 4172 536 4218 l.
562 4182 584 4218 1.
608 4167 645 4233 [c.
672 4183 710 4219 rr.
734 4174 755 4230 5.
782 4171 834 4233 34]
862 4182 888 4220 et
906 4172 937 4221 de
955 4185 1009 4232 rep.
1026 4173 1045 4219 1.
1063 4184 1086 4219 2.
1106 4171 1142 4233 [c.
1163 4183 1202 4230 17.
1219 4174 1242 4230 5.
1261 4167 1316 4234 su]
1351 4166 1398 4218 ⁸1.
1418 4172 1457 4218 18.
1476 4183 1500 4218 c.
1519 4184 1539 4219 ι.
1640 4235 1641 4253 ἢ

368 4261 459 4312 nitatur
482 4259 509 4308 in
533 4274 556 4309 c.
580 4257 684 4316 iustum.
710 4259 798 4326 [Decr.
824 4262 893 4310 Grrt.
918 4276 944 4323 p.
963 4276 987 4310 2.
1007 4274 1046 4320 2³·
1064 4275 1088 4310 a.
1108 4260 1143 4327 r.]
1178 4259 1224 4311 ⁴1.
1241 4263 1336 4310 hostes.
1354 4261 1385 4310 de
1404 4270 1471 4320 capt.
1496 4260 1540 4324 [D.

368 4365 410 4414 49.
437 4352 476 4400 ιό.
502 4349 557 4415 24.]
584 4363 609 4401 et
633 4353 665 4401 de
690 4351 762 4402 verb.
790 4353 854 4414 sign.
880 4350 923 4416 [D.
943 4365 983 4410 ⁵0·
1004 4354 1042 4402 16.
1064 4354 1131 4416 118.]
1167 4351 1539 4408 ιΒε11.5.ιοιιι.3.ι.ι5.

369 4444 479 4492 AddeL
505 4457 527 4494 1.
550 4442 576 4491 in
602 4441 653 4492 fine
680 4443 706 4492 ff.
725 4446 757 4494 de
774 4456 820 4494 aot.
838 4455 897 4494 emt.
914 4456 939 4493 et
957 4446 1034 4494 vend.
1061 4443 1105 4508 [D.
1123 4458 1163 4507 29.
1183 4458 1205 4494 ι.
1226 4443 1260 4506 ι.]
1286 4445 1363 4504 Vasq.
1379 4445 1398 4492 l.
1418 4455 1439 4491 1.
1458 4455 1481 4492 c.
1500 4455 1539 4503 24.
1639 4501 1640 4508 ἵ

369 4547 395 4588 ιι.
413 4546 436 4590 5.
470 4533 631 4584 ‘Densum
651 4549 689 4584 ιο.
1004 4541 1007 4550 ’
