3362 5504
483 615 529 660 uu
552 614 646 679 Junrr
673 613 858 658 rannone.
885 613 967 658 car.
994 613 1054 657 xv.
1291 614 1351 675 323
1424 682 1428 692 Ι

178 771 331 854 ignorat,
362 769 449 835 unde
482 767 656 836 societates
687 786 751 834 non
785 765 913 834 vicinae
946 767 1065 846 modo,
1105 784 1218 830 verum
1256 764 1350 830 etiam

178 881 401 965 longinquae,
426 895 464 947 ut
486 879 720 946 mercatoribus
743 893 821 944 sunt
843 877 1065 957 necessariae,
1088 877 1132 943 ita
1153 877 1351 943 bellantibus

177 991 287 1058 utiles.
345 991 515 1058 Laudatur
544 989 756 1056 Mithridates
780 997 813 1071 ¹,
836 989 926 1071 quod
955 989 994 1054 ab
1028 988 1168 1054 Albanis
1190 987 1352 1069 usquein

178 1103 371 1186 Hispaniam
383 1104 519 1188 'legatos
540 1102 665 1168 miserit
689 1103 729 1167 ad
750 1100 931 1166 Sertorium
952 1115 983 1166 et
999 1101 1131 1181 Daces,
1151 1100 1350 1181 quibuscum

177 1229 247 1280 turn
283 1215 423 1280 Romani
456 1215 577 1279 bellum
611 1214 772 1298 gerebant.
822 1212 952 1277 Sciebat
982 1211 1066 1278 enim
1098 1211 1230 1293 quicum
1256 1212 1351 1277 hoste

178 1325 242 1391 sibi
271 1345 322 1391 res
351 1340 458 1404 esset,
491 1343 625 1408 magnae
658 1323 786 1390 scilicet
818 1338 974 1390 terrarum
1007 1323 1108 1406 partis
1140 1342 1350 1406 possessore,

177 1438 288 1506 valido
301 1451 399 1519 atque
412 1438 581 1519 opulento.
605 1435 705 1509 Unde
729 1435 778 1501 sic
798 1435 1007 1515 instituerat,
1022 1450 1144 1501 utrum
1167 1434 1297 1501 duobus
1317 1434 1350 1499 in

177 1549 259 1614 locis
288 1546 555 1632 disiunctissimis
578 1547 782 1628 maximeque
812 1546 951 1621 diversis
984 1565 1051 1613 uno
1076 1546 1239 1625 consilio,
1264 1545 1352 1611 binis

178 1659 283 1742 copiis
315 1661 439 1724 bellum
460 1673 545 1724 terra
568 1657 714 1739 marique
738 1665 925 1743 gereretur,
950 1657 1094 1723 Romani
1118 1658 1242 1724 interea
1264 1658 1351 1722 anci-

178 1772 240 1854 piti
271 1771 481 1838 contentione
513 1770 658 1836 distracti
690 1769 729 1835 de
753 1769 888 1852 imperio
913 1770 1115 1836 dimicarent.
1161 1768 1250 1834 Mihi
1273 1768 1352 1836 His·

176 1901 337 1966 panorum
369 1882 456 1949 vires
486 1881 540 1947 bic
561 1884 708 1947 attollere
731 1900 791 1949 nec
815 1882 996 1964 deprimere
1019 1881 1145 1947 animus
1168 1893 1228 1946 est.
1276 1879 1350 1945 Hoc

177 1994 245 2061 scio
268 1994 366 2060 latius
390 2013 445 2060 eos
467 2011 624 2078 regnare,
650 2008 830 2074 quamtum
844 1994 985 2060 Romani
1009 1991 1239 2078 regnaverint,
1263 1989 1351 2056 forte

178 2106 273 2172 etiam
282 2153 305 2186 ,‚
319 2126 415 2187 quam
437 2106 527 2170 ullus
551 2103 650 2170 hodie
663 2119 720 2169 aut
732 2123 886 2187 umquam
898 2151 909 2185 ,
923 2111 1022 2186 atque
1035 2106 1105 2190 ejus
1118 2103 1351 2170 dominationis

176 2218 245 2300 ipsa
268 2216 480 2283 fundamenta
503 2236 567 2281 non
592 2215 625 2280 in
649 2216 784 2300 Belgi0,
808 2235 874 2282 non
904 2217 937 2282 in
968 2216 1151 2299 Hispania,
1183 2216 1242 2280 sed
1262 2231 1351 2281 trans

177 2348 335 2394 oceanum
365 2328 427 2394 sita
461 2347 552 2408 esse,
577 2329 666 2393 unde
689 2347 768 2410 opes
792 2327 857 2393 illis
879 2327 1158 2412 largitionumque
1182 2343 1215 2393 et
1248 2328 1351 2392 bello-

177 2461 249 2506 rum
281 2439 453 2506 alimenta:
484 2439 541 2506 sed
567 2438 696 2505 eosdem
721 2439 787 2504 illis
808 2439 840 2504 in
866 2438 958 2504 terris
981 2455 1140 2522 quantum
1161 2438 1350 2522 potentiae,

177 2566 304 2618 tantum
337 2551 405 2616 odii
438 2550 639 2633 quaesivisse
663 2566 695 2616 et
717 2570 756 2615 eo
779 2551 920 2618 Batavos
943 2552 992 2617 uti
1016 2552 1156 2633 debere,
1193 2550 1220 2615 si
1253 2571 1350 2632 quem

177 2664 265 2728 bello
296 2661 393 2728 finem
423 2664 543 2729 volunt
572 2663 773 2746 impositum.
821 2661 1015 2747 Jungendus
1048 2678 1097 2727 est
1127 2683 1201 2729 cum
1235 2661 1351 2727 ultimo

177 2773 305 2840 oriente
333 2773 533 2857 septentri0,
558 2788 596 2839 ut
619 2774 652 2839 in
677 2791 772 2840 omne
806 2774 920 2840 mundi
953 2777 1038 2839 latus
1071 2773 1217 2856 profecta
1247 2773 1351 2840 domi-

178 2885 268 2949 natio
293 2884 438 2966 undique
457 2883 670 2951 labefactetur
715 2885 853 2951 Ambire
870 2885 1062 2971 jamdudum
1082 2903 1173 2970 reges
1193 2886 1352 2968 populos-

178 3016 243 3077 que
261 2994 370 3060 Indiae
393 2995 506 3062 Batavi
526 2997 725 3062 debuerant:
750 3016 810 3078 en,
823 2998 912 3062 ultro
934 2995 1132 3062 ambiuntur.
1178 2995 1243 3060 Cui
1265 2995 1350 3061 enim

178 3126 244 3172 non
263 3105 501 3189 praefectorum
520 3108 582 3191 ipsi
606 3109 850 3192 supplicarunt,
875 3123 914 3173 ut
933 3107 1089 3174 subsidiis
1110 3108 1265 3174 adversus
1283 3107 1351 3172 Lu·

178 3219 302 3285 sitauos
320 3219 542 3301 juvarentur?
568 3220 662 3306 Quae
681 3221 767 3305 regis
789 3219 1025 3300 Ternatensis,
1050 3239 1132 3302 quae
1153 3219 1350 3303 reipublicae

178 3330 441 3395 Ambonensium
473 3351 608 3414 preces,
637 3352 719 3414 quae
740 3332 853 3398 literae
876 3353 893 3397 a
913 3352 989 3416 rege
1008 3332 1138 3416 Jorensi
1161 3330 1349 3397 venerunt?

179 3442 271 3525 Quin
296 3456 327 3506 et
349 3461 501 3524 proceres
524 3443 729 3509 Achinenses
752 3445 816 3510 visi
835 3437 872 3512 in
889 3443 1033 3528 Hagensi
1054 3443 1185 3526 palatio.
1210 3441 1256 3507 Et
1268 3461 1351 3523 quae

178 3553 212 3617 in
234 3553 391 3638 Augusto
417 3556 472 3620 vel
492 3555 667 3637 praecipua
689 3557 800 3622 habita
824 3571 873 3622 est
895 3576 969 3639 pars
992 3554 1158 3622 felicitatis
1177 3558 1212 3634 ²,
1238 3555 1278 3618 ab
1298 3554 1351 3620 In·

178 3663 296 3730 dorum
328 3665 445 3748 legatis
477 3667 634 3746 salutari,
668 3667 725 3749 qui
758 3668 902 3751 pretiosa
931 3686 1064 3733 munera
1085 3666 1248 3732 trahentes
1268 3664 1351 3730 nibil

178 3777 283 3860 magis
315 3797 412 3858 quam
443 3777 517 3843 viae
547 3777 823 3863 longinquitatem
854 3779 1076 3861 imputarent,
1107 3797 1180 3842 cum
1204 3796 1259 3842 eos
1280 3776 1351 3859 ipse

179 3887 326 3969 corporis
350 3890 440 3954 color
461 3889 501 3954 ab
525 3889 589 3956 alio
610 3889 723 3955 venire
744 3891 813 3955 sole
836 3889 1015 3969 fateretur,
1040 3888 1197 3971 quodque
1218 3888 1350 3953 Claudii

179 3997 317 4081 imperio
340 3999 582 4067 nobilissimum
601 4000 668 4067 fuit
683 4002 694 4038 ³
707 4049 718 4083 ,
732 3985 771 4067 ex
784 4000 980 4084 Taprobane
1000 4001 1193 4084 legationem
1205 3998 1350 4078 vidisse,

179 4109 214 4174 id
235 4111 300 4194 J'am
324 4111 455 4178 batavis
478 4112 558 4178 adeo
581 4113 738 4181 usitatum
763 4128 833 4196 est,
858 4127 895 4178 ut
918 4132 993 4178 cum
1011 4112 1157 4178 novitate
1175 4111 1352 4194 perdiderit

162 4221 438 4292 admirationem.
496 4223 543 4290 Hi
579 4239 686 4290 autem
721 4244 834 4291 omnes
866 4224 948 4307 quid
980 4222 1071 4289 aliud
1096 4236 1235 4304 petunt,
1269 4222 1351 4304 quid

215 4466 222 4497 ¹
242 4469 298 4517 Cic.
315 4482 362 4529 pro
379 4471 396 4517 l.
414 4471 484 4517 Man.
503 4469 539 4530 [c.
554 4483 579 4531 4.
596 4475 618 4531 5.
636 4472 672 4532 9.]
708 4469 719 4503 ²
737 4473 834 4521 Florus.
868 4471 879 4506 ³
898 4470 991 4520 Plinius
1011 4469 1055 4517 llb.
1074 4471 1098 4516 6.
1114 4483 1136 4516 c.
1153 4483 1194 4518 aa.

1158 4562 1217 4623 21*
