3362 5504
468 601 515 646 DE
537 600 631 666 JURE
657 598 839 646 PRAEDAE.
865 601 943 646 CAP.
969 600 1048 646 XIII.
1269 597 1333 664 295

158 779 175 822 a
195 773 287 841 parte
306 756 541 822 Lusitanorum
565 755 714 835 steterit,
739 755 824 820 bona
845 771 953 822 autem
968 756 1050 823 fides
1063 756 1196 822 omnino
1209 778 1226 824 a
1238 772 1329 839 parte

158 871 379 950 Batavorum,
401 868 429 933 si
448 869 593 936 eamdem
617 887 719 951 ponas
743 867 775 931 in
792 868 984 952 Lusitanis,
998 889 1082 951 quae
1101 889 1152 935 res
1165 868 1331 951 utrimque

155 970 272 1064 'captae
301 995 380 1046 sunt
409 1001 475 1046 non
507 982 605 1047 modo
636 979 766 1047 retineri
790 980 915 1065 integra
938 981 1141 1047 conscientia
1160 980 1330 1064 potuisse,

159 1093 217 1159 sed
240 1113 280 1158 ex
301 1094 374 1177 jure
398 1093 494 1160 etiam
517 1093 662 1178 gentium
679 1094 871 1160 secundario
884 1092 987 1160 factas
1000 1113 1111 1160 revera
1123 1092 1329 1177 capientium.
1343 1112 1380 1157 aa
1398 1115 1475 1159 arou.

159 1205 280 1288 Neque
300 1205 385 1270 enim
411 1205 533 1270 bellum
558 1207 621 1271 hoc
642 1205 738 1272 civile
758 1206 815 1272 scd
837 1221 1005 1272 externum
1029 1220 1101 1289 est,
1126 1225 1199 1270 cum
1223 1204 1331 1271 diver·
1344 1165 1411 1266 iiia
1425 1179 1474 1229 ‘ap‘

160 1338 212 1384 sae
245 1317 311 1383 sint
333 1317 535 1400 respublicae
558 1317 755 1384 Batavorum
780 1332 812 1382 et
834 1317 1085 1385 Lusitanorum.
1133 1318 1203 1382 Imo
1224 1316 1330 1400 ipsum
1345 1335 1464 1435 {22⁰th

162 1430 257 1496 etiam
281 1430 314 1493 in
336 1429 524 1513 Philippum
549 1431 670 1496 bellum
694 1428 846 1495 nonfuit
869 1429 992 1510 civile,
1017 1451 1057 1496 ex
1069 1450 1136 1512 quo
1154 1449 1227 1512 pars
1242 1430 1333 1496 nulla
1379 1421 1386 1436 ’

162 1541 363 1625 reipublicae
393 1540 608 1609 Hollandicae
639 1541 731 1607 stetit
761 1561 778 1608 a
808 1540 962 1625 Philippo
995 1556 1027 1607 et
1055 1543 1125 1625 ipse
1147 1540 1333 1624 principatu

161 1653 318 1720 cecidisse
336 1653 504 1738 iudicatus
526 1669 584 1720 est.
631 1653 765 1720 Cassius
787 1657 795 1690 ¹
818 1653 851 1718 in
872 1633 1018 1720 oratione
1030 1654 1071 1719 ad
1082 1653 1235 1720 Rhodios
1247 1653 1335 1737 apud

162 1764 351 1848 Appianum
369 1781 467 1851 negat
488 1765 619 1831 civilem
641 1785 710 1830 esse
737 1765 995 1848 dissensionem,
1020 1766 1078 1831 sed
1096 1767 1218 1831 bellum
1240 1785 1334 1848 aper·

162 1891 254 1960 tum,
278 1876 409 1959 quoties
429 1877 614 1961 respublica
638 1897 698 1960 pro
718 1877 867 1943 libertate
887 1892 998 1943 contra
1020 1877 1119 1943 unius
1139 1877 1334 1944 dominatio-

162 2010 236 2056 nem
261 2004 372 2054 certat.
407 1989 534 2055 Bellum
547 1990 773 2056 Romanorum
796 1990 952 2055 adversus
966 1989 1169 2071 Tarquinios
1181 1996 1192 2030 ²
1206 2010 1335 2056 eorum·

164 2123 228 2185 que
248 2101 358 2166 socios
380 2101 463 2167 nihil
484 2101 592 2167 minus
616 2100 683 2166 fuit
706 2120 803 2183 quam
827 2101 945 2167 civile:
969 2100 1110 2183 ideoque
1133 2116 1165 2167 et
1184 2102 1333 2184 praedam

164 2214 330 2296 utrimque
351 2227 473 2296 partam
495 2212 632 2297 legimus
657 2228 689 2279 et
710 2213 866 2296 spoliatos
889 2233 906 2278 a
927 2212 1085 2279 Romanis
1107 2212 1201 2278 etiam
1219 2213 1336 2280 Etrus·

165 2345 245 2408 coS,
270 2325 328 2408 qui
363 2325 396 2390 in
430 2324 580 2408 partibus
611 2339 701 2390 erant
736 2325 1018 2407 Tarquiniorum,
1054 2325 1142 2390 sicut
1179 2324 1336 2391 Lusitani

165 2438 198 2504 in
219 2437 369 2521 partibus
392 2437 547 2520 Philippi.
594 2437 717 2504 Noster
741 2437 836 2502 etiam
858 2436 1009 2502 Bartolus
1029 2435 1063 2519 ³,
1082 2457 1179 2519 quem
1193 2455 1337 2518 sequun-

167 2565 220 2615 tur
253 2548 329 2630 alii,
362 2567 435 2613 cum
465 2548 601 2616 dixisset
629 2551 728 2631 paulo
750 2564 824 2614 ante
848 2548 997 2615 civitates
1022 2549 1166 2615 Tusciae
1188 2549 1337 2616 subditas

168 2681 238 2727 esse
270 2660 484 2751 Imperatori,
515 2664 589 2745 iure
619 2661 776 2740 omnino,
809 2661 925 2743 partim
962 2661 1057 2726 etiam
1089 2659 1199 2742 fact0,
1231 2675 1336 2726 tamen

167 2772 280 2838 subdit
302 2772 336 2838 in
360 2773 463 2851 bello,
487 2773 514 2838 si
539 2772 629 2855 quod
650 2772 790 2838 oriretur
812 2771 896 2838 inter
914 2773 1144 2855 Imperatorem
1169 2786 1202 2837 et
1223 2772 1337 2837 civita-

166 2901 230 2952 tem
262 2904 345 2967 quae
370 2902 403 2948 se
426 2904 486 2966 pro
510 2883 609 2950 libera
633 2883 737 2968 gerit,
757 2883 976 2950 Florentinam
997 2897 1076 2965 puta
1096 2885 1149 2948 vel
1170 2883 1336 2963 Pisanam,

164 2998 238 3082 jure
260 2995 394 3079 publico
417 2995 553 3078 praedae
574 2997 683 3060 locum
704 2994 772 3061 fore
793 2993 815 3060 ⁴.
862 2995 1071 3078 Propositum
1093 3008 1199 3063 autem
1224 2995 1256 3060 in
1277 2997 1337 3060 hac
1364 3017 1410 3062 aa·
1425 3018 1495 3082 confr.

169 3130 202 3175 re
215 3123 272 3174 aut
284 3107 451 3185 societati,
475 3121 533 3172 aut
542 3106 613 3186 his,
627 3107 684 3188 qui
695 3107 767 3172 vice
779 3107 944 3173 societatis
956 3107 1096 3172 navibus
1106 3106 1336 3189 praefuerunt,
1350 3075 1414 3170 iiH'
1423 3081 1494 3117 ‘'m‘'

168 3217 260 3284 aliud
279 3215 381 3283 fuisse
401 3236 496 3283 nemo
520 3215 771 3300 imaginabitur,
797 3237 894 3299 quam
917 3232 955 3282 ut
977 3237 1106 3302 operam
1126 3218 1338 3301 obsequium·

169 3350 234 3413 que
257 3328 501 3394 commodarent
531 3327 736 3408 Ordinibus,
760 3348 834 3394 cum
865 3329 1016 3411 publicae
1050 3331 1169 3397 ultioni
1192 3346 1261 3397 tum
1286 3351 1339 3397 so·

169 3440 299 3508 cietatis
334 3439 438 3523 ipsius
465 3440 531 3523 juri
564 3440 735 3506 consulere
764 3440 968 3512 volentibus.
1016 3441 1068 3506 Ex
1102 3442 1153 3507 his
1186 3443 1339 3509 omnibus

169 3567 303 3636 apparet
325 3552 446 3617 bellum
478 3551 661 3634 (quatenus
689 3551 743 3616 hic
765 3552 962 3666 consid5rari
983 3556 1110 3638 potest)
1131 3553 1338 3621 subditorum
1352 3570 1389 3668 ᾗ
1414 3571 1484 3616 conci.

169 3665 294 3730 ratione
315 3665 441 3748 justum
462 3681 532 3729 esse
552 3677 584 3728 et
604 3663 753 3746 praedam
772 3665 860 3748 juste
880 3679 1015 3747 partam.
1050 3666 1200 3752 Quorum
1214 3679 1340 3729 utrum·
1386 3656 1392 3668 '

172 3797 237 3858 que
269 3775 415 3841 fatentur
445 3774 556 3840 literae
583 3773 737 3857 praefecti
765 3775 980 3841 Malaccensis
1000 3776 1252 3858 'Albuquercii,
1277 3777 1397 3887 viriffi
1414 3789 1484 3834 concl-

171 3886 436 3971 prudentissimi,
460 3887 502 3952 ad
513 3886 786 3953 Hemskerckium
800 3887 957 3971 scriptae:
983 3889 1117 3952 Nactus
1135 3909 1189 3968 es,
1206 3892 1340 3975 inquit,
1354 3873 1432 3964 nai..
1446 3919 1498 3976 a„

172 4020 288 4066 nauem
309 3999 508 4085 opulentam.
554 3998 706 4079 Fruere,
730 3998 995 4085 quandoquidem
1005 4001 1099 4085 justo
1123 3973 1499 4082 bellonactusll·1i.'s,ff''”

1386 1747 1396 1778 Ι

208 4285 216 4317 ¹
234 4287 251 4333 l.
268 4299 292 4346 4.
310 4285 389 4333 civil.
409 4282 445 4348 [c.
461 4284 502 4346 69.
521 4286 574 4332 vol.
595 4298 618 4331 2.
637 4298 662 4345 p.
681 4284 738 4347 619.
756 4286 909 4348 Schweigh.]
945 4283 1073 4346 ²Livius,
1089 4286 1105 4332 l.
1124 4299 1146 4332 a.
1164 4284 1265 4344 passim.
1284 4283 1294 4317 ³
1311 4286 1343 4332 ad

172 4379 190 4424 l.
215 4379 309 4426 hostes.
334 4378 366 4425 de
394 4386 461 4435 capt.
484 4389 510 4422 n.
535 4387 557 4432 3.
584 4386 609 4423 et
630 4390 654 4437 4.
681 4376 725 4437 [D.
749 4391 790 4438 49.
811 4390 849 4432 15·
869 4375 919 4440 24.]
940 4379 999 4424 Pan.
1018 4377 1044 4424 in
1063 4390 1085 4424 c.
1103 4376 1175 4425 sicut.
1192 4377 1224 4423 de
1238 4373 1343 4432 jureiut.

174 4467 290 4531 [Decret.
306 4481 329 4516 a.
348 4481 388 4529 24.
404 4466 457 4531 29.]
493 4465 505 4497 ⁴
521 4468 588 4514 Bart.
607 4465 685 4514 ibin.
703 4468 741 4515 16.
