3362 5504
324 563 386 628 286
615 580 661 626 os
686 579 780 644 Juaa
806 577 990 626 ranuuna.
1015 578 1094 624 cae.
1119 577 1200 624 xrrr.

320 734 441 820 scripto
474 732 630 816 factoque
663 732 797 800 defensa
829 746 878 800 est
898 738 930 812 ¹,
963 731 1021 814 qui
1053 730 1118 800 nisi
1149 730 1182 798 in
1212 731 1285 815 jure
1317 731 1496 797 admodum

320 844 490 912 manifesto
523 864 589 912 non
622 843 715 911 facile
738 843 889 910 credendi
913 858 990 910 sunt
1014 843 1084 927 ejus
1108 841 1247 925 exempli
1270 843 1393 910 bellum
1417 862 1498 925 pro·

321 957 442 1024 moturi
464 955 589 1038 foisse,
616 977 691 1024 cum
715 956 759 1022 sit
782 955 907 1037 alioqui
931 968 1005 1020 ante
1028 954 1137 1020 omnia

572 1067 660 1154 Regi
682 1066 806 1132 tuenda
829 1070 975 1131 maxime
998 1069 1086 1152 regis
1110 1065 1201 1130 salus
1221 1067 1246 1130 ¹.

363 1177 529 1246 Nonnihil
548 1178 615 1244 huc
638 1177 779 1260 pertinet
791 1177 888 1244 tacita
901 1177 1006 1246 hostis
1020 1176 1123 1260 ipsius
1136 1174 1322 1257 consessio,
1347 1176 1497 1259 quicum

320 1289 484 1373 principio
503 1304 653 1356 motuum
674 1289 707 1354 in
729 1288 878 1371 captivos
896 1288 1032 1372 jndiciis
1052 1288 1229 1372 majestatis
1250 1303 1282 1354 et
1301 1287 1498 1372 capitalibus

320 1401 492 1485 suppliciis
514 1400 679 1482 saeviret,
703 1400 760 1467 ubi
784 1400 909 1466 firmata
929 1414 979 1466 est
997 1400 1096 1466 certis
1115 1401 1241 1466 viribus
1261 1399 1446 1483 respublica
1465 1414 1499 1466 et

321 1511 469 1578 ordinata
497 1512 576 1578 belli
605 1513 708 1577 moles
735 1511 889 1592 obstitit,
913 1511 1119 1595 captivorum
1141 1511 1401 1592 redemtionem,
1422 1512 1499 1595 jura

320 1623 456 1706 praedae
481 1637 515 1690 et
536 1623 599 1690 alia
611 1623 689 1690 belli
702 1623 895 1690 commercia
908 1622 1060 1703 induxit,
1085 1642 1168 1704 quae
1178 1622 1309 1690 nonnisi
1319 1643 1392 1689 cum
1403 1624 1497 1708 justo

162 1755 308 1822 aarum.
321 1735 416 1802 hoste
441 1748 666 1818 usurpantur,
690 1735 754 1801 hoc
781 1749 852 1814 est,
876 1749 914 1800 ut
939 1753 1000 1800 nos
1025 1733 1104 1800 alibi
1131 1733 1334 1818 interpretati
1358 1752 1497 1813 sumus,

162 1809 307 1869 ‘'mfim'
321 1865 394 1912 cum
419 1866 458 1912 eo
479 1845 537 1929 qui
557 1845 759 1928 probabilem
778 1848 891 1914 saltem
915 1846 1014 1912 habet
1032 1865 1091 1928 pro
1113 1865 1149 1912 se
1158 1844 1407 1931 magistratuum
1420 1864 1499 1911 aue·

320 1956 496 2025 toritatem.
519 1958 565 2026 Et
585 1972 693 2023 recte:
717 1956 745 2022 si
765 1976 827 2024 nos
848 1976 915 2022 non
934 1955 1057 2040 decipit
1069 1977 1128 2038 ea,
1153 1976 1236 2040 quae
1247 1957 1335 2038 apud
1345 1955 1497 2024 Tullium
1574 1951 1577 1955 ’
1670 1931 1671 1982 ³

322 2083 371 2134 est
391 2069 497 2138 hostis
517 2068 654 2154 legitimi
676 2067 897 2151 descriptio⁸‚
923 2083 960 2135 ut
970 2067 997 2132 is
1008 2067 1121 2150 sitqui
1133 2068 1232 2134 habet
1243 2067 1496 2151 rempublicam,

322 2180 479 2246 aerarium
491 2230 499 2259 ,
523 2199 719 2248 consensum
732 2194 764 2246 et
774 2179 981 2245 concordiam
992 2179 1112 2245 civium
1126 2194 1158 2245 et
1168 2178 1325 2246 rationem
1336 2179 1497 2261 aliquam,

323 2403 428 2486 possit
459 2403 622 2487 impellere
654 2418 693 2468 ut
722 2403 762 2470 de
791 2404 878 2468 bello
908 2402 1072 2469 Ordinum
1094 2403 1128 2468 in
1148 2403 1340 2486 Philippum
1365 2402 1498 2470 sinistre

320 2514 493 2598 judicent,
522 2517 693 2596 multoque
723 2516 832 2586 miuus
854 2515 1001 2582 debello
1023 2513 1057 2580 in
1077 2514 1280 2596 Lusitanos,
1306 2514 1497 2597 praesertim

324 2624 401 2708 quia
428 2625 605 2692 certissima
641 2641 775 2692 naturae
811 2626 971 2709 principia
1001 2626 1166 2694 communi
1200 2625 1320 2692 rationi
1349 2626 1498 2706 dictant,

324 2756 430 2819 neque
458 2737 641 2804 libertatem
672 2737 941 2804 commerciorum
973 2729 1233 2820 impediendam,
1268 2757 1376 2818 neque
1400 2735 1497 2802 fidem

323 2848 531 2929 violandam,
556 2869 697 2931 quorum
723 2863 899 2931 utrumque
912 2870 930 2914 a
942 2847 1109 2916 Lusitanis
1127 2847 1198 2914 fieri
1219 2848 1370 2931 quotidie
1383 2868 1496 2914 omnes

180 2981 220 3026 aa
240 2982 310 3047 anu.
325 2960 473 3026 audiunt.
498 2961 636 3028 Probata
656 2960 758 3045 igitur
780 2961 864 3026 bona
877 2960 942 3028 fide
955 2960 1077 3028 civium
1090 2975 1216 3028 caetera
1228 2960 1336 3026 omnia
1349 2961 1500 3043 expedita

166 3035 212 3134 ivs·
240 3045 310 3082 ‘'m“
326 3088 415 3139 sunt.
459 3072 591 3157 Justom
619 3073 703 3139 enim
731 3072 873 3140 subditis
893 3072 1061 3140 bonafide
1080 3071 1236 3155 praeditis
1255 3071 1377 3138 bellum
1398 3086 1448 3137 est
1466 3071 1499 3138 in

325 3204 405 3264 eos,
439 3204 524 3267 quos
556 3184 764 3269 magistratus
797 3191 856 3267 pro
880 3185 1032 3250 hostibus
1057 3185 1188 3251 habent.
1236 3183 1369 3252 Habent
1392 3199 1499 3250 autem

327 3295 468 3362 Ordines
500 3295 683 3362 Lusitanos
711 3315 771 3379 pro
800 3296 954 3362 hostibus
981 3311 1013 3362 et
1031 3315 1143 3364 omnes
1165 3310 1197 3361 et
1217 3295 1382 3379 singulos:
1408 3295 1502 3378 quod

187 3438 270 3502 ¹supr,
288 3436 313 3482 a,
326 3422 459 3492 apparet
486 3427 526 3472 ex
557 3410 659 3476 classe
687 3409 766 3489 illa,
799 3428 897 3491 quam
925 3408 987 3474 sub
1019 3408 1117 3474 Petro
1152 3407 1267 3473 Dousa
1291 3407 1324 3474 in
1348 3406 1500 3474 Thomae

166 3489 311 3591 iiiiis'sriL
327 3520 464 3588 insulam
478 3533 510 3584 et
523 3518 689 3586 Brasiliam
703 3519 884 3602 miserunt,
909 3519 1127 3602 plurimisque
1137 3518 1276 3586 navibus
1289 3537 1325 3584 ac
1336 3519 1503 3584 mercibus

327 3652 408 3714 quas
428 3631 590 3698 Ordinum
613 3632 747 3699 bellicae
766 3652 866 3700 naves
886 3631 1077 3698 hominibus
1099 3630 1269 3697 Lusitanis
1281 3631 1501 3698 abstulerunt.

326 3744 371 3808 Et
393 3742 518 3825 alioqui
539 3764 597 3826 per
617 3763 652 3810 se
674 3762 808 3824 quoque
822 3742 1030 3810 manifestum
1044 3757 1115 3822 est,
1139 3741 1252 3807 hostes
1265 3762 1334 3807 esse
1346 3741 1502 3809 subditos

327 3855 459 3936 quoties
490 3854 648 3936 Princeps
677 3853 782 3920 hostis
811 3870 869 3922 est.
915 3855 1006 3942 Quin
1030 3868 1062 3920 et
1085 3874 1124 3919 ex
1146 3869 1237 3938 parte
1261 3853 1501 3920 Lusitanorum

328 3981 365 4031 ut
388 3965 471 4032 bona
494 3965 575 4030 lides
597 3965 789 4050 contingat,
814 3966 891 4033 dom
916 3965 999 4031 forte
1022 3966 1223 4049 probabilem
1237 3966 1503 4048 habentopinio-

326 4097 418 4156 nem,
437 4079 542 4162 justas
566 4094 635 4141 esse
654 4076 798 4160 Principi
818 4098 878 4144 suo
899 4077 1053 4161 Philippo
1075 4097 1189 4144 causas
1210 4078 1286 4143 belli
1300 4078 1501 4156 inBatavos,

363 4337 420 4384 ¹V.
444 4335 647 4386 Declarationem
671 4336 771 4397 reginae
797 4337 922 4398 angliae,
949 4340 980 4386 de
1008 4339 1090 4387 causis
1115 4352 1248 4400 susceptae
1267 4339 1426 4394 defensionis
1444 4341 1502 4388 Bel-

326 4442 419 4491 garum.
436 4467 438 4474 .
455 4425 465 4460 ²
483 4429 575 4476 Seneca
594 4427 704 4488 Oedipo.
725 4427 776 4492 [vs.
797 4429 867 4490 a4r.]
904 4428 915 4461 ³
932 4430 1044 4490 Philipp.
1062 4445 1086 4492 4.
1107 4431 1142 4491 [c.
1161 4432 1185 4478 ό.
1203 4432 1224 4494 5.
1245 4431 1297 4494 14.]
