3362 5504
183 3343 302 3404 Epilogus.

309 624 372 687 340
614 622 660 668 nn
684 623 777 689 June
804 622 1177 672 mantuanorum.
1206 603 1209 608 ’

309 776 449 842 decimas
474 796 513 842 cx
543 776 659 858 spoliis
681 775 833 842 Pontifici
858 777 973 859 dedit,
996 797 1062 844 non
1087 793 1193 844 tamen
1214 775 1324 843 socios
1347 792 1404 842 aut
1427 777 1484 842 ad-

309 887 474 955 ministros
494 887 564 954 suis
583 888 731 970 partibus
751 886 936 968 fraudavit,
955 904 987 954 et
1008 889 1041 953 in
1054 889 1160 954 Mosis
1182 888 1342 956 historia¹
1362 888 1483 953 diserte

309 998 466 1082 scriptum
494 1013 567 1079 est,
602 998 662 1066 etsi
691 997 866 1065 liberaliter
887 999 992 1066 factae
1016 1014 1106 1065 erant
1129 998 1333 1079 oblationes,
1355 1012 1483 1063 tantum

310 1124 417 1175 tamen
440 1106 544 1176 fuisse
572 1109 731 1192 praedae,
756 1124 794 1174 ut
825 1130 864 1174 ex
894 1130 929 1176 ea
960 1111 1099 1176 multum
1129 1110 1193 1176 sibi
1217 1108 1359 1192 quisque
1382 1129 1485 1174 reser-

310 1235 411 1286 varet.
435 1219 561 1285 Verum
584 1219 679 1286 etiam
700 1235 800 1302 atque
819 1221 915 1287 etiam
938 1221 1259 1288 animadvertendum
1281 1220 1402 1300 estis,
1425 1220 1483 1302 qui

311 1331 449 1414 praedae
480 1346 603 1414 partem
627 1330 701 1396 Deo
725 1331 897 1413 attribuit,
921 1332 1017 1398 detue
1038 1347 1075 1397 ut
1095 1352 1186 1397 suam
1211 1352 1251 1398 an
1280 1346 1317 1396 ut
1337 1331 1484 1397 alienam.

313 1441 349 1508 Si
370 1441 503 1524 quidem
521 1456 559 1507 ut
578 1459 692 1521 suam,
714 1456 823 1522 recte,
843 1463 903 1508 nec
922 1445 989 1508 ulla
1009 1443 1106 1510 nobis
1126 1463 1201 1509 cum
1224 1463 1262 1508 eo
1284 1441 1483 1508 concertatio

313 1568 384 1634 est,
409 1572 483 1619 cum
506 1552 597 1634 quod
621 1553 763 1636 quisque
784 1553 962 1636 acquisivit
983 1553 1123 1620 alienare
1147 1552 1242 1619 etiam
1265 1551 1381 1635 possit.
1425 1551 1484 1615 Sin

313 1679 351 1730 ut
371 1664 536 1744 alienum,
559 1678 673 1730 caveat
694 1683 733 1728 ne
754 1665 884 1746 Deum,
909 1685 1007 1747 quern
1030 1665 1158 1747 placare
1182 1664 1315 1743 studet,
1340 1663 1486 1728 offendat

313 1795 350 1840 ea
379 1774 529 1855 ratione,
553 1774 631 1840 dum
656 1775 685 1840 ei
707 1775 879 1855 obtrudit,
903 1774 995 1857 quod
1017 1774 1087 1858 ipse
1108 1793 1189 1857 pura
1212 1774 1413 1840 conscientia
1435 1795 1486 1839 re-

312 1884 414 1952 tinere
433 1905 467 1950 se
488 1901 554 1950 non
573 1901 669 1967 posse
689 1885 873 1951 arbitratur.
920 1885 1006 1950 Nam
1028 1885 1086 1966 qui
1107 1885 1249 1967 pretium
1265 1884 1484 1951 meretricium

313 1995 413 2062 dicari
440 1995 503 2061 sibi
535 1994 690 2075 noluit²,
722 1995 801 2062 satis
833 1995 978 2062 ostendit
1007 1998 1131 2062 nullam
1161 1996 1224 2062 sibi
1248 1999 1397 2079 placere,
1420 1995 1485 2062 nisi

313 2125 353 2172 ex
385 2121 470 2172 recte
503 2106 660 2189 quaesitis
691 2105 930 2172 liberalitatem.
977 2107 1055 2193 Quo
1089 2122 1121 2172 et
1150 2107 1333 2191 Augustini
1359 2115 1370 2150 ³
1402 2107 1486 2172 illud

312 2217 478 2300 pertinet,
509 2215 595 2282 furta
626 2216 776 2283 facienda
806 2235 873 2282 non
897 2235 991 2298 esse,
1017 2217 1112 2284 etiam
1136 2220 1306 2284 voluntate
1331 2218 1485 2301 pascendi

312 2347 471 2411 pauperes
491 2343 632 2395 sanctos.
677 2329 725 2393 At
748 2327 806 2410 qui
821 2328 876 2412 jus
901 2348 998 2394 suum
1023 2343 1080 2394 aut
1107 2328 1278 2408 societati,
1306 2343 1362 2394 aut
1392 2328 1486 2394 alteri

313 2438 420 2505 cuivis
454 2439 698 2520 transcribunt,
717 2439 802 2518 ‚sive
826 2437 915 2504 aliud
946 2438 1114 2520 quidpiam
1144 2439 1309 2522 recipiunt
1337 2440 1408 2523 ejus
1439 2439 1486 2504 rei

314 2553 410 2629 loco,
435 2549 588 2616 credendi
609 2563 687 2616 sunt
709 2549 920 2631 vendidisse,
945 2549 1015 2616 sive
1039 2549 1122 2616 nihil
1144 2552 1402 2633 voluntpraeter
1415 2570 1487 2634 gra·

314 2660 415 2741 tiam,
439 2676 545 2728 tamen
568 2681 685 2746 negare
708 2680 775 2728 non
798 2675 938 2744 possunt
957 2681 1017 2743 pro
1038 2681 1100 2726 suo
1124 2661 1301 2743 habuisse,
1325 2662 1416 2743 quod
1439 2659 1487 2725 ia-

315 2772 408 2838 ciunt
440 2771 592 2838 alienum.
647 2772 757 2839 Nemo
788 2772 872 2838 enim
905 2787 1015 2855 potest
1038 2773 1130 2854 quod
1152 2793 1218 2838 non
1241 2772 1341 2838 habet
1367 2773 1442 2838 dare
1463 2777 1487 2838 ⁴.

316 2883 394 2950 Sive
406 2882 507 2969 igitur
525 2883 758 2950 conscientiam
782 2897 987 2966 spectamus,
1010 2882 1081 2949 sive
1094 2899 1248 2949 eventum
1267 2883 1333 2949 fori
1356 2884 1487 2965 civilis,

316 2995 429 3060 eodem
463 3009 540 3060 sunt
571 2997 647 3060 loco
677 3011 745 3076 quo
778 2993 895 3060 caeteri
928 2994 986 3076 qui
1007 3009 1233 3078 perceperunt.
1280 2994 1365 3060 Nam
1389 2995 1486 3059 nebi

316 3105 449 3187 quidem
473 3126 524 3170 res
545 3105 656 3188 ipsas,
685 3105 744 3172 sed
775 3105 915 3188 pretium
947 3106 1133 3189 accipiunt,
1159 3121 1192 3172 et
1211 3107 1274 3172 hoc
1295 3107 1390 3172 etiam
1414 3105 1488 3170 aliis

315 3218 479 3283 mercibus
502 3216 651 3299 quotidie
675 3231 870 3299 permutant.

359 3328 479 3394 Multis
504 3328 604 3413 igitur
626 3327 732 3396 modis
755 3343 812 3394 aut
834 3327 952 3394 fallunt
973 3343 1030 3396 aut
1051 3327 1232 3409 falluntur,
1257 3329 1316 3411 qui
1336 3348 1405 3393 esse
1428 3327 1487 3392 ali-

317 3438 400 3520 quid
420 3438 571 3524 fingunt,
595 3439 892 3521 quominustutum
913 3439 956 3504 sit
975 3439 1124 3522 praedam
1145 3459 1185 3503 ex
1207 3440 1303 3505 hoste
1325 3439 1488 3504 Lusitano

317 3565 349 3616 et
385 3569 499 3632 capere
533 3564 566 3616 et
595 3549 753 3616 detinere.
806 3550 972 3637 Quocirca
1004 3565 1199 3617 mercatores
1232 3550 1489 3632 societatemque

317 3662 462 3728 Indicam
489 3661 666 3744 adhortor,
690 3683 731 3728 ne
754 3683 788 3728 se
808 3663 885 3728 ullis
909 3661 1113 3742 rationibus,
1148 3681 1233 3743 quae
1255 3659 1405 3744 profecto
1428 3661 1491 3726 fal-

318 3791 371 3838 sae
392 3792 506 3840 omnes
527 3788 626 3856 atque
648 3774 761 3840 inanes
778 3788 873 3854 sunt,
887 3772 1046 3838 dimoveri
1069 3773 1109 3837 ab
1131 3771 1283 3838 instituto
1304 3772 1491 3855 patiantur,

319 3883 410 3966 quod
430 3903 495 3950 non
519 3884 618 3950 modo
636 3899 767 3967 recepto
780 3905 869 3951 more
887 3884 974 3966 apud
995 3885 1165 3948 hominum
1190 3883 1491 3963 existimationem,

318 3995 376 4061 sed
398 4009 429 4059 et
453 3993 567 4060 divino
577 3995 650 4078 Jure
663 3996 750 4078 apud
762 3995 993 4060 conscientiam
1008 3994 1268 4060 commendatum
1293 4009 1360 4076 est,
1384 3995 1494 4076 quod-

317 4173 509 4185 Μηκω-

352 4276 455 4325 ¹Num.
482 4291 505 4324 c.
532 4289 573 4334 31.
598 4291 637 4326 vs.
662 4281 759 4339 penult.
794 4275 897 4326 2Deut.
915 4290 938 4326 c.
957 4290 997 4335 aa.
1016 4289 1055 4325 vs.
1080 4279 1117 4324 18.
1151 4273 1211 4326 8ad
1227 4278 1317 4326 Claud.
1336 4289 1425 4324 contra
1441 4280 1493 4340 Jul.

317 4367 401 4422 libs.
418 4380 441 4415 c.
462 4371 485 4416 u.
519 4367 530 4398 ⁴
548 4371 641 4418 seneca
659 4371 689 4418 de
706 4370 791 4417 benef.
813 4371 830 4416 l.
849 4381 872 4424 5.
889 4383 911 4417 c.
933 4383 971 4417 ra.
993 4371 1010 4416 l.
1028 4381 1102 4416 nemo
1122 4370 1188 4427 plus.
1205 4367 1231 4414 ff.
1249 4369 1280 4415 de
1297 4369 1330 4416 R.
1349 4370 1368 4415 1.
1388 4368 1433 4429 [D.
1451 4382 1492 4423 50·

322 4469 359 4514 17·
379 4457 430 4520 ss]
