3310 5482
373 585 415 650 54
686 585 733 632 on
757 587 850 651 June
876 586 1238 635 pernoscerem.

373 759 481 812 tentos
515 761 594 808 esse.
650 741 723 806 Nec
756 739 827 806 aliis
850 761 886 806 ea
904 741 1180 826 sententiasquam
1204 741 1336 809 rusticis
1360 759 1392 810 et
1409 745 1549 828 hospiti·

372 856 434 921 bus
454 853 581 938 parcit,
605 853 637 918 in
671 871 756 934 quos
788 851 925 918 nimium
957 852 1086 918 crebrae
1113 865 1191 919 sunt
1212 853 1353 920 militum
1385 855 1548 941 inJuriae,

372 981 412 1034 ut
434 985 545 1033 omnes
577 965 619 1031 ad
648 983 722 1030 eum
752 965 862 1029 locum
883 963 1074 1046 interpretes
1087 968 1097 1006 ¹
1112 964 1333 1032 consentiunt.
1378 965 1441 1033 Est
1462 968 1548 1034 enim

372 1079 436 1144 hoc
456 1077 667 1161 periniquum
690 1073 824 1159 spoliari
845 1093 988 1159 paganos
1012 1073 1240 1159 immerentes,
1264 1077 1323 1158 qui
1345 1077 1387 1143 ad
1408 1078 1461 1144 sui
1491 1080 1549 1145 de·

372 1188 553 1256 sensionem
589 1202 621 1253 et
646 1185 916 1253 sustentationem
938 1184 1079 1252 militum
1100 1205 1200 1252 onera
1222 1188 1402 1270 publicitus
1424 1189 1549 1256 indicta

372 1300 565 1367 sustineant.
610 1299 676 1364 Sed
706 1296 789 1362 nihil
818 1297 883 1362 hoc
916 1295 957 1362 ad
988 1316 1040 1364 res
1070 1296 1216 1363 bostium
1245 1299 1406 1381 pertinet,
1441 1321 1548 1385 neque

372 1413 466 1478 aliam
498 1409 690 1478 sententiam
722 1408 842 1489 habet,
878 1427 975 1490 quam
1009 1406 1100 1491 quod
1122 1423 1196 1474 ante
1218 1409 1400 1492 publicanis
1423 1412 1547 1478 dictum

373 1538 464 1606 erat,
487 1541 528 1590 ne
551 1522 633 1606 quid
655 1519 793 1604 amplius
814 1520 982 1604 exigerent
1001 1538 1098 1603 quam
1117 1520 1192 1605 jure
1214 1522 1430 1590 constitutum
1452 1540 1547 1591 esset.

369 1634 464 1720 Juste
483 1633 609 1718 igitur,
641 1630 670 1698 si
701 1632 895 1716 imperantes
927 1630 973 1696 ita
1005 1631 1230 1716 decreverint,
1252 1634 1370 1716 praeda
1393 1655 1433 1701 ex
1453 1637 1548 1701 hoste

373 1745 414 1811 ad
436 1744 571 1810 militem
593 1742 764 1827 perveniet
785 1743 980 1826 diceturque
1002 1756 1036 1807 et
1056 1743 1135 1808 haec
1153 1763 1227 1826 pars
1247 1765 1317 1812 esse
1328 1745 1460 1828 salarii,
1483 1748 1546 1812 hoc

371 1870 421 1921 est
440 1855 683 1940 praemiorum,
707 1873 791 1936 quae
810 1853 930 1921 milites
945 1856 1035 1939 juste
1057 1856 1214 1938 consequi
1229 1856 1353 1924 Paulus
1372 1852 1547 1926 'testatur

372 1967 452 2033 Non
475 1966 566 2032 aliud
587 1985 664 2050 ergo
684 1965 850 2050 Jobannes
874 1965 925 2031 his
949 1964 1008 2047 qui
1034 1964 1068 2029 in
1086 1963 1210 2050 Judaea
1234 1965 1416 2035 militabant
1448 1989 1545 2052 quam

373 2077 570 2143 exercitibus
592 2077 662 2143 suis
682 2077 880 2143 Aurelianus
899 2073 912 2110 ⁸
931 2073 1054 2141 edixit:
1087 2074 1233 2142 Annona
1260 2098 1322 2143 sua
1349 2082 1487 2166 quisquc
1509 2094 1547 2145 ut

258 2190 263 2196 ’
371 2202 542 2255 contentus
565 2202 668 2254 asset:
691 2187 731 2254 da
745 2185 879 2274 pracda
902 2188 1029 2269 hostis,
1053 2208 1117 2252 non
1139 2187 1178 2254 de
1200 2186 1359 2272 lacrymis
1375 2194 1548 2276 provinci-

214 2326 280 2371 om
294 2325 329 2371 n.
372 2298 478 2365 ulium
501 2303 638 2369 viveret.
686 2298 786 2366 Omni
807 2311 915 2364 autem
937 2298 1011 2383 jure
1028 2298 1180 2382 praedam
1202 2318 1271 2366 esse
1291 2300 1412 2384 J’ustam
1435 2302 1546 2368 eadem

213 2389 263 2425 art.
278 2380 353 2426 artic.

213 2434 256 2478 ιν.
373 2411 548 2477 auctoritas
583 2410 730 2493 evincit,
763 2427 846 2493 quae
880 2409 920 2475 de
951 2410 1038 2475 bello
1071 2408 1157 2475 idem
1191 2410 1355 2493 probavit.
1410 2410 1547 2479 Restant

212 2487 557 2607 miii-sanctorum
591 2522 737 2589 virorum
761 2523 929 2604 exempla:
960 2539 1100 2603 quorum
1131 2519 1282 2604 princeps
1312 2520 1409 2588 facile
1440 2524 1546 2590 Abra-

214 2596 300 2656 ‘mp'u'
373 2635 489 2699 hamus
512 2640 523 2678 ⁵
547 2636 649 2701 multa
682 2633 777 2700 nobis
809 2646 997 2720 argumenta
1027 2631 1229 2716 suppeditat.
1284 2632 1429 2710 Primum
1459 2635 1545 2701 enim

373 2764 448 2810 cum
481 2765 533 2813 res
560 2744 713 2813 hostibus
747 2763 911 2829 possessas
941 2742 977 2810 vi
1011 2741 1121 2820 aufert
1142 2745 1178 2826 ⁸,
1212 2743 1290 2810 satis
1313 2744 1457 2812 ostendit
1478 2765 1546 2812 non

373 2858 490 2924 debere
514 2872 552 2923 ut
573 2857 713 2924 alienum
737 2855 878 2940 relinqui
900 2855 955 2938 id,
979 2855 1070 2938 quod
1086 2856 1200 2923 hostes
1211 2855 1379 2938 detinent,
1404 2856 1547 2939 ideoque

372 2969 436 3035 hoc
458 2968 578 3036 factum
599 2984 686 3036 recte
710 2969 921 3036 imitabimur.
966 2966 1127 3052 Agnoscit
1160 2966 1278 3033 deinde
1299 2968 1450 3051 praedam
1470 2988 1546 3034 cum

373 3082 445 3165 ejus
476 3097 599 3165 partem
633 3081 791 3147 decimam
826 3080 880 3146 dat
911 3077 1097 3170 sacerdoti,
1121 3077 1216 3144 utin
1240 3077 1391 3161 Epistola
1413 3080 1454 3144 ad
1477 3080 1546 3145 He·

373 3192 639 3260 braeos⁸diserte
659 3191 851 3274 explicatur.
875 3189 963 3256 Illud
982 3205 1090 3255 autem
1111 3189 1219 3272 ipsum
1243 3188 1283 3254 de
1304 3190 1440 3273 praedae
1457 3191 1546 3258 deci·

371 3322 423 3367 ma
445 3303 533 3385 apud
554 3302 631 3368 alias
653 3301 748 3367 etiam
770 3315 880 3386 gentes
901 3300 1068 3367 invenitur
1090 3303 1114 3366 ².
1136 3299 1191 3364 Ad
1211 3300 1363 3366 ultimum
1383 3304 1439 3386 jus
1454 3323 1546 3386 prae·

372 3414 431 3480 dae
465 3413 609 3496 apertius
642 3413 778 3495 probare
809 3431 875 3478 non
907 3411 1042 3494 potuit,
1066 3411 1172 3494 'quam
1195 3430 1271 3476 cum
1295 3412 1453 3494 quaedam
1476 3414 1546 3497 ejus

372 3524 591 3592 consumenda
611 3523 769 3590 ministris
795 3522 865 3590 suis
888 3522 1001 3604 dedit,
1026 3521 1275 3600 auxiliatoribus
1297 3543 1376 3589 vero
1398 3537 1507 3607 partes
1529 3544 1546 3588 e

371 3636 534 3703 manubiis
568 3634 723 3719 assignari
755 3634 865 3701 voluit
887 3631 910 3700 ⁸.
933 3633 1055 3717 Neque
1085 3633 1170 3698 enim
1196 3649 1263 3699 erat
1284 3633 1312 3700 is
1337 3634 1547 3701 Abrabamus

373 3746 431 3828 qui
454 3748 544 3813 daret
572 3747 752 3831 quidquam
776 3745 866 3829 quod
888 3746 1024 3812 honeste
1045 3744 1148 3828 accipi
1172 3765 1238 3809 non
1260 3759 1382 3828 posset.
1428 3746 1547 3811 Caete-

372 3878 444 3924 rum
465 3857 556 3940 quod
579 3879 596 3924 e
619 3857 733 3941 spoliis
754 3857 919 3938 reliquum
943 3871 1011 3922 erat
1036 3874 1102 3920 non
1122 3855 1217 3938 quasi
1239 3856 1348 3922 minus
1368 3858 1441 3941 jure
1472 3878 1546 3939 par-

371 3985 441 4034 tum
464 3969 653 4051 recusavit,
678 3970 740 4034 hoc
758 3969 865 4051 ipsum
887 3967 971 4032 enim
993 3981 1101 4049 aperte
1124 3965 1243 4032 fuisset
1268 3966 1456 4050 professus:
1489 3989 1546 4036 ne·
1640 3955 1641 3976 ¹

406 4226 464 4275 ¹V.
483 4225 563 4284 Cajct.
590 4227 616 4274 in
642 4240 730 4276 summ.
754 4240 829 4288 pecc.
854 4227 919 4275 Belli
947 4228 1042 4276 damna.
1067 4227 1139 4275 Ferd.
1154 4225 1228 4274 Diac.
1244 4227 1276 4274 ad
1292 4228 1357 4274 Duc.
1375 4227 1439 4287 Reg.
1456 4240 1509 4288 reg.
1522 4242 1545 4276 a.

372 4319 541 4368 innocentiae.
575 4314 665 4366 ’Con
686 4332 707 4366 1.
724 4332 748 4380 9.
767 4332 790 4376 7.
824 4317 958 4378 ³Vopisc.
976 4320 1062 4366 Aurel.
1082 4318 1117 4379 [c.
1134 4315 1170 4378 7.]
1206 4317 1348 4366 ⁴Historia
1363 4329 1401 4366 est
1420 4319 1484 4366 Gen.
1505 4332 1544 4379 14.

371 4409 464 4459 llbid.
485 4422 522 4467 15.
541 4421 565 4458 et
586 4411 623 4458 16.
657 4408 805 4459 ⁰Ibidao.
830 4421 854 4458 ct
880 4409 957 4458 Hebr.
984 4421 1007 4465 7.
1033 4423 1057 4468 4.
1092 4406 1175 4456 tttv.
1194 4409 1210 4456 l.
1239 4420 1261 4462 s.
1291 4407 1326 4472 [c.
1354 4407 1405 4471 25.]
1442 4408 1454 4440 ³
1479 4410 1543 4458 Gen.
1639 4411 1640 4432 ¹

376 4514 413 4560 14.
433 4514 472 4562 24.
