3326 5506
442 603 488 648 or
513 602 605 669 June
632 599 814 648 rnxsuns.
841 602 919 648 cnr.
945 601 1010 648 x11.
1252 585 1313 664 263

144 761 184 826 ad
206 761 417 825 Macauntem
451 757 619 840 aliquanto
653 772 729 840 post
752 757 925 841 dixerunt,
950 778 984 826 se
1007 777 1082 825 cum
1106 756 1262 837 Batavis,
1286 755 1314 824 si
1326 737 1433 872 ffl'gg

145 891 256 938 corum
289 871 494 955 potirentur,
528 891 593 936 non
622 885 687 936 tam
719 873 894 937 clementer
928 885 1068 937 acturos.
1126 870 1183 936 Ad
1216 868 1315 936 finem
1334 913 1339 922 ·
1358 841 1404 871 ’Μ
1433 840 1454 882 ³'

145 984 237 1066 quod
271 985 388 1050 attinet
416 983 474 1066 qui
504 985 592 1050 bello
614 984 833 1067 proponitur,
857 985 945 1049 hunc
968 983 1031 1049 sibi
1058 983 1201 1066 quisque
1223 1001 1316 1064 prae·

143 1110 229 1162 stare
259 1096 374 1162 debet:
404 1115 464 1161 nec
495 1096 529 1161 in
560 1095 720 1180 judicium
751 1098 930 1163 humanum
961 1095 1022 1162 ista
1041 1115 1092 1161 res
1115 1093 1226 1176 cadit,
1251 1091 1315 1158 nisi

143 1222 307 1288 quatenus
331 1226 504 1274 commune
526 1208 689 1292 cujusque
713 1208 819 1292 gentis
841 1206 1031 1293 ingenium,
1054 1222 1124 1272 turn
1146 1226 1225 1273 vero
1249 1205 1314 1271 sin·

144 1321 272 1403 gulares
294 1319 439 1385 actiones
461 1321 682 1404 conjecturam
704 1318 926 1404 suppeditant.
970 1319 1095 1386 Verum
1117 1317 1196 1384 belli
1217 1316 1313 1382 finem
1326 1328 1447 1430 'syme

144 1449 213 1497 esse
234 1429 378 1496 diximus
396 1431 481 1517 iuris
503 1431 727 1515 adeptionem:
753 1433 794 1497 ad
805 1453 903 1514 quem
915 1432 944 1498 si
955 1432 1073 1516 praeda
1083 1429 1208 1511 tendit,
1227 1432 1315 1516 juste
1327 1435 1368 1483 m.
1381 1415 1404 1482 Ῐ·

143 1541 265 1626 pieque
296 1557 387 1626 parta
416 1543 541 1610 censeri
573 1543 688 1609 debet:
723 1562 819 1610 secus
851 1544 888 1620 si
913 1545 1052 1610 bellator
1074 1561 1135 1608 suo
1158 1543 1317 1607 duntaxat

142 1655 235 1720 lucro
268 1653 384 1721 inhiat.
441 1654 480 1720 Id
509 1655 543 1719 in
574 1653 743 1722 Lusitanis
773 1675 812 1720 an
845 1653 878 1721 in
902 1654 1031 1722 batavis
1061 1652 1249 1722 credibilius
1272 1651 1317 1721 sit

142 1765 333 1831 videamus:
366 1781 493 1834 veteres
516 1781 667 1832 auctores
692 1774 701 1808 ¹
725 1768 859 1833 tradunt
878 1767 944 1852 jam
968 1767 1046 1834 olim
1068 1781 1196 1851 gentem
1216 1765 1316 1831 Lusi·

143 1891 296 1944 tenorum
328 1877 510 1945 latrociniis
539 1891 572 1944 et
601 1878 728 1962 praedis
748 1878 862 1946 viv'ere
884 1893 1055 1944 assuetam.
1102 1878 1154 1944 Ex
1176 1899 1215 1945 eo
1234 1893 1316 1944 tem·

143 2009 224 2072 pore
253 2010 350 2073 quam
381 1989 527 2073 impurae
558 2010 741 2073 avaraeque
764 2005 877 2076 gentes
901 1990 956 2056 isti
979 2010 1013 2058 se
1037 1992 1161 2074 populo
1180 1989 1316 2073 permis·

145 2101 299 2184 cuerint,
333 2116 366 2168 et
396 2122 494 2183 quarn
526 2101 677 2185 plerique
701 2122 813 2171 eorum
846 2103 934 2186 apud
964 2102 1171 2169 Christianos
1202 2121 1315 2185 parum

146 2213 230 2280 serio
263 2213 444 2282 Christiani
467 2215 668 2295 habeantur,
694 2215 752 2297 qui
772 2213 856 2280 inter
876 2215 964 2298 ipsos
989 2229 1066 2280 sunt
1084 2213 1165 2281 boni
1186 2211 1198 2246 ²
1221 2211 1316 2278 mini·

145 2343 196 2390 me
225 2323 388 2410 ignorant.
434 2327 485 2392 De
517 2326 648 2394 Batavis
671 2341 785 2392 contra
802 2345 899 2415 quae
924 2340 1052 2392 exstant
1082 2325 1212 2411 elogia,
1244 2344 1317 2408 per-

147 2455 244 2517 quam
267 2455 344 2502 sane
366 2437 574 2519 honorifica,
598 2437 831 2506 transscribere
859 2438 1069 2521 supersedeo.
1116 2437 1205 2504 Illud
1226 2437 1317 2519 quod

146 2567 218 2612 are
241 2548 403 2630 praesenti
436 2568 501 2614 non
534 2549 691 2616 alienum‘
707 2564 777 2631 est,
810 2549 887 2615 satis
917 2549 961 2616 sit
991 2549 1136 2630 dixisse,
1169 2548 1316 2618 omnium

145 2658 326 2725 vicinarum
360 2660 506 2744 gentium
537 2662 658 2726 nullam
681 2681 698 2726 a
721 2660 852 2742 rapinae
883 2659 994 2727 studio
1026 2660 1159 2744 longius
1190 2679 1315 2742 semper

147 2769 301 2838 abfuisse.
347 2771 488 2838 Tacitus
509 2777 520 2813 ³
540 2772 652 2856 itaque
673 2771 707 2838 in
729 2773 815 2837 bello
838 2770 958 2839 Civilis
972 2770 1155 2838 Germanos
1172 2772 1213 2836 ad
1223 2785 1315 2854 prae·

146 2882 219 2949 dam
246 2896 429 2967 pugnantes
461 2882 611 2964 inducit,
634 2883 776 2949 batavos
795 2903 855 2966 pro
874 2881 989 2967 gloria.
1033 2883 1179 2949 Proximi
1201 2895 1315 2950 nostro
1369 2927 1374 2937 -

146 2996 276 3062 saeculo
300 3009 333 3062 et
353 2995 477 3060 externi
495 2993 670 3078 scriptores
694 3001 706 3038 ⁴
726 2994 760 3060 in
784 2994 926 3060 eamdem
947 2993 1140 3060 sententiam
1164 2993 1317 3078 prodide-

146 3121 246 3187 runt,
268 3106 453 3173 Hollandos
476 3105 617 3173 eminere
640 3105 725 3171 inter
747 3120 859 3191 gentes
881 3104 1093 3172 Germanicas
1106 3105 1203 3172 alieni
1217 3103 1317 3171 absti-

146 3218 269 3285 nentia.
317 3218 391 3283 Hoc
414 3218 487 3301 ipso
511 3231 656 3300 tempore
679 3217 712 3283 in
734 3217 790 3283 illa
811 3218 881 3300 ipsa
904 3217 996 3283 India
1018 3217 1101 3300 quid
1124 3217 1164 3283 de
1187 3216 1317 3283 Batavis

34 3331 40 3344 '
147 3329 266 3395 sentire
287 3345 448 3415 cogantur
468 3328 642 3412 Lusitani,
667 3329 779 3396 literae
802 3329 843 3394 ad
864 3349 971 3416 regem
991 3328 1206 3396 Malaccensis
1230 3328 1317 3412 epis-

148 3440 222 3523 copi
251 3441 331 3508 satis
363 3441 519 3506 indicant.
565 3440 659 3505 Mali
690 3441 799 3523 nihil,
834 3440 964 3522 inquit,
997 3439 1163 3528 indigenis
1193 3439 1288 3506 intol
1303 3475 1318 3489 -

149 3564 255 3632 runt,
287 3556 395 3617 minus
424 3555 525 3618 etiam
556 3551 761 3617 Lusitanis:
796 3552 884 3616 nulli
907 3551 1047 3638 denique
1068 3555 1200 3616 nationi
1220 3549 1318 3637 quid·

148 3681 248 3748 quam
280 3677 443 3729 crearunt
475 3663 657 3728 molestiae.
713 3663 758 3728 Et
787 3683 883 3728 mox:
914 3661 1053 3748 Accepti
1084 3660 1257 3728 admodum
1286 3675 1317 3726 et

145 3777 246 3861 grati
267 3773 433 3862 imdigenis
456 3788 579 3854 oront,
603 3778 758 3859 quoniam
774 3776 874 3860 justa
897 3776 1091 3838 commercia
1121 3772 1318 3838 exercebant

147 3886 219 3947 sine
246 3887 282 3950 xi
314 3898 416 3969 atque
447 3886 592 3970 injurio.
639 3886 788 3968 Apparet
821 3885 961 3950 Batavos
981 3884 1064 3950 nihil
1085 3898 1211 3966 praeter
1230 3903 1318 3949 corn-

148 3993 266 4060 mercia
298 3994 501 4076 quaesivisse
534 4010 566 4061 ct
597 3996 649 4062 lris
678 4011 851 4063 contentos
881 3995 983 4062 fuisse
1013 3995 1167 4077 futuros,
1198 3993 1262 4060 nisi
1285 3993 1319 4061 in

182 4277 190 4309 ¹
211 4279 308 4327 Strabo.
328 4279 365 4342 [p.
384 4289 438 4341 154.
452 4279 489 4343 b.]
506 4279 584 4329 Diod.
598 4255 706 4342 sic.'[p.
725 4292 781 4336 ars.
798 4279 833 4344 c.]
854 4279 955 4330 Servius
973 4281 1003 4328 ad
1015 4282 1032 4327 l.
1043 4291 1065 4338 ³·
1084 4279 1176 4340 Georg.
1187 4279 1238 4341 [vs.
1251 4280 1317 4341 rom]

148 4367 159 4402 ²
176 4371 207 4417 V.
226 4372 301 4420 Osor.
316 4371 362 4420 lib.
378 4383 399 4421 ι.
434 4370 444 4404 ³
462 4371 612 4423 Histor.lib.
627 4385 651 4434 4.
669 4369 680 4404 ⁴
698 4373 871 4421 Chassanaeus
887 4373 917 4436 ad
936 4381 1050 4420 consuet.
1068 4371 1142 4430 Burg.
1154 4369 1180 4418 in
1191 4369 1270 4430 praes.
1289 4371 1320 4418 ad

148 4476 174 4510 v.
190 4461 350 4510 Hollandiae.
