3326 5506
433 627 479 675 DE
503 629 595 695 June
624 628 806 676 PRAEDAE.
832 630 911 678 CAP.
937 629 986 677 x1.
1253 629 1313 692 173

67 813 69 818 ·
141 783 272 851 morcio.
296 784 374 849 Pars
394 783 478 848 enim
497 782 603 866 caesi,
628 804 701 866 pars
719 783 752 849 in
763 804 867 850 arcem
877 782 1110 850 Lusitanorum
1129 782 1313 848 Minensem

141 894 263 978 captivi
294 894 384 962 ducti
420 910 519 977 sunt,
555 895 645 977 quod
676 893 845 977 aliquanto
876 914 973 978 quam
1003 893 1095 962 caedi
1126 896 1222 980 pejus
1244 908 1313 959 est:

140 1020 227 1071 tanta
251 1005 421 1071 imminent
441 1021 618 1089 tormenta,
640 1005 722 1072 tanti
743 1006 926 1073 cruciatus:
952 1005 1074 1090 quippe
1095 1026 1169 1071 cum
1187 1019 1315 1072 constet

140 1117 275 1184 Gallum
307 1117 472 1183 hominem
507 1117 620 1183 eodem
656 1118 797 1184 delatum
832 1133 863 1183 et
898 1138 937 1183 ex
970 1115 1049 1201 fuga
1083 1118 1313 1200 reprehensum

140 1249 249 1295 aereae
280 1229 447 1296 machinae
479 1228 669 1312 impositum
697 1228 799 1295 fuisse
821 1243 920 1311 atque
940 1228 983 1295 ita
1008 1229 1164 1312 ejectum:
1189 1247 1229 1292 ne
1248 1247 1313 1293 non

139 1340 187 1406 illi
219 1340 382 1406 Phalarim
414 1339 487 1423 ipso
511 1339 607 1406 etiam
631 1339 832 1407 crudelitatis
857 1340 1074 1406 instrumento
1098 1338 1312 1405 imitarentur.

141 1451 276 1519 Accidit
306 1465 338 1517 et
368 1454 472 1517 multo
495 1466 630 1534 postea,
660 1466 697 1518 ut
720 1450 870 1518 navicula
892 1451 1087 1518 Batavorum
1110 1469 1177 1518 non
1200 1453 1314 1534 procul
1327 1458 1397 1505 Anno
1411 1470 1473 1516 usa

141 1582 211 1628 arce
235 1562 383 1630 Minensi
399 1577 526 1629 avanto
549 1561 697 1646 prodita,
721 1562 870 1640 immissu
893 1562 1128 1628 Lusitanorum
1152 1563 1315 1646 opprime·

141 1689 252 1756 retur,
277 1693 418 1756 cumque
438 1673 632 1756 deprehensi
643 1672 676 1740 in
687 1674 808 1740 fluctus
819 1673 1010 1755 desilirent,
1029 1671 1167 1757 perfossi
1178 1673 1315 1757 spiculis

141 1785 257 1869 etjam
281 1785 401 1850 mortui
425 1783 561 1850 funibus
583 1785 676 1850 tracti
700 1800 800 1867 sunt,
825 1799 930 1867 utque
948 1783 1112 1868 praefecto
1126 1783 1214 1868 jarcis
1234 1783 1314 1850 fides

141 1896 232 1962 lieret
267 1895 386 1980 egregii
420 1895 596 1979 facinoriS,
631 1896 747 1980 partim
783 1897 897 1962 suffixa
926 1897 1008 1981 palis
1031 1897 1163 1980 capita,
1195 1897 1313 1980 partim

141 2007 285 2074 barbaris
315 2007 444 2073 illorum
476 2006 694 2074 beneficiariis
717 2009 758 2074 ad
781 2008 964 2078 efferendos
987 2008 1112 2074 animos
1135 2027 1312 2090 concessa,

141 2118 197 2200 qui
217 2133 250 2184 et
269 2118 337 2203 igni
357 2119 484 2184 coxisse
504 2133 541 2186 ut
560 2136 692 2184 succum
717 2118 893 2203 elicerent,
918 2135 950 2185 et
973 2141 1012 2185 ex
1035 2119 1167 2186 ossibus
1190 2119 1312 2186 bibisse

141 2245 320 2296 narrantur.
366 2229 432 2296 Sed
462 2250 521 2294 nec
553 2245 636 2296 emta
659 2230 734 2296 odia
756 2231 914 2297 adversus
937 2231 1132 2297 batavorum
1157 2230 1313 2314 simplici·

140 2355 261 2422 tatem,
285 2361 345 2407 nec
374 2357 500 2425 paratae
528 2342 665 2408 insidiae
688 2341 844 2408 adversus
865 2341 1103 2425 providentiam
1122 2341 1180 2410 diu
1200 2343 1313 2408 value-

140 2468 225 2520 runt.
273 2452 344 2518 Tot
375 2453 531 2536 periculis
559 2453 717 2521 indefessi
738 2453 914 2520 etiamnum
937 2454 1030 2521 littus
1054 2454 1138 2520 illud
1157 2453 1313 2535 frequen·

139 2578 208 2631 tant
239 2580 273 2630 et
304 2564 479 2631 Lusitanos
502 2585 535 2631 re
558 2567 648 2633 nulla
679 2565 806 2650 magis,
837 2585 935 2647 quarn
967 2565 1031 2632 fide
1064 2585 1122 2632 sua
1145 2579 1311 2632 accusant

140 2675 175 2741 ln
210 2694 441 2759 quamcunque
475 2697 554 2742 vero
587 2691 744 2743 terrarum
779 2691 902 2760 partem
926 2678 1041 2744 oculos
1064 2676 1310 2759 convertimus,

140 2787 248 2854 eadem
269 2785 380 2854 feritas
399 2787 535 2870 ubique.
580 2788 666 2853 Nam
687 2787 852 2855 hostilitas
871 2788 935 2854 dici
956 2808 1022 2854 non
1042 2804 1203 2870 meretur,
1227 2808 1311 2870 quae

140 2899 291 2966 hostibus
319 2898 416 2965 solita
443 2901 540 2983 longe
569 2899 818 2984 transgreditur.
864 2900 943 2988 Quo
972 2920 1011 2964 ex
1032 2919 1148 2984 genere
1170 2899 1310 2983 plurima

140 3009 271 3077 batavis
301 3010 334 3075 in
370 3010 504 3078 Brasilia
527 3010 707 3091 accidisse,
731 3009 953 3095 navigantium
975 3010 1087 3077 diariis
1108 3025 1309 3094 compertum

140 3137 199 3188 est.
243 3121 319 3189 Nos
346 3141 413 3188 non
442 3121 552 3188 omnia
580 3121 772 3204 referimus,
804 3121 992 3206 praesertim
1019 3141 1092 3188 cum
1117 3121 1310 3188 uberrimam

140 3233 358 3299 narrationum
373 3233 561 3313 materiam,
586 3248 617 3299 et
629 3233 706 3298 huic
718 3248 909 3318 argumento
921 3233 1052 3318 proprie
1062 3234 1310 3300 convenientem

140 3363 190 3410 res
214 3343 422 3425 Orientales,
442 3346 506 3412 hoc
527 3360 577 3411 est
594 3345 724 3410 Indicae
742 3344 892 3411 offerant.

181 3456 351 3522 Postremo
382 3457 506 3523 Indiam
528 3458 665 3523 lustrare
686 3457 800 3524 batavi
823 3456 966 3542 aggressi
989 3472 1089 3538 sunt,
1113 3459 1482 3542 cujuscorr·Anrc.v11r

139 3567 204 3633 silii
233 3587 300 3634 non
329 3568 454 3634 utilitas
483 3567 586 3652 magis
618 3567 773 3649 evidens,
805 3589 902 3652 quarn
933 3569 1080 3652 aequitas
1110 3584 1220 3652 aperta
1248 3585 1308 3636 est.
1322 3533 1392 3579 ΛΜ
1407 3545 1469 3589 ¹⁵⁹⁵·

139 3679 225 3745 Nam
249 3701 333 3762 quae
353 3681 481 3746 tandem
501 3679 563 3746 ista
582 3698 649 3745 non
665 3681 731 3765 jam
751 3679 853 3746 dicam
873 3680 956 3746 lucri
973 3680 1144 3764 appetendi
1166 3680 1308 3762 insania,

139 3791 197 3856 sed
226 3793 321 3874 plane
348 3790 473 3857 invidia
503 3785 573 3874 est',
604 3789 748 3875 flagitare
781 3807 818 3858 ut
840 3806 1025 3875 parstanta
1043 3806 1201 3873 naturae,
1225 3813 1308 3875 quae

138 3903 177 3967 ab
211 3902 356 3969 Arabico
380 3923 485 3986 usque
508 3903 604 3986 sinu,
629 3903 694 3970 imo
716 3904 744 3969 si
764 3903 862 3970 addas
885 3918 1032 3985 caetera,
1056 3924 1073 3970 a
1095 3902 1182 3970 freto
1205 3903 1308 3970 Gadi-

139 4029 215 4080 tano
236 4015 277 4079 ad
300 4014 531 4097 septentrionis
554 4014 696 4081 confinia
716 4015 875 4082 immenso
893 4014 1003 4082 littore
1024 4014 1238 4095 diffunditur,
1258 4014 1309 4080 in-

139 4145 204 4206 que
225 4140 276 4192 tot
299 4126 421 4192 insulas
442 4127 607 4209 excurrit,
630 4142 666 4194 ut
688 4147 796 4194 earum
819 4147 878 4194 nec
900 4145 1071 4192 numerum
1096 4147 1154 4192 nec
1175 4126 1308 4193 nomina

139 4236 314 4319 quisquam
344 4241 456 4320 norit,
483 4239 588 4306 -unius
610 4239 726 4323 populi
749 4238 898 4320 divitiis,
923 4237 988 4302 imo
1012 4239 1106 4304 luxui
1129 4237 1307 4318 inserviat,

139 4362 171 4413 et
200 4368 315 4434 magna
350 4371 388 4416 ex
422 4367 514 4434 parte
543 4353 690 4437 neglecta
710 4366 826 4431 vacet,
851 4371 923 4416 cum
947 4348 1098 4432 pluribus
1120 4349 1309 4415 nationibus

139 4461 332 4526 commercio
356 4462 557 4546 occupandis
580 4463 771 4545 alendisque
802 4461 965 4528 sufficiat?
1012 4461 1105 4549 Quid
1128 4461 1218 4543 quod
1243 4460 1308 4544 jam
