3310 5482
323 629 345 692 4
639 627 686 672 DE
708 625 802 692 JURE
827 624 1014 673 PRAEDAE.
1039 624 1123 674 CAP·
1147 627 1173 674 l.

365 782 476 849 Multa
495 779 618 865 possim
640 781 786 864 exempla
815 778 932 847 referre
961 799 1093 863 eorum,
1113 782 1172 864 qui
1196 784 1289 851 istam
1313 785 1347 852 in
1368 800 1492 869 partem

322 908 551 979 peccaverunt.
598 892 663 959 Sed
684 891 767 975 quid
788 912 921 959 necesse
940 893 1017 960 est?
1043 893 1126 981 Quis
1144 895 1230 962 enim
1241 896 1393 983 dubitat,
1414 899 1495 981 quin

323 1006 397 1090 pios
413 993 454 1074 ¹se
475 1022 507 1072 et
524 1008 685 1073 humanos
708 1005 849 1072 Hebraei
872 1005 1126 1090 arbitrarentur,
1152 1010 1245 1091 quod
1271 1010 1393 1077 nonin
1419 1011 1495 1077 Ma-

324 1118 461 1186 dianitas
474 1133 506 1184 et
529 1119 720 1185 Cananaeos
731 1118 773 1184 ad
782 1117 1035 1186 internecionem
1052 1119 1214 1186 saevirent
1228 1121 1267 1188 ¹?
1293 1123 1359 1188 Cui
1382 1123 1495 1209 ignota

324 1245 373 1298 est
393 1230 503 1299 Saulis
533 1231 566 1295 in
584 1251 691 1316 regem
712 1230 879 1297 devictum
903 1251 1053 1314 perversa
1075 1232 1300 1302 misericordia
1322 1233 1363 1300 ¹?
1396 1255 1494 1319 quam

323 1356 430 1409 tamen
453 1343 497 1409 ob
529 1363 596 1409 rem
620 1359 652 1410 et
673 1343 781 1409 hicet
802 1343 852 1409 illi
872 1343 1060 1427 reprehensi
1081 1344 1198 1411 acriter
1217 1360 1250 1412 et
1270 1347 1380 1430 puniti
1400 1362 1490 1416 sunt.

322 1453 369 1520 Et
397 1474 438 1520 ne
471 1455 535 1520 hoc
567 1455 701 1538 quidem
727 1475 815 1523 nunc
845 1456 971 1541 agitur,
995 1458 1053 1524 sed
1077 1477 1119 1524 ne
1141 1457 1370 1540 relinquantur
1391 1481 1493 1544 penes

321 1567 449 1634 hostem
469 1567 577 1649 vires,
601 1569 723 1651 quibus
754 1568 978 1636 innocentium
1011 1569 1044 1635 in
1080 1569 1217 1636 exitium
1238 1585 1359 1638 utatur.
1403 1572 1493 1640 Vere

320 1698 419 1760 sane,
451 1700 528 1747 vere
560 1701 706 1748 summus
738 1680 794 1749 ille
822 1682 939 1749 doctor
962 1665 1094 1765 pietatis
1117 1697 1150 1749 et
1175 1703 1303 1750 morum
1325 1684 1337 1720 ³
1360 1675 1492 1769 culpare

298 1792 442 1892 ‘bellum
466 1793 509 1858 ob
521 1793 844 1876 incommoda,quae
867 1794 942 1862 inde
966 1808 1172 1878 sequuntur,
1196 1797 1291 1881 cuius
1316 1798 1443 1882 generis
1461 1814 1493 1864 et

321 1904 435 1972 caedes
458 1919 491 1971 et
512 1905 648 1989 praedae
668 1921 764 1990 sunt,
787 1906 1062 1994 timidorumjesse
1074 1907 1158 1976 dixit
1170 1927 1236 1975 non
1249 1909 1492 1996 religiosorum.

408 2017 507 2082 Hune
530 2021 641 2104 igitur
664 2031 826 2084 terrorem
849 2023 956 2085 animi
977 2020 1192 2106 tenebrasque
1213 2041 1335 2086 neeesse
1357 2036 1404 2087 est

408 2128 488 2195 Non
511 2129 606 2196 radii
626 2130 703 2196 solis
726 2152 828 2217 neque
850 2131 964 2199 lueida
987 2132 1055 2198 tela
1077 2132 1145 2199 diei

405 2242 629 2327 Discutiunt,
652 2243 709 2309 sed
729 2256 876 2309 naturae
898 2247 1014 2330 speeies
1038 2247 1201 2331 ratioque.
1225 2242 1238 2278 ⁴²

362 2354 497 2438 Proprie
519 2356 605 2422 enim
624 2356 709 2435 ista,
736 2357 771 2421 ni
790 2354 911 2440 fallor,
934 2371 1050 2440 poetae
1076 2357 1177 2422 verba
1196 2358 1386 2442 usurpabo,
1414 2378 1491 2423 cum

254 2486 257 2497 ¹
318 2466 451 2533 omnino
475 2489 513 2533 ex
537 2469 607 2553 ipsa
625 2483 759 2536 naturae
781 2469 912 2555 specie,
935 2490 1003 2537 non
1023 2467 1154 2535 aliunde
1177 2470 1396 2553 quaerendum
1424 2470 1490 2546 sit,

317 2596 477 2662 quantum
512 2582 604 2662 aliis,
638 2595 797 2665 quantum
819 2583 915 2650 nobis
938 2583 1122 2650 debeamus.
1167 2584 1216 2650 Ita
1235 2583 1294 2651 fiet
1316 2599 1354 2651 ut
1375 2586 1490 2667 explo-

317 2692 396 2782 rato:
417 2694 496 2761 belli
529 2715 565 2762 ac
595 2695 803 2780 potissimum
826 2695 961 2780 praedae
978 2697 1072 2780 J'ure,
1094 2695 1199 2762 omnis
1222 2717 1272 2761 res
1293 2697 1354 2762 ista
1376 2710 1487 2779 patere

316 2806 425 2876 cuivis
445 2808 570 2892 possit,
595 2808 654 2891 qui
676 2810 775 2876 modo
794 2829 893 2876 sensu
915 2807 1082 2874 communi
1100 2828 1167 2873 non
1188 2825 1306 2874 careat.

204 2929 301 2990 Areum·
360 2920 398 2986 ld
419 2935 549 3004 autem,
573 2921 614 2987 de
636 2942 703 3006 quo
723 2921 912 3005 quaeritur,
934 2923 998 2986 tale
1020 2935 1080 2988 est.
1128 2920 1214 2986 Cum
1234 2920 1273 2986 ab
1286 2939 1371 2988 anno
1384 2939 1489 3003 usque

319 3051 403 3116 1595
439 3034 555 3102 missae
590 3037 630 3102 ab
665 3035 841 3102 Hollandis
876 3033 1096 3116 Zelandisque
1127 3032 1363 3100 mercatoribus
1387 3051 1489 3100 naves
1563 3019 1567 3024 ⁵

315 3145 348 3210 in
382 3145 527 3214 diversas
555 3146 661 3213 Indici
694 3146 817 3212 Oceani
850 3147 996 3226 insulas,
1028 3145 1067 3210 ab
1090 3144 1227 3228 imperio
1250 3144 1487 3211 Lusitanorum

313 3259 453 3338 liberaS,
487 3259 754 3328 commerciorum
776 3260 878 3345 gratia
898 3259 1053 3340 itassent,
1076 3271 1194 3324 nautae
1215 3257 1327 3322 multis
1351 3277 1488 3325 suorum

313 3371 467 3438 caedibus
500 3372 634 3455 suisque
662 3371 809 3453 damnis,
843 3391 925 3455 quae
956 3389 1014 3454 per
1042 3368 1278 3436 Lusitanorum
1308 3369 1489 3436 calumnias

313 3500 370 3552 aut
393 3484 575 3554 emissarios
609 3486 862 3568 eorumdemque
884 3481 1053 3567 perfidiam
1078 3497 1111 3548 et
1132 3483 1200 3548 vim
1224 3481 1364 3564 denique
1396 3502 1488 3564 aper·

312 3614 376 3665 tam
417 3613 514 3682 atque
543 3613 717 3677 armatam,
751 3618 825 3664 cum
860 3596 922 3680 ipsi
953 3610 1023 3662 tum
1057 3594 1164 3662 sociae
1199 3608 1310 3680 gentes
1344 3595 1489 3676 pertule-

311 3726 404 3792 rant,
428 3710 469 3777 ad
491 3710 649 3779 ultionem
673 3711 803 3776 tandem
827 3729 861 3776 se
885 3727 1110 3792 composuere.
1156 3706 1236 3773 Post
1257 3705 1383 3788 aliquot
1396 3705 1486 3772 edita

310 3823 465 3906 utrinque
485 3823 676 3890 hostilitatis
701 3824 847 3906 exempla
881 3840 965 3887 anno
991 3821 1074 3886 1602
1097 3817 1242 3902 accidit,
1271 3832 1309 3883 ut
1340 3817 1487 3903 Jacobus

311 3936 567 4004 Hemskerckius
610 3936 706 4003 classi
749 3932 1045 4008 Amstelodamensi
1077 3945 1154 3998 octo
1182 3929 1315 3998 navium
1338 3928 1486 4013 praefec-

1643 4111 1644 4139 l

1643 4149 1644 4182 l

343 4213 445 4262 ¹Num.
466 4228 505 4276 19.
522 4225 562 4270 31.
577 4213 650 4260 Deut.
668 4223 693 4269 7.
712 4224 737 4258 a.
771 4207 865 4258 ²Sam.
882 4221 904 4256 1.
924 4218 977 4262 ι5.
997 4205 1116 4254 Ambros.
1133 4207 1165 4254 de
1181 4204 1224 4254 off
1241 4207 1258 4252 l.
1278 4217 1302 4252 1
1317 4203 1485 4254 citaturinc.
1643 4187 1644 4254 i

308 4317 346 4354 est
363 4303 464 4363 injusta.
485 4303 567 4368 [llaec
578 4317 631 4354 non
648 4301 787 4364 leguntur
781 4315 808 4350 m
825 4299 891 4348 libro
909 4296 1040 4348 Ambrosii
1058 4299 1090 4347 de
1107 4295 1214 4359 officiis,
1231 4309 1319 4346 verum
1337 4294 1447 4344 insenn.
1457 4296 1484 4343 8.

308 4400 340 4447 ad
355 4411 396 4459 ps
416 4398 472 4446 118.
487 4411 527 4447 vs.
546 4410 570 4445 2.
588 4395 653 4444 Vide
675 4405 760 4443 annot.
778 4394 810 4443 ad
830 4393 906 4440 Decr.
924 4392 993 4439 Grat.
1010 4404 1036 4450 p.
1056 4403 1079 4438 a.
1098 4401 1138 4448 23.
1156 4403 1181 4450 4.
1207 4386 1260 4452 55.]
1248 4385 1435 4452 ]⁸August.
1459 4400 1484 4437 c.
1643 4401 1644 4480 4

307 4490 390 4540 Faust.
409 4488 522 4538 Manich
535 4490 552 4536 1.
570 4501 611 4536 aa.
629 4500 653 4535 c.
672 4499 712 4548 74.
731 4484 903 4536 citaturinc.
920 4481 982 4544 quid
999 4483 1124 4544 culpatur.
1153 4479 1241 4545 [Dect.
1261 4481 1330 4528 Grat
1349 4494 1376 4540 p.
1396 4492 1422 4527 2.
1442 4490 1485 4536 28·

310 4580 389 4647 1.4.]
425 4580 573 4632 ⁴Lucret..l
590 4593 614 4629 a.
631 4577 683 4643 [vs.
701 4581 742 4636 58.
759 4577 829 4642 sqq.]
