3310 5482
362 627 401 691 52
676 625 722 672 nu
746 625 839 691 June
866 623 1051 670 tantuna.
1079 624 1160 670 eat.
1185 624 1237 671 tv.

360 782 488 847 Deinde
517 781 609 863 quod
640 781 673 846 in
705 779 796 845 civili
827 779 914 844 bello
944 778 1080 861 praedae
1104 780 1213 844 locum
1236 777 1473 861 musacium,
1500 780 1531 844 in

360 894 424 960 hoe
456 892 549 957 etiam
581 892 753 957 falluntur.
798 890 885 955 Nam
916 905 954 954 ut
982 889 1134 954 historias
1154 888 1322 970 omittam,
1347 910 1386 956 ex
1410 891 1533 972 quibus

361 1004 518 1070 discimus
540 1004 621 1069 adeo
645 1004 763 1086 praeda
786 1019 907 1070 scatere
930 1004 1014 1068 bella
1038 1002 1172 1084 civilia,
1199 1017 1237 1067 ut
1260 1002 1320 1067 ista
1343 1003 1532 1086 saepissime

361 1117 483 1200 cupido
506 1118 656 1182 homines
678 1116 719 1182 ad
741 1136 791 1181 res
815 1135 918 1182 novas
940 1115 1109 1198 pellexerit
1135 1116 1168 1195 ¹,
1191 1135 1274 1197 quae
1298 1130 1347 1180 est
1368 1115 1452 1181 ratio
1474 1136 1533 1179 cur

362 1229 592 1312 magistratus,
626 1227 653 1293 si
685 1227 778 1291 aliter
799 1245 866 1292 non
889 1225 995 1308 possit
1015 1229 1051 1306 ²,
1087 1225 1120 1290 id
1143 1224 1234 1307 quod
1256 1225 1456 1309 reipublicae
1476 1227 1533 1292 de-

362 1339 481 1420 betur,
513 1341 566 1405 vel
600 1341 643 1404 ob
667 1340 769 1403 solam
792 1355 929 1420 poenam
953 1335 1165 1418 rebellionis,
1189 1351 1309 1402 armata
1331 1357 1428 1402 manu
1453 1358 1533 1403 con-

362 1449 457 1531 sequi
491 1469 556 1514 non
577 1449 720 1515 debeat?
766 1449 860 1514 Plato
883 1447 894 1482 ³
918 1465 994 1512 sane
1028 1467 1102 1512 cum
1138 1447 1171 1512 in
1205 1446 1295 1513 civili
1330 1447 1533 1514 dissensione

363 1562 484 1627 bellum
504 1561 586 1627 velit
614 1581 801 1643 essequam
825 1559 1068 1644 pacatissimum
1091 1559 1251 1641 permittit
1271 1573 1377 1624 tamen
1398 1563 1446 1628 τὸν
1468 1563 1534 1628 ἕπε’-

361 1700 433 1742 τειον
463 1677 570 1756 καρπὸν
600 1676 782 1759 ἀφαιρεῖσθαι
814 1685 872 1747 τοῖς
904 1679 1036 1754 aparatio!
1066 1679 1121 1740 τῶν
1148 1673 1365 1754 κρατουμένων,
1391 1669 1534 1753 fructus

274 1817 277 1822 ·
363 1804 490 1847 annuos
518 1786 605 1867 eripi
635 1786 734 1850 siccis
763 1804 785 1846 a
814 1782 1007 1850 victoribus.
1053 1780 1142 1847 Tum
1163 1800 1243 1846 vero
1264 1780 1346 1861 quid
1365 1794 1431 1845 tam
1455 1800 1535 1846 con·

362 1893 500 1959 trarium‘
521 1907 584 1973 est,
610 1913 708 1974 quam
730 1891 881 1975 praedam
903 1893 1087 1975 prohibere,
1110 1893 1168 1958 ubi
1188 1891 1303 1956 caedes
1321 1891 1534 1975 permittas⁴l

206 2010 278 2110 m
288 2019 349 2108 ἦρ·
364 2004 451 2068 Quia
461 2023 539 2068 veto
546 2003 602 2087 jus
613 2019 661 2069 est
673 2003 820 2087 gentium
833 2004 959 2071 hostem
974 2003 1133 2085 spoliare,
1146 2003 1241 2067 etiam
1251 2003 1307 2087 jus
1318 2002 1414 2067 civile
1424 2002 1468 2068 sit
1481 2022 1537 2067 ne-

363 2133 453 2181 cesse
473 2129 534 2180 est.
559 2114 661 2181 Quod
673 2130 705 2180 et
718 2114 919 2198 singularum
933 2114 1103 2180 nationum
1114 2117 1203 2198 leges
1215 2129 1247 2179 et
1259 2113 1535 2191 consuetudines,

364 2246 448 2309 quae
459 2226 498 2291 de
510 2227 647 2308 praedae
659 2225 893 2292 distributione
906 2227 1031 2308 ubique
1042 2225 1202 2308 plurimae
1214 2241 1312 2306 sunt,
1323 2224 1534 2290 manifestum

363 2335 496 2402 faciunt.
546 2338 583 2403 In
606 2339 758 2404 Romano
780 2351 887 2402 autem
908 2337 993 2422 juris
1016 2336 1374 2420 corp01e⁶saepissime
1403 2355 1535 2420 expres·
1605 2366 1612 2379 ν

364 2467 435 2512 surn
458 2463 507 2514 est
528 2464 621 2531 capta
641 2450 729 2514 bello
751 2447 949 2531 capientium
970 2447 1041 2513 fieri
1053 2448 1205 2530 idemque
1217 2450 1357 2531 probant
1369 2449 1534 2513 Canones.

365 2559 454 2624 Haec
487 2574 593 2625 autem
618 2559 727 2626 omnia
747 2559 895 2625 dubitare
917 2578 979 2624 nos
1000 2577 1067 2626 non
1096 2558 1287 2641 patiuntur,
1311 2558 1392 2641 quin
1414 2557 1534 2640 praeda

364 2669 452 2734 omui
483 2670 557 2753 jure
588 2691 740 2736 concessa
770 2672 824 2737 sit.
868 2670 973 2752 quue
994 2670 1100 2753 ipsum
1122 2690 1228 2736 sacrae
1251 2670 1361 2735 literae
1391 2672 1536 2751 loquun-

222 2796 288 2840 nan.
316 2794 350 2840 aa·
362 2795 426 2846 tur.
482 2781 733 2864 Estne·a1iquid
767 2782 857 2863 quod
890 2781 992 2866 magis
1023 2783 1202 2863 volumus,
1227 2801 1323 2863 quam
1348 2781 1440 2862 quod
1462 2783 1534 2864 lege

221 2860 269 2948 51³0?
280 2849 300 2948 5]
312 2864 351 2895 Μ’
363 2911 514 2975 expressa
534 2894 715 2977 jubemus?
768 2892 871 2974 Atqui
895 2893 979 2957 inter
999 2895 1086 2976 leges
1109 2893 1263 2957 militares
1286 2906 1364 2958 sunt
1386 2893 1448 2957 ista
1470 2893 1535 2956 Dei

362 3004 461 3071 verba
483 3006 495 3041 ⁸
518 3005 558 3071 de
590 3021 683 3088 capta
714 3005 865 3071 civitate:
902 3004 1024 3068 Omnia
1060 3003 1165 3089 spolia
1197 3004 1265 3088 ejus
1301 3003 1441 3089 diripias
1471 3005 1537 3067 tibi

361 3114 541 3200 fruerequt
569 3117 701 3200 praeda
722 3117 864 3180 hostiam
889 3128 1049 3195 tuorum,
1072 3134 1171 3198 quam
1205 3113 1343 3179 dederat
1383 3112 1535 3179 dominus

265 3223 269 3230 ”
362 3225 455 3290 Deus
478 3240 556 3291 tuus
577 3228 652 3291 tibi.
700 3227 794 3292 Sicut
814 3227 915 3310 igitur
935 3225 1073 3291 victoria
1093 3225 1139 3289 sic
1163 3225 1258 3289 etiam
1279 3225 1397 3308 praeda
1423 3246 1440 3288 a
1461 3225 1534 3288 Deo

364 3350 433 3402 est:
457 3337 543 3400 unde
566 3351 598 3401 et
617 3352 739 3418 partem
763 3337 837 3401 Deo
861 3352 1015 3402 sacratam
1038 3336 1176 3420 legimus
1201 3336 1272 3417 ipso
1285 3351 1481 3420 agnoscente
1503 3337 1534 3416 ⁷,

364 3445 455 3528 quod
477 3465 517 3508 ne
537 3445 692 3526 profanae
711 3447 841 3529 quidem
862 3462 974 3531 gentes
993 3447 1125 3512 omnino
1146 3446 1378 3529 ignoraverunt
1400 3446 1436 3528 ⁸,
1461 3466 1535 3511 cum

361 3555 476 3640 Jovem
499 3556 724 3623 Praedatorem
758 3574 789 3624 et
817 3557 1003 3624 Minervam
1037 3557 1192 3637 Leitida,
1227 3557 1368 3622 Martem
1393 3557 1535 3638 denique

361 3773 431 3781 ..ο-
438 3775 532 3781 ........
534 3776 552 3782 ,.

397 3885 405 3918 ¹
424 3888 484 3936 Tac.
502 3888 568 3937 llist.
585 3892 602 3937 l.
623 3903 645 3947 3·
666 3889 699 3953 [c.
720 3890 774 3952 3³·]
799 3888 810 3922 ¹
827 3890 899 3939 Adde
918 3889 1095 3938 limitationem
1113 3890 1175 3937 Silv.
1194 3892 1225 3938 ad
1243 3893 1328 3938 concl.
1346 3893 1369 3938 8.
1382 3890 1394 3951 S
1407 3891 1535 3940 rt.verbo

362 3979 467 4027 Bellum.
501 3976 561 4027 ⁸de
578 3994 631 4040 rep.
648 3984 665 4029 l.
680 3994 702 4036 5.
719 3979 755 4044 [p.
770 3993 827 4043 470.
842 3981 868 4028 b.
883 3978 949 4043 d.e.]
987 3980 1042 4028 ⁴ut
1055 3993 1129 4039 supra
1146 3981 1297 4040 lroccapite.
1332 3980 1377 4028 ll.
1387 3977 1535 4030 naturalem.

363 4070 388 4116 in
402 4067 460 4116 fine.
471 4083 527 4116 cum
538 4072 554 4118 l.
569 4085 622 4131 seq.
638 4071 663 4119 ff.
681 4073 712 4120 de
725 4085 780 4130 aeq.
795 4073 865 4119 dom.
891 4069 933 4132 [D.
949 4083 991 4130 41.
1012 4084 1031 4116 1.
1043 4082 1065 4125 5.
1079 4081 1104 4118 et
1114 4068 1149 4132 6.]
1171 4072 1188 4117 l.
1199 4071 1291 4130 siquid
1305 4071 1416 4120 bellois.
1427 4074 1459 4121 de
1469 4085 1536 4133 capt.

364 4157 410 4221 [D.
425 4174 466 4221 49.
487 4173 524 4215 15.
539 4159 592 4223 28.]
620 4164 679 4210 lust.
699 4163 730 4209 de
752 4175 801 4208 rer.
824 4161 877 4209 div.
894 4161 1062 4221 §itemquae
1078 4160 1108 4207 ab
1124 4160 1249 4208 hostibus.
1270 4159 1302 4224 [l.
1318 4175 1340 4208 a.
1359 4175 1380 4208 1.
1397 4160 1449 4224 17.]
1470 4163 1535 4210 Dist.

262 4250 265 4258 “
365 4263 386 4297 r.
402 4262 426 4296 c.
446 4247 486 4306 ius
504 4251 621 4298 militare.
645 4250 671 4298 iu
689 4249 749 4299 fine.
774 4249 862 4313 [Decr.
889 4251 957 4298 Grar.
983 4265 1008 4310 p.
1030 4264 1050 4297 t.
1075 4250 1134 4298 dist.
1156 4265 1176 4299 1.
1194 4264 1217 4298 c.
1238 4249 1287 4314 to]
1309 4265 1330 4298 c.
1348 4251 1416 4300 dicat
1435 4253 1536 4312 aliquis.

365 4336 453 4400 [Decr.
469 4341 538 4387 Grat.
552 4355 577 4400 p.
596 4354 619 4388 2.
635 4354 657 4388 c.
675 4353 714 4396 23.
730 4355 754 4400 q.
770 4354 792 4396 5.
806 4355 829 4388 c.
848 4339 899 4403 25·]
921 4342 952 4389 V.
977 4341 1017 4387 Gl.
1036 4341 1061 4388 in
1080 4343 1104 4390 d.
1120 4356 1143 4390 e.
1158 4339 1198 4397 jus
1216 4341 1333 4389 militare.
1351 4342 1416 4389 etin
1434 4356 1457 4389 c.
1473 4341 1536 4399 iuris

362 4428 473 4488 gentium
503 4428 537 4492 [c.
563 4429 597 4493 a]
627 4432 652 4479 d.
679 4430 739 4479 dist.
773 4431 877 4478 “Deua
902 4443 942 4477 20.
967 4443 1004 4490 ¹4-
1040 4428 1144 4479 7Num.
1172 4444 1211 4488 31.
1228 4444 1253 4478 et
1271 4432 1338 4479 alibi.
1375 4431 1482 4480 ⁸Diod.
1500 4433 1540 4480 Sic

364 4531 448 4578 saepe.
466 4518 536 4579 Virg.
554 4520 610 4570 Liv.
628 4535 667 4580 ap.
686 4521 757 4568 Fabr.
778 4525 842 4568 Sem.
862 4523 879 4568 l.
899 4534 921 4567 2.
941 4534 963 4568 c.
980 4533 1003 4576 3.
1019 4521 1044 4567 in
1065 4520 1123 4569 fine.
