3316 5494
457 623 505 674 na
529 624 622 694 June
648 620 832 676 rannone.
858 625 938 693 cnr.
962 625 1030 675 vn.
1280 624 1323 696 ῃ

145 780 309 868 justitiam
345 799 428 863 quae
456 780 491 849 in
519 782 774 850 commutatione
800 797 872 865 est,
908 780 993 850 inter
1025 797 1155 866 partes,
1184 781 1324 866 quaein

148 893 406 977 distributione,
430 914 449 960 a
470 909 543 963 toto
566 894 607 962 ad
628 911 760 979 partes,
784 894 828 962 ita
848 896 932 963 hanc
951 916 968 961 a
986 894 1135 980 partibus
1156 895 1197 964 ad
1215 911 1323 964 totum

147 1006 337 1074 consistere.
388 1004 532 1074 Primum
566 1005 668 1092 igitur
700 1005 792 1090 quod
824 1006 916 1090 dixi,
948 1004 1074 1093 justum
1109 1026 1150 1076 ne
1182 1007 1324 1076 subditis

147 1118 283 1202 quidem
304 1119 428 1186 bellum
452 1139 542 1201 esse,
565 1118 594 1186 si
613 1117 759 1203 ipsorum
775 1117 1072 1205 ratiorepugnet¹‚
1097 1119 1324 1189 eamdemsen·

146 1230 285 1297 tentiam
317 1230 464 1317 theologi
486 1229 499 1270 ¹
522 1229 569 1296 sic
599 1229 758 1298 efferuntt
793 1227 968 1318 Quidquid
996 1253 1061 1297 nan
1094 1251 1137 1298 ea
1162 1229 1231 1316 fide
1252 1246 1323 1314 est,

140 1355 318 1430 peecatum
341 1355 413 1408 est:
436 1344 519 1408 mala
543 1342 879 1426 estenimvoluntas‚
903 1357 942 1409 ut
961 1339 1322 1427 dicuntscboiastici⁸‚

148 1472 235 1537 quae
258 1474 276 1519 a
296 1453 422 1521 ratione
446 1450 541 1520 etiam
565 1469 689 1520 errante
711 1451 871 1522 dissentit.
916 1449 1016 1521 Tunc
1037 1470 1144 1521 autem
1167 1454 1249 1522 ratio
1273 1476 1323 1522 re·

146 1579 298 1649 pugnat,
327 1585 401 1630 cum
423 1564 524 1631 dictat
544 1563 671 1649 jussum
694 1564 891 1650 reipublicae
913 1580 970 1632 aut
990 1563 1199 1651 magistratus
1221 1582 1255 1633 et
1276 1566 1323 1634 sic

147 1675 239 1762 leges
262 1674 414 1742 ordinum
438 1671 628 1743 inferiorum
651 1696 718 1744 non
741 1674 923 1744 consentire
946 1695 1020 1744 cum
1043 1673 1247 1762 superiorum
1270 1695 1323 1746 or-

146 1787 262 1854 dinum
293 1787 445 1872 legibus,
479 1802 512 1853 et
545 1804 785 1871 consequenter
806 1788 944 1876 injustas
968 1805 1038 1856 esse
1060 1809 1117 1872 per
1139 1790 1243 1874 legem
1267 1789 1324 1856 de·

146 1899 263 1965 cimam
294 1897 443 1966 tertiam:
476 1895 567 1983 quod
599 1913 632 1967 et
662 1901 792 1986 regulae
823 1897 1026 1967 convincunt
1056 1895 1143 1966 unde
1176 1899 1323 1986 singulae

144 2012 237 2097 leges
269 2011 430 2090 oriuntur.
475 2009 608 2078 Tritum
641 2007 746 2092 illud,
778 2010 883 2078 satius
912 2008 985 2079 Deo
1008 2027 1118 2095 parere
1141 2032 1238 2094 quam
1262 2014 1323 2079 ho·

144 2121 292 2188 minibus
309 2121 346 2206 ⁴,
379 2123 471 2206 quod
502 2123 542 2189 ad
574 2138 718 2190 nostram
750 2121 1004 2207 disputationem
1027 2119 1072 2189 ita
1095 2120 1226 2206 adaptat
1246 2143 1321 2192 cum

145 2236 296 2317 exemplo
328 2233 528 2302 Ambrosius
556 2233 586 2300 ⁵:
626 2233 793 2324 Julianus
836 2231 1026 2321 Imperator
1059 2238 1211 2320 quamuis
1242 2248 1323 2302 esset

145 2359 304 2433 apostata
337 2347 456 2413 habuit
491 2359 602 2412 tamen
635 2347 694 2413 sub
728 2368 761 2412 se
794 2342 1003 2412 Christianos
1033 2343 1179 2413 milites:
1203 2344 1322 2432 quibus

144 2479 221 2553 aura
250 2457 404 2526 dicebat:
442 2457 625 2524 Producite
655 2461 759 2524 aciem
783 2473 848 2546 pra
879 2455 1065 2542 defensione
1093 2455 1320 2543 reipublicae,

145 2566 339 2635 obediebant
369 2573 422 2636 ei:
454 2591 527 2635 cam
559 2582 670 2635 autem
697 2568 825 2637 diceret
850 2572 919 2636 eis:
953 2565 1137 2635 Prodente
1163 2588 1264 2635 arma
1284 2571 1322 2635 in

147 2677 382 2763 Christianos,
423 2693 502 2746 tune
536 2681 755 2768 agnoscebant
785 2684 986 2766 imperatum
1019 2678 1110 2744 coeli.
1165 2679 1256 2766 Quin
1290 2691 1323 2746 er

142 2789 406 2875 jurisconsulti⁸
436 2812 548 2860 omnes
578 2811 644 2858 non
675 2811 745 2858 esse
766 2790 984 2858 obediendum
1016 2787 1130 2856 dicunt
1153 2789 1319 2874 Principi‚

144 2921 256 2986 aquo
287 2901 493 2969 manifestum
526 2902 569 2970 sit
601 2901 636 2971 id
678 2892 769 2986 quod
798 2901 957 2989 injustum
992 2915 1042 2966 est
1068 2900 1230 2985 imperari.
1274 2902 1321 2968 Et

144 3013 180 3078 in
211 3013 383 3082 maleficiis
413 3013 575 3082 neminem
607 3015 759 3084 mandato
794 3011 940 3080 excusari
963 3015 998 3094 i,
1033 3031 1107 3078 nam
1131 3026 1164 3078 et
1186 3009 1351 3092 domino¹

144 3124 315 3208 piraticam
349 3121 483 3192 facienti
513 3140 570 3192 aut
591 3124 697 3194 simile
720 3124 802 3208 quid
823 3123 982 3209 injustum
1004 3136 1139 3206 natura,
1162 3141 1229 3190 non
1249 3123 1320 3192 sine
1386 3134 1392 3146 '

144 3255 250 3321 poena
284 3257 414 3305 servum
449 3237 539 3304 dicto
571 3229 755 3305 audientem
786 3253 857 3302 esse
878 3232 901 3302 ⁸.
945 3233 992 3302 Et
1015 3231 1139 3302 Seneca
1159 3231 1192 3300 ⁸:
1239 3236 1320 3302 Non

145 3352 231 3413 enim
253 3362 316 3413 aut
336 3369 393 3414 nas
412 3347 522 3414 amnia
533 3347 655 3434 jubere
669 3362 858 3436 passumus,
883 3359 946 3412 aut
963 3349 1000 3413 in
1019 3348 1130 3412 omnia
1149 3350 1239 3416 serui
1255 3361 1320 3434 pa-

145 3479 222 3526 rere
248 3470 429 3547 eoguntur.
475 3457 602 3525 Contra
636 3457 872 3546 rempublicam
892 3458 1060 3546 imperata
1083 3479 1146 3524 nan
1161 3457 1319 3544 facient,

145 3570 233 3636 nulli
255 3568 374 3636 sceleri
395 3591 514 3636 nanus
534 3569 796 3638 commodabunt.
825 3565 1093 3654 .Supra¹⁰'autem
1117 3571 1318 3649 ostenderat,

145 3701 230 3764 quae
254 3683 341 3749 serui
365 3680 470 3750 estin
493 3681 688 3765 dominum,
712 3701 780 3748 eam
805 3699 875 3749 esse
897 3677 1011 3750 militis
1034 3681 1068 3747 in
1092 3680 1207 3748 ducem
1230 3681 1319 3749 etin

146 3872 336 3883 ———

176 3984 297 4036 ¹surum.
323 3989 388 4048 Ang.
410 3987 436 4037 in
457 4003 484 4038 v.
506 3987 612 4037 Bellum.
629 4002 654 4037 n.
671 3991 695 4038 8.
729 3984 833 4038 ’Rana
849 3999 888 4052 14.
904 3999 943 4046 23.
961 3987 1029 4038 Vict.
1047 4001 1072 4036 n.
1088 3997 1128 4046 as.
1163 3983 1282 4038 ⁸Thoan.
1298 4000 1320 4038 t.

145 4089 168 4126 a.
177 4091 201 4137 q.
213 4091 252 4139 19.
270 4089 317 4125 arr.
334 4091 358 4140 4
368 4075 446 4127 Arist·
457 4080 488 4127 de
497 4093 560 4127 mor.
566 4079 599 4143 ad
607 4077 710 4128 Nicom.
720 4082 737 4128 l.
745 4079 769 4129 6.
779 4093 802 4128 c.
813 4090 835 4128 n.
847 4079 884 4142 [p.
901 4091 972 4141 1139.
983 4078 1113 4140 t.vs.21.]
1129 4076 1140 4110 ⁴
1157 4081 1230 4130 Acte.
1246 4091 1268 4134 s.
1279 4090 1319 4141 29.

145 4181 168 4217 c.
183 4167 205 4216 si
222 4168 350 4218 dominus.
370 4168 459 4234 [Dect.
484 4170 553 4218 Grat.
564 4179 599 4231 p.
618 4183 642 4218 a.
666 4182 704 4220 11.
715 4183 746 4228 ·3.
760 4168 814 4233 on]
833 4171 933 4219 Eccles.
949 4183 972 4218 c.
988 4172 1011 4218 8.
1026 4181 1065 4218 vs.
1085 4182 1106 4217 1.
1139 4167 1150 4200 ⁵
1168 4183 1191 4218 c.
1206 4169 1319 4232 Julianus

147 4257 234 4319 [Decr.
252 4261 322 4308 Grat.
340 4275 366 4320 p.
382 4273 405 4308 a.
424 4274 462 4309 11.
479 4271 501 4318 3.
515 4260 569 4323 94.]
595 4258 700 4321 ⁶Vasq.
716 4273 739 4310 e.
759 4275 783 4309 a.
796 4274 821 4310 n.
839 4274 877 4310 ta.
903 4255 949 4308 ⁷1.
968 4273 1020 4308 non
1035 4261 1118 4309 solum
1135 4259 1156 4321 5.
1172 4258 1320 4310 rimandam

146 4347 171 4396 ff.
186 4351 217 4397 de
232 4347 333 4407 injuriis
350 4351 404 4412 et§.
420 4349 538 4413 idemque
554 4349 588 4401 ib.
606 4353 650 4414 [D.
665 4363 707 4414 47.
725 4364 763 4400 10.
780 4365 818 4400 11.
835 4353 857 4410 5.
875 4361 898 4409 a.
911 4362 935 4400 ct
952 4349 986 4414 s.]
1007 4349 1019 4384 ⁸
1035 4352 1053 4398 1.
1066 4363 1132 4398 serv.
1147 4363 1199 4398 non
1215 4347 1241 4400 in
1251 4361 1319 4398 onan·

147 4438 171 4486 ff.
185 4441 216 4488 de
232 4452 282 4488 aet.
298 4452 322 4489 et
341 4440 393 4490 obl.
412 4442 456 4504 [D.
476 4456 518 4504 44.
537 4454 561 4500 7.
580 4442 633 4505 ao]
652 4445 670 4491 l.
685 4444 716 4492 ad
732 4456 761 4491 ea
776 4456 849 4504 quae.
861 4442 888 4491 ff.
905 4444 937 4491 dc
950 4455 1001 4501 reg.
1016 4439 1065 4497 jur.
1085 4435 1128 4502 [D.
1144 4451 1183 4496 so.
1194 4450 1232 4498 ¹7·
1250 4437 1319 4505 ran]

147 4541 171 4577 et
183 4529 219 4578 ibi
237 4533 292 4579 Pet.
309 4531 396 4580 Faber.
431 4530 442 4565 ⁹
460 4535 515 4580 Sen.
530 4535 561 4581 de
579 4533 664 4582 benef.
682 4535 700 4582 1.
717 4546 740 4592 ³·
759 4547 781 4582 c.
798 4546 838 4582 ao.
873 4531 894 4565 ¹⁰
912 4533 970 4581 d.1.
988 4543 1011 4580 c.
1027 4533 1049 4578 8.
