3362 5504
322 617 379 677 350
803 616 1012 660 nocumenta·

320 795 404 852 cillos
426 811 485 852 non
506 795 630 852 multum
647 789 777 850 diversos
803 791 980 864 singularum
1000 789 1117 849 navium
1135 791 1297 851 rectoribus
1318 789 1400 851 datos
1418 809 1496 866 esse3

320 899 476 957 Lusitanos
498 912 569 954 vero
593 905 623 954 et
644 896 715 952 alios
742 894 838 953 hostes
861 896 1013 968 Belgarum
1041 895 1241 954 Hemslrercltil
1264 899 1381 956 classem
1402 898 1495 972 copiis

321 1001 471 1060 maritimis
493 1001 646 1068 invasisse,
665 1009 699 1058 ut
717 1000 811 1073 ipsum
830 1011 1018 1072 caeterosque
1041 1001 1142 1072 Belgas
1163 1017 1179 1057 a
1198 991 1496 1074 navigationelndica

320 1117 350 1165 et
381 1105 560 1164 commerciis
591 1103 801 1177 prohiberent,
831 1120 864 1161 ac
892 1114 1041 1177 praeterea
1068 1115 1180 1162 certum
1202 1105 1240 1162 sit
1261 1105 1421 1163 Lusitanos
1443 1123 1495 1164 suo

320 1225 399 1268 more
428 1211 507 1268 cives
535 1210 656 1281 Belgas,
677 1207 728 1280 qui
751 1207 781 1264 in
803 1207 900 1264 Asiam
922 1207 1087 1276 venissent,
1117 1206 1263 1266 hostiliter
1284 1220 1313 1266 et
1335 1207 1495 1267 crudeliter

320 1323 455 1372 tractasse
476 1323 506 1371 et
524 1310 699 1381 trucidasse3
721 1308 869 1384 indigenas
888 1311 994 1381 etiam,
1014 1311 1144 1383 quicum
1157 1310 1312 1370 Holiandis
1322 1314 1494 1371 commercia

320 1417 394 1476 inire
414 1417 596 1491 coepissent,
612 1414 727 1473 urbium
749 1414 1020 1488 oppugnationibus
1041 1425 1072 1472 et
1093 1415 1241 1472 hominum
1263 1415 1398 1474 caedibus
1415 1419 1493 1475 ultos

295 1556 297 1560 ·
320 1538 396 1580 esse:
425 1519 550 1578 Ordines
580 1517 720 1577 foederati
744 1533 833 1586 vero,
855 1519 953 1576 multis
974 1519 1056 1576 antris
1077 1529 1246 1591 antequam
1270 1520 1495 1578 Hemskercltius

321 1625 377 1683 iter
394 1622 430 1682 ad
451 1622 562 1682 Indiam
580 1623 755 1696 susciperet,
779 1623 931 1680 Societatls
953 1621 1070 1680 Indicae
1090 1621 1320 1681 moderatoribus
1341 1639 1494 1697 praecepe-

321 1729 399 1796 rint,
416 1738 450 1787 ut
472 1743 558 1784 naves
575 1743 639 1784 suas
655 1726 746 1800 copiis
768 1726 941 1786 militaribus
961 1727 1158 1794 instruerent,
1175 1743 1234 1799 quo
1252 1728 1353 1784 melius
1366 1727 1494 1799 negotia-

320 1833 429 1890 tionem
450 1829 578 1889 Indicam
599 1831 675 1888 tueri
697 1839 727 1887 et
745 1845 811 1887 cum
829 1828 948 1886 hostiles
964 1829 1173 1888 Lusitanorum
1195 1842 1316 1888 conatus
1337 1832 1493 1903 repellere,

321 1945 382 1994 tum
412 1935 466 2008 ipsi
488 1935 522 1992 iis
543 1934 651 1992 bellum
672 1933 778 1991 lnferre
797 1942 931 2005 possent:
953 1932 1030 1991 unde
1051 1932 1178 2002 factum,
1197 1944 1231 1991 ut
1259 1944 1372 2007 praeter
1392 1934 1501 1992 Heme:

320 2039 470 2097 kerckium
492 2048 521 2096 et
540 2038 576 2094 ab
597 2038 659 2095 aliis
681 2037 798 2093 navium
818 2036 972 2109 praefectis
993 2037 1023 2093 in
1047 2035 1129 2095 India
1150 2037 1294 2095 Orientali
1313 2037 1401 2094 variis
1422 2049 1493 2095 tem-

320 2142 440 2216 poribus
469 2151 499 2198 et
526 2141 598 2200 locis
628 2140 707 2198 bello
737 2149 880 2197 certatum
911 2141 966 2212 sit,
997 2141 1083 2198 etiam
1114 2139 1250 2198 adversus
1278 2157 1407 2214 magnam
1433 2141 1493 2198 vim

320 2248 455 2314 navium,
483 2255 575 2319 utque
595 2246 700 2317 Belgae
718 2253 748 2301 et
768 2244 942 2301 commercia
961 2260 1028 2302 cum
1049 2243 1128 2302 Indis
1149 2245 1225 2303 tueri
1246 2255 1276 2302 et
1298 2260 1384 2317 regna
1404 2256 1492 2319 atque

321 2350 407 2409 urbes
435 2351 540 2408 amicas
568 2348 603 2406 ab
625 2347 756 2405 hostibus
783 2347 906 2406 liberare
934 2358 964 2406 et
983 2348 1138 2406 Lusitanos
1159 2363 1292 2422 superare
1318 2347 1492 2422 praedasque

321 2469 405 2526 agere
432 2453 603 2527 potuerint:
626 2451 809 2536 haecomnia
830 2466 901 2509 vero
929 2451 1016 2508 nullis
1044 2452 1220 2525 reipublicae
1239 2451 1380 2510 sumtibus
1400 2453 1492 2525 pluri·

320 2574 397 2616 mum
427 2555 523 2614 damni
551 2555 684 2613 hostibus
705 2555 877 2624 intulerint,
898 2555 1059 2628 provinciis
1079 2554 1233 2613 foederatis
1252 2567 1355 2614 contra
1374 2571 1491 2629 magnae

320 2663 427 2736 gloriae
456 2671 486 2719 et
516 2661 580 2717 usui
609 2659 686 2729 sint;
717 2675 792 2731 quae
824 2656 950 2715 Ordines
981 2656 1142 2716 foederatos
1167 2670 1339 2729 moverunt,
1369 2670 1403 2717 ut
1431 2675 1491 2717 mo-

320 2765 466 2824 deratores
503 2763 655 2822 societatis
686 2759 802 2818 Indicae
834 2760 869 2819 ad
899 2762 1009 2820 bellum
1040 2760 1176 2820 adversus
1206 2763 1362 2821 Lusitanos
1391 2779 1491 2836 geren-

319 2868 388 2927 dum
420 2869 568 2941 impellere
587 2866 681 2924 velint
702 2876 732 2924 et
753 2865 806 2923 hac
827 2876 923 2923 mente
950 2867 1029 2924 varia
1057 2865 1196 2923 beneficia
1227 2878 1256 2925 et
1282 2867 1435 2940 privilegia
1455 2867 1490 2924 iis

320 2971 496 3031 concedere:

361 3079 426 3156 Qua
456 3073 492 3133 de
521 3089 606 3131 causa
628 3070 754 3131 Ordines
777 3070 950 3130 Holiandiae
977 3070 1149 3142 decrevere,
1170 3082 1203 3131 ut
1223 3075 1377 3146 collegium
1403 3073 1490 3131 ratio·

321 3180 428 3240 nalium
451 3179 598 3252 ceterique
610 3175 826 3236 Holiandorum
845 3158 1025 3249 magistratus
1047 3175 1180 3250 praedam
1200 3177 1231 3234 in
1253 3175 1335 3234 India
1346 3178 1490 3236 Orientali

321 3300 414 3359 nuper
444 3294 555 3357 captam
584 3284 630 3341 vel
659 3282 689 3338 in
717 3291 864 3354 posterum
892 3279 1058 3357 capiendam
1089 3279 1249 3339 Ordinibus
1278 3279 1432 3339 foederatis
1460 3291 1490 3340 et

321 3387 532 3447 Admiralitatis
562 3386 692 3458 collegiis
720 3386 900 3459 permittant.
941 3386 1048 3444 Actum
1070 3385 1167 3458 Hagae
1189 3386 1339 3444 Comitum
1363 3386 1442 3459 Sept.
1461 3383 1490 3442 d.

323 3508 348 3549 1.
367 3491 455 3548 Anno
477 3489 563 3563 1604

810 3623 998 3632 ι--ν-η--ι--μ

863 3718 949 3817 III.

590 3935 774 3992 Senaeurra
795 3949 943 3992 coruram
965 3933 1229 3993 Anmrnaurrarrs.

748 4088 785 4144 A.
811 4089 895 4162 1604.
918 4088 1005 4145 Srrr.
1026 4103 1055 4159 9.

359 4347 503 4427 Quoniam
531 4347 561 4404 in
584 4348 709 4421 collegio
731 4345 961 4419 Admitalitatis,
993 4347 1074 4423 quod
1097 4347 1174 4408 sedet
1197 4348 1421 4420 Amstelodami,
1443 4367 1488 4408 res

318 4449 425 4525 pendet
446 4452 524 4509 inter
545 4450 717 4511 advocatum
740 4451 882 4523 fiscalem,
904 4455 1020 4512 nomine
1040 4453 1146 4523 officii,
1167 4465 1196 4512 et
1222 4455 1387 4513 societatem
1417 4465 1489 4512 octo
