3326 5506
429 639 476 686 DE
500 639 592 706 JURE
618 638 801 684 PRAEDAE.
826 639 905 698 CAP,
930 639 995 686 x11.
1236 639 1297 700 229

122 791 219 856 tiisse
242 806 403 874 testatur,
427 812 501 858 cum
524 791 603 858 olim
631 793 746 877 paucis
769 793 908 859 navibus
931 793 965 858 id
987 793 1173 859 auderetur.
1218 789 1299 856 Inde

122 921 242 987 magna
265 905 390 986 populo
414 904 565 969 Romano
588 904 772 989 vectigalia.
824 903 930 969 Addit
952 904 1079 971 Plinius
1103 911 1112 944 ¹
1137 900 1300 985 impositis

121 1012 370 1097 sagittariorum
393 1013 588 1080 cohortibus
610 1014 785 1097 piratarum
806 1030 894 1081 metu
907 1015 1112 1100 navigatum,
1131 1015 1299 1094 solamque

121 1123 252 1190 Indiam
288 1125 496 1209 quingenties
531 1125 740 1207 sestertium,
775 1125 802 1191 si
837 1126 994 1192 Arabiam
1024 1126 1122 1193 addas
1150 1139 1182 1190 et
1205 1123 1300 1189 Seres

122 1235 265 1317 millies,
289 1235 381 1301 annis
410 1235 563 1302 omnibus
594 1236 746 1304 Romano
779 1237 917 1320 imperio
941 1237 1099 1304 ademisse
1122 1252 1154 1303 et
1176 1253 1299 1300 merces

121 1346 348 1429 centuplicato
385 1346 546 1413 venditas.
592 1347 638 1413 Et
669 1348 748 1414 haec
772 1349 905 1430 quidem
928 1363 1039 1415 vetera
1061 1347 1139 1415 satis
1161 1360 1301 1431 arguunt

122 1457 251 1540 primos
274 1477 340 1523 non
363 1456 465 1524 fuisse
488 1459 677 1526 Lusitanos.
721 1460 759 1524 ln
782 1459 923 1545 singulis
946 1475 1053 1526 autem
1077 1459 1129 1526 sui
1152 1457 1301 1541 partibus

125 1588 273 1634 oceanus
304 1569 359 1634 ille
393 1583 424 1634 et
446 1584 547 1652 tunc,
572 1591 647 1636 cum
669 1569 821 1637 Lusitani
855 1570 991 1656 ingressi
1023 1585 1123 1654 sunt,
1152 1584 1184 1636 et
1206 1586 1300 1633 num·

125 1699 228 1761 quam
250 1699 317 1746 non
339 1681 491 1764 cognitus
510 1679 585 1747 fuit.
622 1681 734 1750 Mauri
758 1680 843 1748 enim
867 1697 899 1746 et
922 1681 1128 1765 Aethiopes,
1151 1680 1302 1757 Arabes,

125 1791 271 1873 Persae,
306 1791 379 1859 Indi
414 1811 482 1857 eam
516 1790 612 1859 maris
646 1807 789 1876 partem,
824 1794 921 1878 cujus
953 1792 1015 1876 ipsi
1043 1794 1170 1858 accolae
1200 1805 1300 1873 sunt,

125 1901 254 1968 nescire
276 1903 464 1985 neutiquam
497 1917 691 1985 potuerunt.
738 1903 951 1970 Mentiuntur
973 1923 1052 1988 ergo
1076 1903 1192 1986 quise
1216 1921 1302 1968 mare

124 2012 214 2078 illud
234 2013 397 2082 invenisse
413 2016 548 2100 jactant.
593 2015 686 2101 Quid
705 2015 826 2099 igitur,
852 2015 938 2082 dicet
957 2015 1099 2098 aliquis,
1123 2034 1301 2099 parvumne

127 2124 287 2207 videtur,
312 2125 404 2208 quod
426 2125 578 2192 Lusitani
603 2125 818 2193 intermissam
842 2126 955 2194 multis
977 2126 1061 2193 forte
1084 2125 1224 2192 saeculis
1245 2145 1301 2191 na·

125 2235 330 2320 rigationem
363 2236 460 2320 primi
492 2252 682 2320 repararunt
712 2253 765 2317 et,
799 2239 891 2320 quod
922 2238 1031 2322 negari
1065 2258 1132 2304 non
1166 2251 1301 2320 potest,

125 2347 312 2430 Europaeis
346 2348 499 2432 gentibus
531 2347 675 2432 ignotam
709 2349 923 2416 ostenderunt
944 2368 1062 2433 magno
1085 2369 1146 2416 suo
1169 2349 1301 2428 labore,

125 2473 262 2539 sumtu,
297 2459 472 2541 periculo?
519 2459 589 2525 Imo
624 2479 725 2539 vero,
760 2459 787 2523 si
820 2459 854 2525 in
889 2460 952 2525 hoc
986 2460 1230 2542 incubuerunt,
1265 2473 1303 2525 ut

126 2570 223 2652 quod
253 2569 315 2636 soli
348 2569 545 2653 reperissent
576 2569 729 2635 omnibus
762 2586 1003 2653 monstrarent,
1038 2571 1112 2652 quis
1145 2571 1225 2637 adeo
1254 2584 1303 2636 est

126 2699 262 2761 amens,
287 2680 344 2762 qui
368 2700 434 2746 non
457 2680 636 2762 plurimum
660 2701 694 2746 se
718 2680 784 2748 illis
807 2682 924 2747 debere
948 2681 1169 2774 profiteatur?
1204 2681 1302 2745 Eam·

126 2792 203 2856 dem
238 2791 322 2856 enim
358 2792 492 2876 gratiam
532 2791 728 2873 laudemque
766 2806 798 2857 et
832 2792 966 2877 gloriam
1003 2793 1214 2858 immortalem
1254 2791 1302 2856 illi

125 2902 389 2986 promeruerint,
424 2924 489 2984 qua
517 2921 631 2968 omnes
654 2903 801 2969 contenti
825 2902 960 2969 fuerunt
983 2923 1090 2969 rerum
1114 2922 1300 2988 magnarum

125 3013 339 3094 inventores,
372 3028 540 3095 quotquot
573 3013 700 3079 scilicet
733 3013 909 3094 nonsibi,
945 3014 1002 3080 sed
1025 3015 1170 3080 humano
1194 3012 1302 3098 generi

126 3124 283 3206 prodesse
305 3125 512 3191 studuerunt.
559 3124 617 3189 Sin
641 3124 812 3190 Lusitanis
833 3145 915 3191 suus
935 3139 1009 3190 ante
1020 3127 1136 3192 oculos
1148 3140 1303 3207 quaestus
1406 3201 1407 3206 ἵ

127 3233 218 3315 fuit,
250 3237 378 3300 lucrum
413 3236 505 3318 quod
540 3255 668 3318 semper
701 3236 877 3303 maximum
911 3251 960 3302 est
994 3236 1027 3302 in
1060 3237 1304 3318 praevertendis

129 3345 409 3430 negotiationibus
433 3347 499 3413 illis
519 3347 667 3414 sufficere
687 3346 814 3414 debuit.
861 3347 907 3412 Et
925 3348 1046 3415 scimus
1066 3347 1182 3413 itinera
1201 3349 1304 3432 prima

127 3472 311 3541 proventus
343 3458 505 3525 interdum
536 3473 653 3540 quater
676 3458 834 3542 decuplos
858 3458 1033 3525 autetiam
1058 3459 1224 3525 uberiores
1249 3459 1305 3526 de-

130 3568 237 3636 disse:
269 3569 391 3651 quibus
423 3567 568 3649 factum,
601 3583 640 3634 ut
672 3568 768 3652 inops
800 3569 859 3635 diu
887 3572 1031 3653 populus
1055 3571 1096 3636 ad
1118 3571 1303 3652 repentinas

130 3680 264 3747 divitias
296 3680 407 3745 subito
439 3695 665 3763 prorumperet
697 3695 789 3746 tanto
822 3683 921 3745 luxus
955 3696 1131 3763 apparatu,
1161 3696 1303 3762 quantus

130 3791 188 3856 vix
219 3790 415 3856 beatissimis
450 3791 603 3876 gentibus
627 3790 660 3858 in
683 3811 835 3875 supremo
859 3809 1048 3876 progressae
1071 3791 1129 3857 diu
1152 3790 1303 3858 fortunae

130 3901 263 3986 fastigio
285 3900 367 3968 ruit.
415 3902 450 3968 Si
481 3921 561 3968 vero
597 3902 700 3968 eidem
736 3903 769 3967 in
802 3905 865 3968 hoc
886 3903 1120 3986 praeiverunt,
1151 3924 1190 3969 ne
1213 3905 1304 3986 quis-

131 4034 229 4095 quam
262 4029 474 4095 sequeretur,
508 4014 642 4098 gratiam
676 4033 741 4079 non
771 4029 936 4081 merentur
959 4034 1034 4080 cum
1055 4016 1183 4080 lucrum
1207 4033 1302 4080 suum

132 4124 355 4207 respexerint,
390 4126 516 4190 lucrum
553 4140 660 4190 autem
694 4145 789 4191 sumn
823 4126 929 4191 dicere
953 4145 1018 4191 non
1041 4141 1202 4208 possunt,
1227 4145 1302 4191 cunr

133 4235 272 4319 eripiant
295 4235 446 4302 alienum.
493 4234 614 4317 Neque
638 4236 723 4302 enim
744 4237 827 4304 illud
846 4252 970 4304 certum
992 4252 1060 4317 est,
1084 4235 1146 4302 nisi
1168 4235 1304 4303 ivissent

143 4387 331 4400 m

168 4472 175 4504 ¹
194 4473 255 4520 loco
274 4472 353 4522 citato
372 4487 397 4524 et
414 4478 431 4523 l.
453 4489 491 4524 ra.
510 4489 532 4524 c.
554 4490 591 4539 19.
