3326 5506
452 630 499 676 DE
523 631 616 697 JURE
643 630 826 677 PRAEDAE.
857 631 936 677 CAP.
961 629 1025 676 XII.
1262 626 1323 692 253

148 787 200 854 vis
222 787 335 870 potius
358 787 501 870 populos
526 801 707 872 congruat,
721 806 818 868 quam
843 787 953 852 ineos
977 786 1010 850 in
1036 805 1120 867 quos
1143 785 1322 850 dicebatur.

149 900 227 966 Non
256 899 340 964 enim
364 899 519 982 piraticae
549 900 606 964 sed
633 913 832 965 mercaturae
852 898 1124 966 studiosissimam
1144 898 1228 962 hanc
1255 915 1324 963 esse

150 1026 303 1097 gentem,
337 1011 454 1077 deinde
488 1011 624 1077 alienam
658 1013 697 1076 ab
728 1011 818 1077 omni
853 1011 1052 1094 rapacitate,
1085 1010 1118 1074 in
1150 1030 1268 1076 venere
1294 1024 1326 1074 et

149 1125 240 1189 omni
269 1123 337 1191 vita
360 1144 435 1207 prae
466 1123 600 1189 caeteris
622 1125 843 1204 moderatam,
868 1127 974 1209 legum
1000 1143 1078 1190 vero
1104 1137 1136 1189 et
1158 1122 1328 1206 magistra·

148 1252 241 1302 tuum
268 1250 301 1301 et
324 1255 487 1302 sacrorum
511 1237 687 1320 praecipue
710 1236 1026 1314 reverentissimam,
1051 1255 1091 1300 ne
1124 1255 1236 1302 omnes
1258 1235 1325 1302 his-

150 1349 249 1415 torias
274 1351 485 1430 evolvamus,
504 1347 666 1433 peregrini
688 1348 747 1432 qui
769 1369 819 1416 res
842 1349 988 1433 Belgicas
1010 1351 1109 1431 paulo
1134 1348 1326 1433 diligentius

151 1462 418 1544 introspexerunt
452 1476 552 1526 testes
594 1476 672 1527 sunt
714 1461 965 1545 locupletissimi
989 1465 1009 1526 ¹.
1067 1460 1191 1526 Merito
1225 1461 1327 1544 igitur

153 1575 186 1638 in
212 1575 301 1639 hunc
324 1572 457 1638 modum
478 1572 620 1638 traducti
638 1572 755 1638 famam
777 1593 877 1640 suam
889 1587 1207 1658 purgarunt‚utque
1228 1573 1328 1637 Indos

155 1686 244 1752 omni
277 1685 465 1768 suspicione
496 1685 693 1766 liberarent,
728 1706 761 1750 re
793 1685 863 1769 ipsa
895 1685 1160 1751 demonstrarunt
1193 1685 1327 1767 quinam

154 1813 284 1878 essent,
319 1797 352 1862 in
388 1817 473 1880 quos
507 1817 593 1863 arma
628 1797 785 1863 Hollandi
820 1799 984 1863 haberent.
1032 1797 1117 1862 Nam
1149 1798 1241 1878 quod
1268 1814 1327 1880 pro

152 1911 251 1976 rebus
274 1909 409 1974 caeteris
426 1909 650 1992 permittitur,
675 1910 733 1991 qui
757 1911 864 1976 minus
887 1931 946 1993 pro
967 1909 1049 1975 fama
1067 1909 1190 1975 liceat?
1216 1908 1327 1975 Armis
1340 1919 1445 2034 5333
1465 1935 1486 2020 ξ.

153 2042 221 2087 earn
245 2021 372 2086 scilicet
396 2021 553 2105 integram
583 2041 735 2104 servare,
757 2025 879 2088 laesam
903 2023 1148 2108 redintegrare,
1173 2022 1265 2104 quod
1289 2021 1327 2087 fit
1444 2007 1451 2020 ’
1479 2005 1486 2019 ’

154 2155 227 2200 cum
264 2135 293 2200 is
329 2135 387 2215 qui
421 2133 645 2199 innocentium
679 2134 952 2201 existimationem
991 2155 1056 2202 non
1085 2137 1174 2221 juste
1209 2134 1326 2216 laesit,

154 2247 297 2313 eamdem
327 2247 400 2330 jure
432 2246 542 2312 victus
572 2247 730 2313 dedecore
760 2267 820 2313 suo
845 2249 954 2330 expiat
976 2249 997 2313 ².
1040 2248 1162 2329 Neque
1184 2247 1320 2312 dubium

155 2375 204 2424 est
235 2359 316 2441 quin
351 2359 391 2424 ad
409 2359 601 2441 ¹exemplum
625 2358 708 2425 furis
732 2360 895 2425 detractor
917 2361 957 2426 ad
978 2360 1220 2426 restitutionem
1244 2358 1328 2425 obli·
1342 2370 1382 2415 Ex
1398 2372 1447 2430 tege
1465 2379 1486 2417 ⁶·

155 2486 272 2556 getur,
308 2492 391 2552 quae
424 2471 451 2534 si
473 2469 566 2536 aliter
588 2472 702 2536 haberi
726 2473 896 2538 commode
919 2492 985 2538 non
1010 2487 1143 2556 potest,
1168 2473 1200 2536 in
1224 2473 1329 2538 mulc-

156 2599 205 2650 tas
227 2584 324 2650 etiam
346 2583 547 2666 pecuniarias
566 2584 780 2650 convertitur.
805 2585 924 2667 Neque
943 2600 1071 2651 tantum
1093 2585 1254 2667 civiliter,
1272 2586 1329 2651 sed
1342 2597 1382 2641 Ex
1396 2601 1446 2658 aga
1466 2611 1487 2655 s·

156 2695 252 2761 etiam
274 2695 484 2762 criminaliter
507 2695 550 2761 ob
574 2696 709 2780 injurias
733 2697 783 2782 agi
808 2712 917 2780 potest
935 2697 969 2778 ³,
994 2717 1061 2779 quo
1084 2697 1213 2762 nomine
1238 2697 1328 2762 Tur-

155 2808 269 2891 piliani
307 2809 584 2874 senatusconsulti
614 2828 718 2892 poena
747 2810 780 2875 in
804 2810 1053 2875 calumniatores
1082 2809 1212 2893 prodita
1236 2824 1285 2876 est
1305 2817 1327 2876 ⁴.

154 2921 273 2986 lisdem
306 2921 408 3005 igitur
440 2921 480 2986 de
512 2921 619 2987 causis
653 2941 735 2988 arma
767 2937 855 2988 recte
887 2922 1135 3006 suscipiuntur:
1169 2935 1207 2987 ut
1239 2923 1327 3004 apud

155 3043 283 3116 poetam
305 3037 336 3097 ⁶:

682 3147 749 3211 Pro
771 3149 912 3236 Jupiter
935 3147 998 3212 ibit

290 3259 378 3340 Hie,
402 3262 477 3341 ait,
502 3273 532 3324 et
557 3262 678 3323 nostris
699 3259 848 3324 illuserit
872 3259 1001 3327 advena
1024 3261 1168 3347 regnis?

290 3371 369 3436 Non
393 3392 492 3436 erana
515 3370 688 3456 expedient
712 3385 848 3457 totaque
871 3393 911 3457 ex
933 3373 1013 3437 urbe
1037 3387 1241 3458 sequentur,

289 3482 533 3570 Deripientque
556 3497 647 3548 rates
670 3482 734 3548 alii
758 3482 966 3552 navalibus?
992 3489 1061 3566 ite,

289 3595 390 3660 Ferte
412 3599 474 3660 citi
490 3595 667 3681 stammas,
692 3593 770 3661 date
792 3594 889 3676 vela,
914 3595 1076 3682 impellite
1098 3616 1212 3662 remos.

201 3706 295 3794 Quin
327 3707 422 3774 etiam
452 3725 508 3772 eos
533 3705 647 3789 quiin
674 3707 760 3772 bello
782 3710 909 3774 hostem
934 3707 1149 3775 amarioribus
1172 3708 1328 3774 convitiis

193 3969 200 4002 ¹
220 3971 251 4018 V.
269 3971 437 4020 chassaneum
456 3972 488 4020 ad
506 3982 588 4022 const.
606 3973 679 4033 Burg.
697 3972 724 4020 in
741 3971 823 4033 praef.
841 3972 873 4020 ad
890 3971 997 4020 verbum
1018 3971 1221 4033 Hollandiae,et
1242 3971 1332 4020 Guicc.

157 4061 283 4110 derebus
302 4063 428 4124 Belgicis,
446 4063 473 4110 in
492 4076 514 4111 c.
533 4064 564 4112 de
582 4063 695 4112 moribus
714 4075 738 4112 et
765 4063 994 4112 consuetudinibus
1013 4074 1038 4111 et
1056 4063 1083 4111 in
1101 4076 1124 4111 c.
1143 4064 1174 4112 de
1192 4063 1331 4110 Hollandia

158 4164 184 4200 er
202 4153 229 4201 in
247 4167 270 4202 c.
289 4155 321 4202 de
338 4155 469 4215 regimine.
505 4151 582 4203 ²Dd.
605 4157 636 4202 ad
654 4157 670 4202 l.
688 4155 778 4204 furem.
796 4155 822 4203 tf.
840 4158 871 4203 ad
889 4157 907 4203 l.
926 4156 1052 4204 Cormde
1072 4155 1117 4203 sic.
1136 4165 1161 4202 et
1180 4155 1247 4203 adl.
1268 4167 1289 4201 1.
1307 4154 1333 4201 ff.

159 4247 191 4294 de
214 4246 315 4305 poenis.
338 4244 381 4309 [D.
406 4249 447 4308 48.
472 4249 495 4294 8.
521 4261 545 4309 9.
571 4258 596 4295 er
616 4248 650 4316 ¹D.
677 4249 717 4308 48.
738 4247 788 4311 19.]
808 4249 877 4296 Vict.
895 4249 927 4296 de
945 4245 1001 4304 jure
1020 4247 1083 4295 belli
1101 4259 1126 4294 n.
1144 4259 1168 4306 4.
1187 4247 1246 4293 Pan.
1264 4245 1291 4293 in
1311 4259 1333 4292 c.

159 4336 222 4384 olim
240 4339 272 4386 de
289 4349 349 4386 rest.
367 4341 434 4398 spol.
451 4352 477 4386 n.
498 4351 536 4397 17.
556 4339 695 4401 [Decretal.
716 4353 738 4387 2.
760 4352 798 4397 13.
818 4338 869 4402 ra]
907 4338 917 4371 ³
935 4341 995 4388 Inst.
1015 4341 1046 4389 de
1065 4337 1140 4396 injur.
1160 4341 1183 4396 §.
1194 4337 1221 4385 in
1229 4350 1333 4385 summa.

161 4426 193 4492 [1.
213 4441 238 4490 4.
257 4441 282 4490 4.
300 4433 321 4488 §.
342 4429 394 4493 10.]
430 4428 441 4459 ⁴
459 4429 516 4491 Dig.
534 4432 565 4479 ad
583 4433 605 4480 S.
624 4432 653 4479 C.
671 4431 751 4491 Turp.
769 4442 825 4480 toto
843 4432 883 4480 tit.
904 4429 948 4494 [D.
966 4433 1007 4492 48.
1029 4431 1079 4493 ro]
1115 4428 1126 4460 ⁵
1146 4429 1248 4492 [virgil.
1267 4432 1333 4479 Aen.

159 4521 178 4568 l.
195 4533 221 4581 4.
239 4533 278 4570 vs.
296 4519 365 4586 spo]
854 4531 858 4538 ·
