3362 5504
347 600 409 680 31⁶
619 618 682 663 *ne
706 616 799 683 Junn
826 615 1010 662 onerose·
1036 615 1118 661 cnr.
1143 617 1219 663 xiv.

344 773 462 837 horum
495 771 694 852 subtilitati,
726 787 953 856 praeterquam
989 773 1081 854 quod
1112 775 1236 840 ratione
1259 776 1351 840 nulla
1372 773 1517 853 nititur,

199 883 388 999 §tangito
409 885 671 952 commodissime
694 886 821 951 occurri
841 901 972 969 potest,
997 886 1024 951 si
1053 887 1222 968 dicamus,
1248 887 1340 970 quod
1363 886 1441 952 alibi
1464 887 1519 951 de-

200 986 271 1054 conclf
286 985 330 1054 1Χῖ
345 1012 559 1062 monstratum
581 1013 653 1079 est,
677 993 783 1080 primo
807 1019 843 1062 ac
864 1019 921 1081 per
944 1019 1001 1079 se,
1026 1020 1066 1065 ex
1087 1000 1173 1065 bello
1187 999 1277 1082 quod
1289 999 1442 1064 mandato
1455 1020 1517 1082 pu-

345 1109 431 1175 blico
451 1110 719 1190 administratur,
739 1111 889 1194 praedam
913 1111 952 1176 ad
975 1112 1208 1194 rempublicam
1226 1113 1405 1195 pertinere:
1430 1111 1519 1178 sicut

345 1237 452 1287 autem
485 1223 568 1316 hanc
599 1223 701 1305 ipsam
726 1243 742 1288 a
766 1224 935 1306 republica
958 1244 1086 1305 emere,
1110 1224 1154 1290 ita
1176 1225 1263 1290 dono
1287 1223 1434 1307 accipere
1455 1225 1519 1289 ho·

344 1350 473 1401 nestum
495 1350 552 1400 est.
586 1335 632 1400 Et
654 1335 742 1417 apud
765 1336 945 1401 Homerum
968 1339 1028 1402 hac
1049 1337 1088 1402 de
1109 1357 1226 1419 causa,
1240 1337 1331 1418 quod
1347 1337 1387 1401 de
1398 1336 1517 1418 praeda

343 1447 475 1530 publica
498 1447 637 1532 singulis
650 1447 784 1513 virtutis
797 1469 875 1532 ergo
887 1448 1081 1515 attributum
1102 1465 1169 1526 est,
1183 1449 1281 1515 modo
1294 1455 1393 1525 κῦδος,
1419 1448 1519 1514 modo

343 1563 431 1642 γέρας
465 1559 706 1626 honestissimis
738 1550 921 1627 vocabulis
945 1561 1078 1628 dicitur.
1136 1563 1246 1648 Quare
1277 1582 1351 1627 cum
1374 1561 1519 1626 Ordines

344 1672 580 1738 mercatoribus
606 1673 755 1756 praedam
787 1674 996 1739 concedendo
1019 1674 1129 1740 testati
1151 1674 1216 1739 sint
1239 1694 1272 1741 se
1296 1674 1341 1738 ita
1361 1693 1518 1753 censere,

345 1784 491 1867 ipsorum
525 1805 601 1850 cura
636 1800 734 1866 atque
769 1785 926 1868 impensis
960 1786 1120 1871 egregiam
1152 1805 1281 1870 operam
1316 1785 1518 1868 reipublicae

345 1911 493 1963 navatam
525 1916 613 1976 esse,
638 1898 715 1963 dum
740 1898 828 1964 hosti
853 1899 1016 1964 communi
1037 1899 1123 1967 vires
1145 1899 1356 1979 adimuntur,
1381 1917 1518 1978 eamque

345 2010 387 2074 ob
411 2029 477 2074 rem
501 2010 585 2075 velle
608 2029 642 2075 se
665 2009 874 2094 gratitudinis
896 2031 992 2076 eausa
1023 2011 1113 2094 ipsos
1137 2012 1245 2077 eadem
1270 2012 1387 2094 praeda
1411 2030 1518 2076 remu·

343 2121 468 2203 nenati,
499 2141 608 2188 nonne
632 2122 797 2205 quidquid
817 2122 893 2188 inde
916 2124 1122 2206 pervenerit,
1146 2125 1209 2189 hoc
1231 2123 1518 2207 praemium-bene

343 2233 450 2299 meriti
471 2233 503 2298 in
531 2234 666 2317 patriam
691 2234 941 2301 existimandum
966 2251 1037 2318 est,
1063 2255 1131 2318 quo
1151 2236 1232 2318 quid
1254 2237 1383 2302 tandem
1408 2249 1519 2318 potest

344 2365 413 2412 esse
436 2346 660 2428 praeclarius?
685 2347 853 2413 Praeterea
881 2367 959 2413 vero
982 2368 1066 2430 quae
1106 2348 1232 2415 invidia
1256 2363 1304 2414 est
1325 2326 1452 2413 tanturn
1477 2367 1517 2412 ex

343 2457 496 2523 hostibus
526 2459 709 2540 consequi,
744 2479 811 2541 quo
844 2460 959 2525 damna
991 2475 1023 2525 et
1043 2459 1208 2543 impensae
1240 2460 1280 2526 ad
1309 2461 1517 2526 instruendas

343 2570 577 2652 armandasque
605 2589 704 2636 naves
733 2569 839 2636 factae
863 2587 895 2637 et
916 2591 1014 2654 porro
1035 2570 1201 2638 faciendae
1223 2573 1262 2638 ab
1284 2571 1399 2638 iisdem
1421 2593 1516 2638 reeu-

342 2697 519 2764 perentur,
543 2682 613 2748 sine
637 2682 760 2765 quibus
782 2699 866 2750 esset
888 2700 925 2749 ut
954 2705 1006 2749 eas
1028 2684 1189 2767 impensas
1210 2683 1317 2750 fecere
1339 2704 1436 2750 nemo
1460 2705 1516 2750 co-

343 2794 499 2878 geretur?
525 2794 611 2859 Nam
635 2794 663 2859 si
687 2795 761 2876 quis
784 2796 830 2862 rei
853 2810 1001 2862 naturam
1023 2797 1195 2881 diligenter
1214 2797 1418 2879 consideret,
1433 2797 1515 2863 nihil

342 2907 405 2971 hoc
436 2906 565 2972 differre
599 2906 745 2973 inveniet
775 2909 814 2973 ab
847 2908 922 2989 his,
947 2929 1030 2990 quae
1052 2930 1109 2992 per
1130 2930 1194 2975 rem
1217 2909 1396 2993 judicatam
1418 2909 1515 2976 nobis

342 3018 564 3103 adjiciuntur,
597 3019 630 3084 in
659 3040 756 3102 quam
787 3018 925 3086 veniunt
958 3036 990 3086 et
1022 3020 1135 3087 damna
1164 3037 1197 3087 et
1219 3021 1408 3105 impensae,
1432 3041 1515 3104 quae

341 3149 407 3197 non
431 3152 503 3197 raro
529 3132 731 3198 exsecutoris
761 3151 860 3197 manu
892 3131 988 3198 etiam
1012 3149 1132 3199 armata
1163 3134 1391 3216 consequenda
1424 3147 1514 3200 sunt.

341 3243 428 3307 lllud
461 3243 561 3327 igitur
593 3245 809 3310 constitutum
844 3245 909 3339 sith,
933 3245 1019 3310 sicut
1040 3246 1215 3328 acquisitio
1246 3247 1335 3331 justa
1357 3245 1446 3328 fuit,
1471 3247 1516 3310 ita

342 3353 424 3419 nihil
447 3375 516 3420 esse
535 3376 593 3421 cur
615 3358 779 3438 possessio
803 3357 912 3423 minus
931 3359 1070 3424 honesta
1091 3359 1267 3442 judicetur.

740 3678 986 3744 CAPUT
1032 3680 1108 3744 XV.

345 3837 441 3901 Pnns
473 3837 499 3902 Ι.
527 3837 685 3903 ΠΤηΕΜ
706 3858 790 3904 esse
814 3860 986 3905 rannone
1010 3861 1514 3928 HuJuscserunnM,1NQun

522 3969 768 4015 rusenunrun
793 3971 1052 4019 ononnenarn.

522 4086 547 4149 Ι.
595 4084 708 4150 Onne
729 4107 876 4171 Jusrurh
901 4109 1027 4154 orrea.

518 4221 562 4288 ΙΙ.
596 4221 709 4287 Onne
734 4244 935 4292 uonesrunr
958 4246 1086 4294 untes.

526 4357 583 4423 ΙΙΙ.
602 4359 727 4426 Unice
753 4383 962 4432 ansecrnue
988 4386 1083 4450 ouon
1104 4389 1240 4436 snsrur
1265 4389 1519 4436 nereunrrcse

594 4490 799 4539 convente.
