<?xml version="1.0" encoding="UTF-8"?>
<!DOCTYPE html PUBLIC "-//W3C//DTD XHTML 1.0 Transitional//EN"
    "http://www.w3.org/TR/xhtml1/DTD/xhtml1-transitional.dtd">
<html xmlns="http://www.w3.org/1999/xhtml" xml:lang="en" lang="en">
 <head>
  <title>
</title>
<meta http-equiv="Content-Type" content="text/html;charset=utf-8" />
  <meta name='ocr-system' content='tesseract 3.04.00' />
  <meta name='ocr-capabilities' content='ocr_page ocr_carea ocr_par ocr_line ocrx_word'/>
</head>
<body>
  <div class='ocr_page' id='page_1' title='image "./ledroitdeprised01hamagoog_0280.png"; bbox 0 0 3326 5506; ppageno 0'>
   <div class='ocr_carea' id='block_1_1' title="bbox 373 617 1242 698">
    <p class='ocr_par' dir='ltr' id='par_1_1' title="bbox 373 617 1242 698">
     <span class='ocr_line' id='line_1_1' title="bbox 373 617 1242 698; baseline 0.002 -21"><span class='ocrx_word' id='word_1_1' title='bbox 373 617 435 694; x_wconf 83' lang='lat'>258</span> <span class='ocrx_word' id='word_1_2' title='bbox 686 631 733 676; x_wconf 82' lang='lat' dir='ltr'>nr</span> <span class='ocrx_word' id='word_1_3' title='bbox 756 630 848 694; x_wconf 77' lang='lat' dir='ltr'>June</span> <span class='ocrx_word' id='word_1_4' title='bbox 875 628 1058 698; x_wconf 52' lang='lat' dir='ltr'>rancoris,</span> <span class='ocrx_word' id='word_1_5' title='bbox 1083 628 1152 676; x_wconf 82' lang='lat' dir='ltr'>cnr</span> <span class='ocrx_word' id='word_1_6' title='bbox 1176 628 1242 680; x_wconf 78' lang='lat' dir='ltr'>xn-</span> 
     </span>
    </p>
   </div>
   <div class='ocr_carea' id='block_1_2' title="bbox 216 781 1654 3450">
    <p class='ocr_par' dir='ltr' id='par_1_2' title="bbox 372 781 1551 1536">
     <span class='ocr_line' id='line_1_2' title="bbox 373 781 1550 866; baseline -0.002 -17"><span class='ocrx_word' id='word_1_7' title='bbox 373 783 495 852; x_wconf 91' lang='lat' dir='ltr'>tionem</span> <span class='ocrx_word' id='word_1_8' title='bbox 517 805 590 850; x_wconf 91' lang='lat' dir='ltr'>curn</span> <span class='ocrx_word' id='word_1_9' title='bbox 613 784 728 850; x_wconf 88' lang='lat' dir='ltr'>exsilio</span> <span class='ocrx_word' id='word_1_10' title='bbox 749 799 807 850; x_wconf 91' lang='lat' dir='ltr'>aut</span> <span class='ocrx_word' id='word_1_11' title='bbox 829 782 978 862; x_wconf 87' lang='lat' dir='ltr'>infamia,</span> <span class='ocrx_word' id='word_1_12' title='bbox 1001 784 1178 866; x_wconf 80' lang='lat' dir='ltr'>pleraeque</span> <span class='ocrx_word' id='word_1_13' title='bbox 1201 802 1281 848; x_wconf 90' lang='lat' dir='ltr'>vero</span> <span class='ocrx_word' id='word_1_14' title='bbox 1301 796 1441 848; x_wconf 89' lang='lat' dir='ltr'>mortem</span> <span class='ocrx_word' id='word_1_15' title='bbox 1463 781 1550 847; x_wconf 91' lang='lat' dir='ltr'>irro-</span> 
     </span>
     <span class='ocr_line' id='line_1_3' title="bbox 374 892 1550 982; baseline -0.003 -21"><span class='ocrx_word' id='word_1_16' title='bbox 374 911 463 980; x_wconf 83' lang='lat' dir='ltr'>gant.</span> <span class='ocrx_word' id='word_1_17' title='bbox 509 897 578 962; x_wconf 92' lang='lat' dir='ltr'>Has</span> <span class='ocrx_word' id='word_1_18' title='bbox 600 895 703 982; x_wconf 83' lang='lat' dir='ltr'>igitur</span> <span class='ocrx_word' id='word_1_19' title='bbox 723 916 844 980; x_wconf 89' lang='lat' dir='ltr'>poenas</span> <span class='ocrx_word' id='word_1_20' title='bbox 867 913 966 975; x_wconf 88' lang='lat' dir='ltr'>cum,</span> <span class='ocrx_word' id='word_1_21' title='bbox 990 909 1028 960; x_wconf 89' lang='lat' dir='ltr'>ut</span> <span class='ocrx_word' id='word_1_22' title='bbox 1050 914 1127 960; x_wconf 87' lang='lat' dir='ltr'>mox</span> <span class='ocrx_word' id='word_1_23' title='bbox 1139 892 1306 973; x_wconf 87' lang='lat' dir='ltr'>dicemus,</span> <span class='ocrx_word' id='word_1_24' title='bbox 1316 892 1445 977; x_wconf 86' lang='lat' dir='ltr'>judicio</span> <span class='ocrx_word' id='word_1_25' title='bbox 1459 892 1550 978; x_wconf 87' lang='lat' dir='ltr'>exigi</span> 
     </span>
     <span class='ocr_line' id='line_1_4' title="bbox 374 1004 1550 1091; baseline -0.001 -21"><span class='ocrx_word' id='word_1_26' title='bbox 374 1027 439 1070; x_wconf 94' lang='lat' dir='ltr'>non</span> <span class='ocrx_word' id='word_1_27' title='bbox 472 1021 630 1089; x_wconf 89' lang='lat' dir='ltr'>possent,</span> <span class='ocrx_word' id='word_1_28' title='bbox 662 1007 758 1074; x_wconf 90' lang='lat' dir='ltr'>armis</span> <span class='ocrx_word' id='word_1_29' title='bbox 791 1007 920 1091; x_wconf 84' lang='lat' dir='ltr'>exigere</span> <span class='ocrx_word' id='word_1_30' title='bbox 948 1005 1044 1071; x_wconf 89' lang='lat' dir='ltr'>licuit</span> <span class='ocrx_word' id='word_1_31' title='bbox 1076 1011 1107 1069; x_wconf 92' lang='lat'>¹:</span> <span class='ocrx_word' id='word_1_32' title='bbox 1139 1004 1301 1087; x_wconf 88' lang='lat' dir='ltr'>siquidem</span> <span class='ocrx_word' id='word_1_33' title='bbox 1332 1019 1365 1070; x_wconf 90' lang='lat' dir='ltr'>et</span> <span class='ocrx_word' id='word_1_34' title='bbox 1398 1025 1456 1071; x_wconf 91' lang='lat' dir='ltr'>eos</span> <span class='ocrx_word' id='word_1_35' title='bbox 1488 1004 1550 1088; x_wconf 94' lang='lat' dir='ltr'>qui</span> 
     </span>
     <span class='ocr_line' id='line_1_5' title="bbox 372 1116 1551 1202; baseline -0.003 -19"><span class='ocrx_word' id='word_1_36' title='bbox 372 1118 451 1184; x_wconf 88' lang='lat' dir='ltr'>alias</span> <span class='ocrx_word' id='word_1_37' title='bbox 472 1118 612 1202; x_wconf 86' lang='lat' dir='ltr'>subjecti</span> <span class='ocrx_word' id='word_1_38' title='bbox 634 1118 730 1186; x_wconf 91' lang='lat' dir='ltr'>nobis</span> <span class='ocrx_word' id='word_1_39' title='bbox 752 1138 819 1184; x_wconf 93' lang='lat' dir='ltr'>non</span> <span class='ocrx_word' id='word_1_40' title='bbox 840 1133 939 1199; x_wconf 91' lang='lat' dir='ltr'>sunt,</span> <span class='ocrx_word' id='word_1_41' title='bbox 963 1117 1005 1183; x_wconf 92' lang='lat' dir='ltr'>ad</span> <span class='ocrx_word' id='word_1_42' title='bbox 1015 1116 1221 1199; x_wconf 89' lang='lat' dir='ltr'>punitionem</span> <span class='ocrx_word' id='word_1_43' title='bbox 1237 1131 1447 1199; x_wconf 89' lang='lat' dir='ltr'>peccatorum</span> <span class='ocrx_word' id='word_1_44' title='bbox 1461 1135 1551 1198; x_wconf 89' lang='lat' dir='ltr'>quae</span> 
     </span>
     <span class='ocr_line' id='line_1_6' title="bbox 373 1227 1551 1312; baseline -0.002 -18"><span class='ocrx_word' id='word_1_45' title='bbox 373 1227 407 1294; x_wconf 93' lang='lat' dir='ltr'>in</span> <span class='ocrx_word' id='word_1_46' title='bbox 434 1249 495 1296; x_wconf 95' lang='lat' dir='ltr'>nos</span> <span class='ocrx_word' id='word_1_47' title='bbox 528 1229 784 1309; x_wconf 89' lang='lat' dir='ltr'>commiserunt,</span> <span class='ocrx_word' id='word_1_48' title='bbox 817 1243 905 1294; x_wconf 91' lang='lat' dir='ltr'>recte</span> <span class='ocrx_word' id='word_1_49' title='bbox 934 1229 1022 1296; x_wconf 89' lang='lat' dir='ltr'>bello</span> <span class='ocrx_word' id='word_1_50' title='bbox 1046 1228 1112 1312; x_wconf 91' lang='lat' dir='ltr'>peti</span> <span class='ocrx_word' id='word_1_51' title='bbox 1135 1229 1392 1295; x_wconf 89' lang='lat' dir='ltr'>demonstratum</span> <span class='ocrx_word' id='word_1_52' title='bbox 1414 1243 1491 1308; x_wconf 90' lang='lat' dir='ltr'>est,</span> <span class='ocrx_word' id='word_1_53' title='bbox 1518 1241 1551 1292; x_wconf 91' lang='lat' dir='ltr'>et</span> 
     </span>
     <span class='ocr_line' id='line_1_7' title="bbox 374 1337 1551 1425; baseline -0.001 -20"><span class='ocrx_word' id='word_1_54' title='bbox 374 1339 433 1423; x_wconf 90' lang='lat' dir='ltr'>qui</span> <span class='ocrx_word' id='word_1_55' title='bbox 462 1341 552 1425; x_wconf 79' lang='lat' dir='ltr'>Juste</span> <span class='ocrx_word' id='word_1_56' title='bbox 581 1341 706 1406; x_wconf 89' lang='lat' dir='ltr'>bellum</span> <span class='ocrx_word' id='word_1_57' title='bbox 732 1339 840 1424; x_wconf 84' lang='lat' dir='ltr'>gerit,</span> <span class='ocrx_word' id='word_1_58' title='bbox 864 1359 938 1405; x_wconf 90' lang='lat' dir='ltr'>eum</span> <span class='ocrx_word' id='word_1_59' title='bbox 961 1360 1021 1423; x_wconf 92' lang='lat' dir='ltr'>per</span> <span class='ocrx_word' id='word_1_60' title='bbox 1042 1340 1150 1405; x_wconf 91' lang='lat' dir='ltr'>omnia</span> <span class='ocrx_word' id='word_1_61' title='bbox 1170 1338 1295 1424; x_wconf 73' lang='lat' dir='ltr'>iudicis</span> <span class='ocrx_word' id='word_1_62' title='bbox 1314 1337 1463 1422; x_wconf 88' lang='lat' dir='ltr'>accipere</span> <span class='ocrx_word' id='word_1_63' title='bbox 1487 1360 1551 1422; x_wconf 90' lang='lat' dir='ltr'>po·</span> 
     </span>
     <span class='ocr_line' id='line_1_8' title="bbox 374 1449 1550 1536; baseline 0 -21"><span class='ocrx_word' id='word_1_64' title='bbox 374 1465 535 1518; x_wconf 88' lang='lat' dir='ltr'>testatem.</span> <span class='ocrx_word' id='word_1_65' title='bbox 582 1451 751 1517; x_wconf 87' lang='lat' dir='ltr'>Hactenus</span> <span class='ocrx_word' id='word_1_66' title='bbox 780 1451 820 1516; x_wconf 91' lang='lat' dir='ltr'>de</span> <span class='ocrx_word' id='word_1_67' title='bbox 851 1450 976 1516; x_wconf 91' lang='lat' dir='ltr'>causis:</span> <span class='ocrx_word' id='word_1_68' title='bbox 1005 1452 1072 1536; x_wconf 88' lang='lat' dir='ltr'>jam</span> <span class='ocrx_word' id='word_1_69' title='bbox 1095 1451 1137 1516; x_wconf 85' lang='lat' dir='ltr'>de</span> <span class='ocrx_word' id='word_1_70' title='bbox 1157 1451 1311 1516; x_wconf 87' lang='lat' dir='ltr'>hostibus</span> <span class='ocrx_word' id='word_1_71' title='bbox 1334 1449 1415 1533; x_wconf 93' lang='lat' dir='ltr'>ipsis</span> <span class='ocrx_word' id='word_1_72' title='bbox 1433 1450 1550 1516; x_wconf 81' lang='lat' dir='ltr'>videa-</span> 
     </span>
    </p>

    <p class='ocr_par' dir='ltr' id='par_1_3' title="bbox 233 1561 1550 1680">
     <span class='ocr_line' id='line_1_9' title="bbox 233 1561 1550 1680; baseline 0 -52"><span class='ocrx_word' id='word_1_73' title='bbox 233 1578 275 1680; x_wconf 50' lang='grc' dir='ltr'>ᾖε</span> <span class='ocrx_word' id='word_1_74' title='bbox 288 1581 360 1680; x_wconf 51' lang='lat'>20:355.</span> <span class='ocrx_word' id='word_1_75' title='bbox 374 1583 460 1629; x_wconf 93' lang='lat' dir='ltr'>mus.</span> <span class='ocrx_word' id='word_1_76' title='bbox 504 1563 636 1647; x_wconf 91' lang='lat' dir='ltr'>Justum</span> <span class='ocrx_word' id='word_1_77' title='bbox 669 1562 771 1647; x_wconf 85' lang='lat' dir='ltr'>igitur</span> <span class='ocrx_word' id='word_1_78' title='bbox 801 1563 925 1628; x_wconf 89' lang='lat' dir='ltr'>bellum</span> <span class='ocrx_word' id='word_1_79' title='bbox 952 1582 1023 1628; x_wconf 91' lang='lat' dir='ltr'>esse</span> <span class='ocrx_word' id='word_1_80' title='bbox 1044 1563 1258 1646; x_wconf 86' lang='lat' dir='ltr'>probavimus</span> <span class='ocrx_word' id='word_1_81' title='bbox 1281 1562 1314 1627; x_wconf 92' lang='lat' dir='ltr'>in</span> <span class='ocrx_word' id='word_1_82' title='bbox 1338 1561 1491 1647; x_wconf 86' lang='lat' dir='ltr'>singulos</span> <span class='ocrx_word' id='word_1_83' title='bbox 1517 1577 1550 1628; x_wconf 91' lang='lat' dir='ltr'>et</span> 
     </span>
    </p>

    <p class='ocr_par' dir='ltr' id='par_1_4' title="bbox 231 1665 1654 3323">
     <span class='ocr_line' id='line_1_10' title="bbox 231 1665 1549 1760; baseline 0.007 -27"><span class='ocrx_word' id='word_1_84' title='bbox 231 1665 275 1734; x_wconf 81' lang='lat'>11.‘</span> <span class='ocrx_word' id='word_1_85' title='bbox 353 1666 407 1740; x_wconf 76' lang='lat' dir='ltr'>‘in</span> <span class='ocrx_word' id='word_1_86' title='bbox 440 1673 696 1757; x_wconf 86' lang='lat' dir='ltr'>rempublicam,</span> <span class='ocrx_word' id='word_1_87' title='bbox 732 1673 791 1756; x_wconf 91' lang='lat' dir='ltr'>qui</span> <span class='ocrx_word' id='word_1_88' title='bbox 830 1694 955 1756; x_wconf 87' lang='lat' dir='ltr'>quaeve</span> <span class='ocrx_word' id='word_1_89' title='bbox 984 1674 1122 1758; x_wconf 83' lang='lat' dir='ltr'>cujusve</span> <span class='ocrx_word' id='word_1_90' title='bbox 1151 1674 1358 1759; x_wconf 81' lang='lat' dir='ltr'>magistratus</span> <span class='ocrx_word' id='word_1_91' title='bbox 1391 1675 1549 1760; x_wconf 88' lang='lat' dir='ltr'>injuriam</span> 
     </span>
     <span class='ocr_line' id='line_1_11' title="bbox 373 1783 1548 1871; baseline 0.002 -20"><span class='ocrx_word' id='word_1_92' title='bbox 373 1783 548 1866; x_wconf 85' lang='lat' dir='ltr'>fecerunt,</span> <span class='ocrx_word' id='word_1_93' title='bbox 583 1799 615 1850; x_wconf 89' lang='lat' dir='ltr'>et</span> <span class='ocrx_word' id='word_1_94' title='bbox 646 1784 680 1849; x_wconf 95' lang='lat' dir='ltr'>in</span> <span class='ocrx_word' id='word_1_95' title='bbox 701 1785 953 1868; x_wconf 89' lang='lat' dir='ltr'>rempublicam,</span> <span class='ocrx_word' id='word_1_96' title='bbox 983 1805 1067 1866; x_wconf 92' lang='lat' dir='ltr'>quae</span> <span class='ocrx_word' id='word_1_97' title='bbox 1089 1784 1195 1850; x_wconf 85' lang='lat' dir='ltr'>civem</span> <span class='ocrx_word' id='word_1_98' title='bbox 1219 1785 1356 1871; x_wconf 87' lang='lat' dir='ltr'>injuriae</span> <span class='ocrx_word' id='word_1_99' title='bbox 1376 1802 1548 1855; x_wconf 91' lang='lat' dir='ltr'>auctorem</span> 
     </span>
     <span class='ocr_line' id='line_1_12' title="bbox 375 1895 1548 1983; baseline 0.004 -21"><span class='ocrx_word' id='word_1_100' title='bbox 375 1911 504 1962; x_wconf 90' lang='lat' dir='ltr'>tuctur:</span> <span class='ocrx_word' id='word_1_101' title='bbox 540 1895 686 1978; x_wconf 88' lang='lat' dir='ltr'>itemque</span> <span class='ocrx_word' id='word_1_102' title='bbox 720 1895 753 1960; x_wconf 92' lang='lat' dir='ltr'>in</span> <span class='ocrx_word' id='word_1_103' title='bbox 786 1915 897 1962; x_wconf 87' lang='lat' dir='ltr'>eorum</span> <span class='ocrx_word' id='word_1_104' title='bbox 932 1895 1100 1977; x_wconf 89' lang='lat' dir='ltr'>omnium,</span> <span class='ocrx_word' id='word_1_105' title='bbox 1136 1897 1196 1980; x_wconf 92' lang='lat' dir='ltr'>qui</span> <span class='ocrx_word' id='word_1_106' title='bbox 1218 1896 1345 1964; x_wconf 76' lang='lat' dir='ltr'>faciunt</span> <span class='ocrx_word' id='word_1_107' title='bbox 1367 1898 1548 1983; x_wconf 85' lang='lat' dir='ltr'>injuriam,</span> 
     </span>
     <span class='ocr_line' id='line_1_13' title="bbox 374 2007 1549 2093; baseline 0.002 -19"><span class='ocrx_word' id='word_1_108' title='bbox 374 2008 482 2076; x_wconf 93' lang='lat' dir='ltr'>socios</span> <span class='ocrx_word' id='word_1_109' title='bbox 513 2007 745 2091; x_wconf 89' lang='lat' dir='ltr'>subditosque.</span> <span class='ocrx_word' id='word_1_110' title='bbox 790 2008 862 2074; x_wconf 91' lang='lat' dir='ltr'>Pcti</span> <span class='ocrx_word' id='word_1_111' title='bbox 894 2008 997 2093; x_wconf 84' lang='lat' dir='ltr'>igitur</span> <span class='ocrx_word' id='word_1_112' title='bbox 1025 2009 1113 2075; x_wconf 90' lang='lat' dir='ltr'>bello</span> <span class='ocrx_word' id='word_1_113' title='bbox 1142 2023 1323 2092; x_wconf 90' lang='lat' dir='ltr'>potuerunt</span> <span class='ocrx_word' id='word_1_114' title='bbox 1345 2031 1362 2076; x_wconf 92' lang='lat' dir='ltr'>a</span> <span class='ocrx_word' id='word_1_115' title='bbox 1388 2011 1549 2077; x_wconf 87' lang='lat' dir='ltr'>societate</span> 
     </span>
     <span class='ocr_line' id='line_1_14' title="bbox 374 2119 1548 2204; baseline 0 -17"><span class='ocrx_word' id='word_1_116' title='bbox 374 2121 485 2187; x_wconf 90' lang='lat' dir='ltr'>Indica</span> <span class='ocrx_word' id='word_1_117' title='bbox 498 2119 738 2187; x_wconf 89' lang='lat' dir='ltr'>Hollandorum</span> <span class='ocrx_word' id='word_1_118' title='bbox 761 2119 867 2203; x_wconf 90' lang='lat' dir='ltr'>primo</span> <span class='ocrx_word' id='word_1_119' title='bbox 891 2121 964 2186; x_wconf 92' lang='lat' dir='ltr'>loco</span> <span class='ocrx_word' id='word_1_120' title='bbox 985 2119 1108 2204; x_wconf 83' lang='lat' dir='ltr'>singuli</span> <span class='ocrx_word' id='word_1_121' title='bbox 1120 2119 1378 2200; x_wconf 88' lang='lat' dir='ltr'>Lusitanorum,</span> <span class='ocrx_word' id='word_1_122' title='bbox 1402 2141 1548 2204; x_wconf 89' lang='lat' dir='ltr'>quorum</span> 
     </span>
     <span class='ocr_line' id='line_1_15' title="bbox 374 2231 1548 2312; baseline 0 -14"><span class='ocrx_word' id='word_1_123' title='bbox 374 2233 435 2300; x_wconf 88' lang='lat' dir='ltr'>ista</span> <span class='ocrx_word' id='word_1_124' title='bbox 456 2247 535 2299; x_wconf 91' lang='lat' dir='ltr'>sunt</span> <span class='ocrx_word' id='word_1_125' title='bbox 557 2231 725 2312; x_wconf 87' lang='lat' dir='ltr'>facinora,</span> <span class='ocrx_word' id='word_1_126' title='bbox 749 2251 833 2312; x_wconf 90' lang='lat' dir='ltr'>quae</span> <span class='ocrx_word' id='word_1_127' title='bbox 854 2245 928 2296; x_wconf 88' lang='lat' dir='ltr'>ante</span> <span class='ocrx_word' id='word_1_128' title='bbox 951 2231 1164 2298; x_wconf 88' lang='lat' dir='ltr'>narravimus.</span> <span class='ocrx_word' id='word_1_129' title='bbox 1210 2233 1362 2298; x_wconf 89' lang='lat' dir='ltr'>Secundo</span> <span class='ocrx_word' id='word_1_130' title='bbox 1383 2235 1459 2299; x_wconf 92' lang='lat' dir='ltr'>loco</span> <span class='ocrx_word' id='word_1_131' title='bbox 1480 2254 1548 2298; x_wconf 85' lang='lat' dir='ltr'>res·</span> 
     </span>
     <span class='ocr_line' id='line_1_16' title="bbox 373 2342 1632 2439; baseline 0.002 -30"><span class='ocrx_word' id='word_1_132' title='bbox 373 2343 527 2428; x_wconf 91' lang='lat' dir='ltr'>publica,</span> <span class='ocrx_word' id='word_1_133' title='bbox 546 2343 616 2409; x_wconf 88' lang='lat' dir='ltr'>sive</span> <span class='ocrx_word' id='word_1_134' title='bbox 636 2345 780 2426; x_wconf 90' lang='lat' dir='ltr'>populus</span> <span class='ocrx_word' id='word_1_135' title='bbox 797 2342 1027 2410; x_wconf 84' lang='lat' dir='ltr'>Lusitanicus:</span> <span class='ocrx_word' id='word_1_136' title='bbox 1046 2342 1129 2409; x_wconf 94' lang='lat' dir='ltr'>nihil</span> <span class='ocrx_word' id='word_1_137' title='bbox 1150 2343 1235 2408; x_wconf 90' lang='lat' dir='ltr'>enim</span> <span class='ocrx_word' id='word_1_138' title='bbox 1256 2359 1345 2410; x_wconf 86' lang='lat' dir='ltr'>vetat</span> <span class='ocrx_word' id='word_1_139' title='bbox 1366 2345 1548 2426; x_wconf 90' lang='lat' dir='ltr'>quominus</span> <span class='ocrx_word' id='word_1_140' title='bbox 1627 2428 1632 2439; x_wconf 34' lang='grc' dir='ltr'>Ι</span> 
     </span>
     <span class='ocr_line' id='line_1_17' title="bbox 375 2453 1548 2540; baseline 0.004 -19"><span class='ocrx_word' id='word_1_141' title='bbox 375 2456 496 2521; x_wconf 91' lang='lat' dir='ltr'>bellum</span> <span class='ocrx_word' id='word_1_142' title='bbox 528 2453 573 2519; x_wconf 93' lang='lat' dir='ltr'>sit</span> <span class='ocrx_word' id='word_1_143' title='bbox 603 2453 767 2537; x_wconf 88' lang='lat' dir='ltr'>privatum</span> <span class='ocrx_word' id='word_1_144' title='bbox 800 2475 841 2520; x_wconf 87' lang='lat' dir='ltr'>ex</span> <span class='ocrx_word' id='word_1_145' title='bbox 868 2474 933 2520; x_wconf 82' lang='lat' dir='ltr'>una</span> <span class='ocrx_word' id='word_1_146' title='bbox 962 2469 1075 2537; x_wconf 85' lang='lat' dir='ltr'>parte,</span> <span class='ocrx_word' id='word_1_147' title='bbox 1098 2454 1268 2538; x_wconf 89' lang='lat' dir='ltr'>publicum</span> <span class='ocrx_word' id='word_1_148' title='bbox 1293 2477 1333 2521; x_wconf 90' lang='lat' dir='ltr'>ex</span> <span class='ocrx_word' id='word_1_149' title='bbox 1363 2460 1487 2540; x_wconf 88' lang='lat' dir='ltr'>altera,</span> <span class='ocrx_word' id='word_1_150' title='bbox 1514 2476 1548 2526; x_wconf 90' lang='lat' dir='ltr'>et</span> 
     </span>
     <span class='ocr_line' id='line_1_18' title="bbox 372 2566 1546 2650; baseline 0.004 -19"><span class='ocrx_word' id='word_1_151' title='bbox 372 2567 498 2650; x_wconf 86' lang='lat' dir='ltr'>justum</span> <span class='ocrx_word' id='word_1_152' title='bbox 531 2585 572 2630; x_wconf 89' lang='lat' dir='ltr'>ex</span> <span class='ocrx_word' id='word_1_153' title='bbox 604 2585 639 2630; x_wconf 86' lang='lat' dir='ltr'>ea</span> <span class='ocrx_word' id='word_1_154' title='bbox 671 2579 761 2648; x_wconf 89' lang='lat' dir='ltr'>parte</span> <span class='ocrx_word' id='word_1_155' title='bbox 786 2584 851 2648; x_wconf 88' lang='lat' dir='ltr'>qua</span> <span class='ocrx_word' id='word_1_156' title='bbox 873 2566 1037 2649; x_wconf 90' lang='lat' dir='ltr'>privatum</span> <span class='ocrx_word' id='word_1_157' title='bbox 1065 2582 1135 2649; x_wconf 90' lang='lat' dir='ltr'>est,</span> <span class='ocrx_word' id='word_1_158' title='bbox 1159 2581 1197 2632; x_wconf 89' lang='lat' dir='ltr'>ut</span> <span class='ocrx_word' id='word_1_159' title='bbox 1218 2568 1339 2633; x_wconf 88' lang='lat' dir='ltr'>bellum</span> <span class='ocrx_word' id='word_1_160' title='bbox 1364 2570 1546 2636; x_wconf 90' lang='lat' dir='ltr'>Abrahami</span> 
     </span>
     <span class='ocr_line' id='line_1_19' title="bbox 376 2675 1546 2764; baseline 0.003 -21"><span class='ocrx_word' id='word_1_161' title='bbox 376 2678 532 2744; x_wconf 88' lang='lat' dir='ltr'>adversus</span> <span class='ocrx_word' id='word_1_162' title='bbox 562 2695 677 2760; x_wconf 84' lang='lat' dir='ltr'>reges,</span> <span class='ocrx_word' id='word_1_163' title='bbox 708 2675 793 2742; x_wconf 90' lang='lat' dir='ltr'>forte</span> <span class='ocrx_word' id='word_1_164' title='bbox 825 2691 857 2742; x_wconf 90' lang='lat' dir='ltr'>et</span> <span class='ocrx_word' id='word_1_165' title='bbox 890 2677 1031 2744; x_wconf 92' lang='lat' dir='ltr'>Davidis</span> <span class='ocrx_word' id='word_1_166' title='bbox 1065 2693 1179 2744; x_wconf 92' lang='lat' dir='ltr'>contra</span> <span class='ocrx_word' id='word_1_167' title='bbox 1207 2680 1352 2746; x_wconf 86' lang='lat' dir='ltr'>Saiilem.</span> <span class='ocrx_word' id='word_1_168' title='bbox 1395 2681 1546 2764; x_wconf 90' lang='lat' dir='ltr'>Populus</span> 
     </span>
     <span class='ocr_line' id='line_1_20' title="bbox 375 2787 1544 2872; baseline 0.004 -18"><span class='ocrx_word' id='word_1_169' title='bbox 375 2803 483 2854; x_wconf 89' lang='lat' dir='ltr'>autem</span> <span class='ocrx_word' id='word_1_170' title='bbox 512 2787 723 2854; x_wconf 90' lang='lat' dir='ltr'>Lusitanicus</span> <span class='ocrx_word' id='word_1_171' title='bbox 758 2788 879 2854; x_wconf 89' lang='lat' dir='ltr'>bellum</span> <span class='ocrx_word' id='word_1_172' title='bbox 910 2788 1031 2854; x_wconf 84' lang='lat' dir='ltr'>meruit</span> <span class='ocrx_word' id='word_1_173' title='bbox 1063 2789 1187 2872; x_wconf 90' lang='lat' dir='ltr'>duplici</span> <span class='ocrx_word' id='word_1_174' title='bbox 1219 2792 1259 2857; x_wconf 91' lang='lat' dir='ltr'>de</span> <span class='ocrx_word' id='word_1_175' title='bbox 1294 2813 1402 2859; x_wconf 88' lang='lat' dir='ltr'>causa.</span> <span class='ocrx_word' id='word_1_176' title='bbox 1449 2794 1544 2859; x_wconf 89' lang='lat' dir='ltr'>Prior</span> 
     </span>
     <span class='ocr_line' id='line_1_21' title="bbox 374 2900 1547 2990; baseline 0.004 -24"><span class='ocrx_word' id='word_1_177' title='bbox 374 2914 446 2983; x_wconf 91' lang='lat' dir='ltr'>est,</span> <span class='ocrx_word' id='word_1_178' title='bbox 470 2901 562 2983; x_wconf 92' lang='lat' dir='ltr'>quod</span> <span class='ocrx_word' id='word_1_179' title='bbox 585 2900 655 2983; x_wconf 89' lang='lat' dir='ltr'>ipse</span> <span class='ocrx_word' id='word_1_180' title='bbox 676 2920 733 2982; x_wconf 87' lang='lat' dir='ltr'>per</span> <span class='ocrx_word' id='word_1_181' title='bbox 754 2918 789 2964; x_wconf 88' lang='lat' dir='ltr'>se</span> <span class='ocrx_word' id='word_1_182' title='bbox 812 2919 912 2982; x_wconf 90' lang='lat' dir='ltr'>perve</span> <span class='ocrx_word' id='word_1_183' title='bbox 935 2900 1143 2986; x_wconf 85' lang='lat' dir='ltr'>magistratus</span> <span class='ocrx_word' id='word_1_184' title='bbox 1166 2922 1244 2968; x_wconf 92' lang='lat' dir='ltr'>suos</span> <span class='ocrx_word' id='word_1_185' title='bbox 1266 2903 1387 2970; x_wconf 84' lang='lat' dir='ltr'>Indicis</span> <span class='ocrx_word' id='word_1_186' title='bbox 1399 2906 1547 2990; x_wconf 84' lang='lat' dir='ltr'>negotia-</span> 
     </span>
     <span class='ocr_line' id='line_1_22' title="bbox 375 3009 1654 3095; baseline 0.005 -17"><span class='ocrx_word' id='word_1_187' title='bbox 375 3011 505 3079; x_wconf 91' lang='lat' dir='ltr'>toribus</span> <span class='ocrx_word' id='word_1_188' title='bbox 536 3010 688 3095; x_wconf 77' lang='lat' dir='ltr'>iniuriam</span> <span class='ocrx_word' id='word_1_189' title='bbox 720 3009 810 3077; x_wconf 82' lang='lat' dir='ltr'>fecit.</span> <span class='ocrx_word' id='word_1_190' title='bbox 865 3011 989 3076; x_wconf 88' lang='lat' dir='ltr'>Omnes</span> <span class='ocrx_word' id='word_1_191' title='bbox 1012 3009 1023 3044; x_wconf 87' lang='lat'><em>²</em></span> <span class='ocrx_word' id='word_1_192' title='bbox 1046 3011 1189 3080; x_wconf 88' lang='lat' dir='ltr'>fatentur</span> <span class='ocrx_word' id='word_1_193' title='bbox 1221 3015 1445 3084; x_wconf 90' lang='lat' dir='ltr'>universitatis</span> <span class='ocrx_word' id='word_1_194' title='bbox 1476 3039 1547 3084; x_wconf 90' lang='lat' dir='ltr'>esse</span> <span class='ocrx_word' id='word_1_195' title='bbox 1653 3065 1654 3068; x_wconf 63' lang='lat'>,</span> 
     </span>
     <span class='ocr_line' id='line_1_23' title="bbox 376 3121 1547 3213; baseline 0.003 -23"><span class='ocrx_word' id='word_1_196' title='bbox 376 3143 412 3190; x_wconf 89' lang='lat' dir='ltr'>ea</span> <span class='ocrx_word' id='word_1_197' title='bbox 444 3121 554 3203; x_wconf 87' lang='lat' dir='ltr'>facta,</span> <span class='ocrx_word' id='word_1_198' title='bbox 585 3141 670 3204; x_wconf 88' lang='lat' dir='ltr'>quae</span> <span class='ocrx_word' id='word_1_199' title='bbox 701 3121 836 3205; x_wconf 89' lang='lat' dir='ltr'>publico</span> <span class='ocrx_word' id='word_1_200' title='bbox 868 3122 1008 3188; x_wconf 91' lang='lat' dir='ltr'>consilio</span> <span class='ocrx_word' id='word_1_201' title='bbox 1032 3124 1239 3205; x_wconf 81' lang='lat' dir='ltr'>acciderunt3</span> <span class='ocrx_word' id='word_1_202' title='bbox 1263 3142 1320 3194; x_wconf 90' lang='lat' dir='ltr'>aut</span> <span class='ocrx_word' id='word_1_203' title='bbox 1343 3128 1440 3196; x_wconf 90' lang='lat' dir='ltr'>etiam</span> <span class='ocrx_word' id='word_1_204' title='bbox 1462 3151 1547 3213; x_wconf 88' lang='lat' dir='ltr'>quae</span> 
     </span>
     <span class='ocr_line' id='line_1_24' title="bbox 375 3233 1545 3323; baseline 0.009 -22"><span class='ocrx_word' id='word_1_205' title='bbox 375 3255 393 3301; x_wconf 91' lang='lat' dir='ltr'>a</span> <span class='ocrx_word' id='word_1_206' title='bbox 416 3237 538 3320; x_wconf 89' lang='lat' dir='ltr'>majore</span> <span class='ocrx_word' id='word_1_207' title='bbox 561 3248 651 3316; x_wconf 88' lang='lat' dir='ltr'>parte</span> <span class='ocrx_word' id='word_1_208' title='bbox 675 3247 732 3298; x_wconf 90' lang='lat' dir='ltr'>aut</span> <span class='ocrx_word' id='word_1_209' title='bbox 753 3233 996 3318; x_wconf 82' lang='lat' dir='ltr'>magistratibus</span> <span class='ocrx_word' id='word_1_210' title='bbox 1017 3234 1145 3302; x_wconf 89' lang='lat' dir='ltr'>decreta</span> <span class='ocrx_word' id='word_1_211' title='bbox 1159 3254 1259 3321; x_wconf 91' lang='lat' dir='ltr'>sunt,</span> <span class='ocrx_word' id='word_1_212' title='bbox 1283 3243 1373 3323; x_wconf 93' lang='lat' dir='ltr'>quod</span> <span class='ocrx_word' id='word_1_213' title='bbox 1393 3263 1455 3309; x_wconf 91' lang='lat' dir='ltr'>nos</span> <span class='ocrx_word' id='word_1_214' title='bbox 1467 3246 1545 3313; x_wconf 92' lang='lat' dir='ltr'>alibi</span> 
     </span>
    </p>

    <p class='ocr_par' dir='ltr' id='par_1_5' title="bbox 216 3343 1652 3450">
     <span class='ocr_line' id='line_1_25' title="bbox 216 3343 1652 3450; baseline 0.006 -35"><span class='ocrx_word' id='word_1_215' title='bbox 216 3371 257 3415; x_wconf 63' lang='lat' dir='ltr'>rra</span> <span class='ocrx_word' id='word_1_216' title='bbox 279 3370 362 3418; x_wconf 69' lang='lat' dir='ltr'>arnor.</span> <span class='ocrx_word' id='word_1_217' title='bbox 376 3344 683 3412; x_wconf 88' lang='lat' dir='ltr'>demonstravimus.</span> <span class='ocrx_word' id='word_1_218' title='bbox 726 3343 865 3411; x_wconf 91' lang='lat' dir='ltr'>Publico</span> <span class='ocrx_word' id='word_1_219' title='bbox 900 3345 1039 3412; x_wconf 89' lang='lat' dir='ltr'>consilio</span> <span class='ocrx_word' id='word_1_220' title='bbox 1067 3347 1185 3414; x_wconf 90' lang='lat' dir='ltr'>missus</span> <span class='ocrx_word' id='word_1_221' title='bbox 1208 3351 1423 3437; x_wconf 90' lang='lat' dir='ltr'>Emmanuel,</span> <span class='ocrx_word' id='word_1_222' title='bbox 1446 3355 1546 3424; x_wconf 88' lang='lat' dir='ltr'>frater</span> <span class='ocrx_word' id='word_1_223' title='bbox 1651 3427 1652 3450; x_wconf 14' lang='grc' dir='ltr'>χ</span> 
     </span>
    </p>
   </div>
   <div class='ocr_carea' id='block_1_3' title="bbox 211 3424 1546 3551">
    <p class='ocr_par' dir='ltr' id='par_1_6' title="bbox 211 3424 1546 3551">
     <span class='ocr_line' id='line_1_26' title="bbox 211 3424 1488 3485; baseline 0.011 -16"><span class='ocrx_word' id='word_1_224' title='bbox 211 3436 238 3485; x_wconf 83' lang='lat' dir='ltr'>p.</span> <span class='ocrx_word' id='word_1_225' title='bbox 250 3424 283 3471; x_wconf 90' lang='lat'>11.</span> <span class='ocrx_word' id='word_1_226' title='bbox 290 3425 362 3472; x_wconf 79' lang='lat' dir='ltr'>artic.</span> <span class='ocrx_word' id='word_1_227' title='bbox 397 3459 404 3474; x_wconf 90' lang='lat'><strong>.</strong></span> <span class='ocrx_word' id='word_1_228' title='bbox 517 3457 524 3472; x_wconf 89' lang='lat'>.</span> <span class='ocrx_word' id='word_1_229' title='bbox 761 3455 768 3469; x_wconf 87' lang='lat'><strong>·</strong></span> <span class='ocrx_word' id='word_1_230' title='bbox 1074 3458 1081 3473; x_wconf 87' lang='lat'><strong>·</strong></span> <span class='ocrx_word' id='word_1_231' title='bbox 1480 3469 1488 3483; x_wconf 83' lang='lat'><strong>.</strong></span> 
     </span>
     <span class='ocr_line' id='line_1_27' title="bbox 216 3456 1546 3551; baseline 0.008 -26"><span class='ocrx_word' id='word_1_232' title='bbox 216 3480 257 3526; x_wconf 83' lang='grc' dir='ltr'>ιν.</span> <span class='ocrx_word' id='word_1_233' title='bbox 376 3475 448 3543; x_wconf 71' lang='lat' dir='ltr'>ejus</span> <span class='ocrx_word' id='word_1_234' title='bbox 469 3477 527 3539; x_wconf 86' lang='lat' dir='ltr'>qur</span> <span class='ocrx_word' id='word_1_235' title='bbox 550 3456 644 3522; x_wconf 88' lang='lat' dir='ltr'>Goae</span> <span class='ocrx_word' id='word_1_236' title='bbox 664 3456 888 3539; x_wconf 85' lang='lat' dir='ltr'>praesrdcbat,</span> <span class='ocrx_word' id='word_1_237' title='bbox 913 3478 988 3522; x_wconf 90' lang='lat' dir='ltr'>cum</span> <span class='ocrx_word' id='word_1_238' title='bbox 1007 3459 1169 3542; x_wconf 77' lang='lat' dir='ltr'>navibus,</span> <span class='ocrx_word' id='word_1_239' title='bbox 1194 3477 1232 3527; x_wconf 93' lang='lat' dir='ltr'>ut</span> <span class='ocrx_word' id='word_1_240' title='bbox 1243 3463 1429 3533; x_wconf 90' lang='lat' dir='ltr'>Hollandos</span> <span class='ocrx_word' id='word_1_241' title='bbox 1439 3489 1546 3551; x_wconf 87' lang='lat' dir='ltr'>prrmo</span> 
     </span>
    </p>
   </div>
   <div class='ocr_carea' id='block_1_4' title="bbox 216 3569 1651 4215">
    <p class='ocr_par' dir='ltr' id='par_1_7' title="bbox 216 3569 1651 4215">
     <span class='ocr_line' id='line_1_28' title="bbox 376 3569 1651 3663; baseline 0.009 -27"><span class='ocrx_word' id='word_1_242' title='bbox 376 3590 488 3636; x_wconf 88' lang='lat' dir='ltr'>eorum</span> <span class='ocrx_word' id='word_1_243' title='bbox 511 3569 655 3635; x_wconf 89' lang='lat' dir='ltr'>adventu</span> <span class='ocrx_word' id='word_1_244' title='bbox 677 3569 765 3634; x_wconf 91' lang='lat' dir='ltr'>bello</span> <span class='ocrx_word' id='word_1_245' title='bbox 786 3584 1061 3651; x_wconf 87' lang='lat' dir='ltr'>persequeretur,</span> <span class='ocrx_word' id='word_1_246' title='bbox 1086 3571 1152 3638; x_wconf 90' lang='lat' dir='ltr'>imo</span> <span class='ocrx_word' id='word_1_247' title='bbox 1176 3588 1209 3639; x_wconf 90' lang='lat' dir='ltr'>et</span> <span class='ocrx_word' id='word_1_248' title='bbox 1226 3572 1260 3638; x_wconf 94' lang='lat' dir='ltr'>in</span> <span class='ocrx_word' id='word_1_249' title='bbox 1273 3595 1330 3642; x_wconf 89' lang='lat' dir='ltr'>eos</span> <span class='ocrx_word' id='word_1_250' title='bbox 1341 3577 1544 3663; x_wconf 89' lang='lat' dir='ltr'>vindicaret,</span> <span class='ocrx_word' id='word_1_251' title='bbox 1650 3617 1651 3624; x_wconf 22' lang='grc' dir='ltr'><strong>κ</strong></span> 
     </span>
     <span class='ocr_line' id='line_1_29' title="bbox 217 3679 1544 3774; baseline 0.007 -25"><span class='ocrx_word' id='word_1_252' title='bbox 217 3703 276 3751; x_wconf 73' lang='lat' dir='ltr'>not.</span> <span class='ocrx_word' id='word_1_253' title='bbox 290 3706 360 3752; x_wconf 73' lang='lat' dir='ltr'>ann.</span> <span class='ocrx_word' id='word_1_254' title='bbox 376 3681 434 3764; x_wconf 93' lang='lat' dir='ltr'>qui</span> <span class='ocrx_word' id='word_1_255' title='bbox 454 3701 564 3749; x_wconf 89' lang='lat' dir='ltr'>secum</span> <span class='ocrx_word' id='word_1_256' title='bbox 588 3679 740 3764; x_wconf 85' lang='lat' dir='ltr'>persequi</span> <span class='ocrx_word' id='word_1_257' title='bbox 764 3682 902 3746; x_wconf 91' lang='lat' dir='ltr'>nollent.</span> <span class='ocrx_word' id='word_1_258' title='bbox 948 3681 1086 3748; x_wconf 92' lang='lat' dir='ltr'>Publico</span> <span class='ocrx_word' id='word_1_259' title='bbox 1110 3684 1249 3752; x_wconf 89' lang='lat' dir='ltr'>consilio</span> <span class='ocrx_word' id='word_1_260' title='bbox 1273 3687 1353 3752; x_wconf 87' lang='lat' dir='ltr'>aliae</span> <span class='ocrx_word' id='word_1_261' title='bbox 1377 3705 1410 3755; x_wconf 84' lang='lat' dir='ltr'>et</span> <span class='ocrx_word' id='word_1_262' title='bbox 1434 3694 1544 3774; x_wconf 90' lang='lat' dir='ltr'>plures</span> 
     </span>
     <span class='ocr_line' id='line_1_30' title="bbox 376 3781 1650 3880; baseline 0.01 -22"><span class='ocrx_word' id='word_1_263' title='bbox 376 3793 492 3859; x_wconf 90' lang='lat' dir='ltr'>iterum</span> <span class='ocrx_word' id='word_1_264' title='bbox 523 3812 642 3871; x_wconf 84' lang='lat' dir='ltr'>naves,</span> <span class='ocrx_word' id='word_1_265' title='bbox 676 3791 787 3856; x_wconf 89' lang='lat' dir='ltr'>accitis</span> <span class='ocrx_word' id='word_1_266' title='bbox 818 3807 851 3857; x_wconf 90' lang='lat' dir='ltr'>et</span> <span class='ocrx_word' id='word_1_267' title='bbox 879 3792 1139 3861; x_wconf 87' lang='lat' dir='ltr'>Castellanorum</span> <span class='ocrx_word' id='word_1_268' title='bbox 1166 3798 1323 3880; x_wconf 85' lang='lat' dir='ltr'>auxiliis,</span> <span class='ocrx_word' id='word_1_269' title='bbox 1347 3800 1381 3866; x_wconf 92' lang='lat' dir='ltr'>in</span> <span class='ocrx_word' id='word_1_270' title='bbox 1405 3802 1545 3871; x_wconf 85' lang='lat' dir='ltr'>Batavos</span> <span class='ocrx_word' id='word_1_271' title='bbox 1649 3781 1650 3784; x_wconf 8' lang='grc' dir='ltr'><strong>Ἴ</strong></span> 
     </span>
     <span class='ocr_line' id='line_1_31' title="bbox 216 3905 1543 3981; baseline 0.008 -11"><span class='ocrx_word' id='word_1_272' title='bbox 216 3920 550 3978; x_wconf 54' lang='lat' dir='ltr'>raamazzarmantur.</span> <span class='ocrx_word' id='word_1_273' title='bbox 606 3905 744 3972; x_wconf 88' lang='lat' dir='ltr'>Publico</span> <span class='ocrx_word' id='word_1_274' title='bbox 775 3905 916 3971; x_wconf 90' lang='lat' dir='ltr'>consilio</span> <span class='ocrx_word' id='word_1_275' title='bbox 947 3921 1059 3972; x_wconf 91' lang='lat' dir='ltr'>coacta</span> <span class='ocrx_word' id='word_1_276' title='bbox 1081 3907 1238 3974; x_wconf 89' lang='lat' dir='ltr'>terribilis</span> <span class='ocrx_word' id='word_1_277' title='bbox 1270 3910 1325 3976; x_wconf 87' lang='lat' dir='ltr'>illa</span> <span class='ocrx_word' id='word_1_278' title='bbox 1349 3914 1463 3980; x_wconf 91' lang='lat' dir='ltr'>classis</span> <span class='ocrx_word' id='word_1_279' title='bbox 1483 3917 1543 3981; x_wconf 92' lang='lat' dir='ltr'>sub</span> 
     </span>
     <span class='ocr_line' id='line_1_32' title="bbox 377 4017 1543 4104; baseline 0.01 -22"><span class='ocrx_word' id='word_1_280' title='bbox 377 4017 509 4084; x_wconf 85' lang='lat' dir='ltr'>Andrea</span> <span class='ocrx_word' id='word_1_281' title='bbox 539 4017 749 4099; x_wconf 89' lang='lat' dir='ltr'>Furtadone,</span> <span class='ocrx_word' id='word_1_282' title='bbox 773 4037 856 4099; x_wconf 91' lang='lat' dir='ltr'>quae</span> <span class='ocrx_word' id='word_1_283' title='bbox 879 4017 1063 4083; x_wconf 90' lang='lat' dir='ltr'>Hollandos</span> <span class='ocrx_word' id='word_1_284' title='bbox 1093 4039 1205 4085; x_wconf 90' lang='lat' dir='ltr'>omnes</span> <span class='ocrx_word' id='word_1_285' title='bbox 1227 4036 1260 4086; x_wconf 90' lang='lat' dir='ltr'>et</span> <span class='ocrx_word' id='word_1_286' title='bbox 1280 4019 1338 4104; x_wconf 83' lang='lat' dir='ltr'>q&#39;ui</span> <span class='ocrx_word' id='word_1_287' title='bbox 1360 4024 1543 4094; x_wconf 91' lang='lat' dir='ltr'>Hollandos</span> 
     </span>
     <span class='ocr_line' id='line_1_33' title="bbox 368 4128 1539 4215; baseline 0.014 -25"><span class='ocrx_word' id='word_1_288' title='bbox 368 4144 560 4214; x_wconf 87' lang='lat' dir='ltr'>.receperant</span> <span class='ocrx_word' id='word_1_289' title='bbox 585 4129 626 4194; x_wconf 91' lang='lat' dir='ltr'>ad</span> <span class='ocrx_word' id='word_1_290' title='bbox 655 4128 910 4195; x_wconf 88' lang='lat' dir='ltr'>internecionem</span> <span class='ocrx_word' id='word_1_291' title='bbox 934 4130 1065 4196; x_wconf 89' lang='lat' dir='ltr'>deleret.</span> <span class='ocrx_word' id='word_1_292' title='bbox 1112 4132 1268 4215; x_wconf 90' lang='lat' dir='ltr'>Idemque</span> <span class='ocrx_word' id='word_1_293' title='bbox 1299 4135 1324 4200; x_wconf 88' lang='lat' dir='ltr'>F</span> <span class='ocrx_word' id='word_1_294' title='bbox 1328 4139 1445 4204; x_wconf 88' lang='lat' dir='ltr'>urtado</span> <span class='ocrx_word' id='word_1_295' title='bbox 1468 4159 1539 4205; x_wconf 91' lang='lat' dir='ltr'>cum</span> 
     </span>
    </p>
   </div>
   <div class='ocr_carea' id='block_1_5' title="bbox 372 4365 1647 4528">
    <p class='ocr_par' dir='ltr' id='par_1_8' title="bbox 372 4365 1647 4528">
     <span class='ocr_line' id='line_1_34' title="bbox 407 4365 1647 4433; baseline 0.008 -17"><span class='ocrx_word' id='word_1_296' title='bbox 407 4368 415 4400; x_wconf 89' lang='lat'>¹</span> <span class='ocrx_word' id='word_1_297' title='bbox 434 4370 464 4416; x_wconf 92' lang='lat' dir='ltr'>V.</span> <span class='ocrx_word' id='word_1_298' title='bbox 483 4382 506 4417; x_wconf 86' lang='lat' dir='ltr'>c.</span> <span class='ocrx_word' id='word_1_299' title='bbox 524 4382 548 4416; x_wconf 77' lang='lat' dir='ltr'>a.</span> <span class='ocrx_word' id='word_1_300' title='bbox 565 4369 597 4417; x_wconf 89' lang='lat' dir='ltr'>ad</span> <span class='ocrx_word' id='word_1_301' title='bbox 612 4381 665 4428; x_wconf 82' lang='lat' dir='ltr'>reg.</span> <span class='ocrx_word' id='word_1_302' title='bbox 683 4381 707 4428; x_wconf 90' lang='lat'>9.</span> <span class='ocrx_word' id='word_1_303' title='bbox 721 4378 745 4414; x_wconf 90' lang='lat' dir='ltr'>et</span> <span class='ocrx_word' id='word_1_304' title='bbox 761 4367 829 4416; x_wconf 89' lang='lat' dir='ltr'>Vict.</span> <span class='ocrx_word' id='word_1_305' title='bbox 846 4369 878 4416; x_wconf 86' lang='lat' dir='ltr'>de</span> <span class='ocrx_word' id='word_1_306' title='bbox 893 4365 949 4424; x_wconf 86' lang='lat' dir='ltr'>jure</span> <span class='ocrx_word' id='word_1_307' title='bbox 967 4367 1037 4416; x_wconf 91' lang='lat' dir='ltr'>belli.</span> <span class='ocrx_word' id='word_1_308' title='bbox 1052 4382 1077 4415; x_wconf 93' lang='lat' dir='ltr'>n.</span> <span class='ocrx_word' id='word_1_309' title='bbox 1095 4381 1132 4426; x_wconf 80' lang='lat'>13.</span> <span class='ocrx_word' id='word_1_310' title='bbox 1148 4382 1173 4417; x_wconf 87' lang='lat' dir='ltr'>et</span> <span class='ocrx_word' id='word_1_311' title='bbox 1193 4384 1230 4433; x_wconf 86' lang='lat'>19.</span> <span class='ocrx_word' id='word_1_312' title='bbox 1257 4368 1400 4422; x_wconf 79' lang='lat' dir='ltr'>²Panorm.</span> <span class='ocrx_word' id='word_1_313' title='bbox 1419 4377 1539 4426; x_wconf 80' lang='lat' dir='ltr'>rdCons.</span> <span class='ocrx_word' id='word_1_314' title='bbox 1646 4373 1647 4376; x_wconf 66' lang='grc'>’</span> 
     </span>
     <span class='ocr_line' id='line_1_35' title="bbox 372 4459 1376 4528; baseline 0.005 -19"><span class='ocrx_word' id='word_1_315' title='bbox 372 4463 426 4510; x_wconf 89' lang='lat' dir='ltr'>Bas.</span> <span class='ocrx_word' id='word_1_316' title='bbox 445 4464 519 4513; x_wconf 81' lang='lat' dir='ltr'>Alex.</span> <span class='ocrx_word' id='word_1_317' title='bbox 536 4462 560 4510; x_wconf 89' lang='lat'>6.</span> <span class='ocrx_word' id='word_1_318' title='bbox 575 4475 646 4510; x_wconf 89' lang='lat' dir='ltr'>cons.</span> <span class='ocrx_word' id='word_1_319' title='bbox 667 4473 705 4517; x_wconf 80' lang='lat'>13·</span> <span class='ocrx_word' id='word_1_320' title='bbox 721 4461 771 4522; x_wconf 92' lang='lat' dir='ltr'>Jas.</span> <span class='ocrx_word' id='word_1_321' title='bbox 788 4460 814 4507; x_wconf 93' lang='lat' dir='ltr'>in</span> <span class='ocrx_word' id='word_1_322' title='bbox 832 4462 849 4508; x_wconf 91' lang='lat' dir='ltr'>l.</span> <span class='ocrx_word' id='word_1_323' title='bbox 866 4459 966 4509; x_wconf 88' lang='lat' dir='ltr'>civitas.</span> <span class='ocrx_word' id='word_1_324' title='bbox 983 4461 1004 4508; x_wconf 87' lang='lat' dir='ltr'>si</span> <span class='ocrx_word' id='word_1_325' title='bbox 1018 4473 1080 4510; x_wconf 79' lang='lat' dir='ltr'>cert.</span> <span class='ocrx_word' id='word_1_326' title='bbox 1095 4474 1147 4521; x_wconf 89' lang='lat' dir='ltr'>pet.</span> <span class='ocrx_word' id='word_1_327' title='bbox 1167 4461 1210 4525; x_wconf 86' lang='lat' dir='ltr'>[D.</span> <span class='ocrx_word' id='word_1_328' title='bbox 1229 4478 1266 4512; x_wconf 88' lang='lat'>12.</span> <span class='ocrx_word' id='word_1_329' title='bbox 1285 4479 1306 4514; x_wconf 89' lang='lat'>1.</span> <span class='ocrx_word' id='word_1_330' title='bbox 1323 4467 1376 4528; x_wconf 83' lang='lat'>27.]</span> 
     </span>
    </p>
   </div>
   <div class='ocr_carea' id='block_1_6' title="bbox 0 0 1668 5506">
    <p class='ocr_par' dir='ltr' id='par_1_9' title="bbox 0 0 1668 5506">
     <span class='ocr_line' id='line_1_36' title="bbox 0 0 1668 5506; baseline 0 1"><span class='ocrx_word' id='word_1_331' title='bbox 0 0 1668 5506; x_wconf 95' lang='lat' dir='ltr'> </span> 
     </span>
    </p>
   </div>
  </div>
 </body>
</html>
