3326 5506
341 620 404 686 252
638 621 686 668 DE
709 621 804 687 Juxta
829 619 1017 668 PRAEDAE·
1042 621 1124 668 CAP·
1149 621 1213 668 ΧΠ.

340 791 373 842 et
396 776 581 862 supprimit.
630 777 716 845 Sunt
744 775 846 863 igitur
869 777 947 842 haec
971 775 1105 844 omnino
1129 792 1162 843 et
1187 775 1378 861 simpliciter
1406 777 1517 858 mala,

343 909 426 971 quae
449 892 503 955 vel
527 890 569 955 ob
593 891 777 972 exemplum
798 909 935 973 poenam
958 889 1087 956 debent.
1113 889 1162 955 Ea
1179 905 1287 956 autem
1304 909 1408 972 poena
1430 890 1517 956 nulli

337 1000 460 1068 rectius
481 1002 663 1085 applicatur
685 1021 782 1084 quam
804 1000 879 1082 his,
895 1001 953 1083 qui
971 1001 1251 1086 juriscommunis
1263 1002 1515 1069 exsecutionem

338 1115 370 1178 iu
393 1135 427 1181 se
450 1114 652 1198 receperint,
678 1130 710 1180 et
733 1114 854 1181 baldus
877 1122 885 1155 ¹
909 1114 994 1180 dixit
1012 1115 1085 1199 jure
1108 1114 1266 1182 canonico
1293 1129 1325 1181 et
1339 1117 1413 1200 jure
1435 1135 1517 1182 con-

337 1226 515 1304 scientiae,
539 1227 632 1309 quod
654 1249 672 1292 a
693 1227 766 1312 jure
798 1225 938 1292 naturali
968 1245 1033 1291 non
1067 1225 1252 1310 discrepat,
1288 1227 1372 1293 bona
1403 1227 1518 1296 omnia

338 1339 561 1421 delinquentis
595 1340 693 1405 tacite
727 1339 870 1424 obligata
899 1359 958 1423 pro
992 1337 1236 1419 satisfactione,
1262 1361 1362 1421 quare
1386 1354 1518 1423 praeter

338 1452 447 1535 priora
480 1451 576 1518 etiam
608 1453 671 1520 hoc
690 1452 746 1548 jus
769 1449 899 1516 Batavis
921 1450 955 1516 in
977 1451 1064 1517 bello
1088 1452 1282 1519 Lusitanico
1305 1452 1387 1518 fuit.
1437 1453 1517 1518 Ori·

339 1579 439 1630 untur
467 1563 680 1630 haecomnia
711 1584 751 1629 ex
775 1563 861 1629 nuda
892 1563 1116 1646 prohibitione
1137 1565 1427 1632 commerciorum:
1452 1567 1517 1631 alia

339 1697 418 1744 vero
442 1697 507 1742 non
527 1677 654 1742 minora
673 1698 690 1743 e
712 1677 809 1742 modo
830 1676 1051 1759 prohibendi,
1076 1697 1144 1758 quo
1157 1678 1337 1744 calumniae
1349 1677 1518 1762 pertinent

178 1799 327 1900 ‘2220chss
339 1790 489 1874 superius
509 1784 520 1820 ¹
542 1805 698 1856 narratae.
757 1787 793 1854 Si
827 1804 975 1854 nostrum
1006 1789 1102 1854 nobis
1133 1790 1326 1857 servandum
1367 1806 1415 1856 est
1455 1812 1516 1857 uec

179 1923 263 1954 mena·
339 1902 383 1968 id·
405 1902 501 1970 nobis
533 1901 655 1986 eripia
689 1921 858 1984 quoquam
889 1900 1007 1982 debet,
1034 1901 1116 1984 quid
1145 1917 1209 1968 tam
1243 1902 1302 1968 ulli
1337 1923 1432 1968 suum
1466 1919 1518 1970 est

340 2036 436 2098 quam
473 2017 553 2081 bene
577 2014 713 2080 merenti
744 2014 828 2080 bona
852 2012 962 2095 fama,
986 2034 1071 2095 quae
1095 2031 1182 2080 certe
1202 2015 1423 2083 nobilioribus
1446 2016 1518 2082 ani·

338 2127 400 2193 mis
422 2128 543 2210 quovis
562 2129 678 2209 lucro,
703 2146 804 2210 paene
825 2141 857 2191 et
877 2126 947 2192 vita
970 2126 1146 2209 pretiosior
1170 2128 1271 2194 est⁸2
1297 2130 1412 2212 Atque
1432 2128 1517 2194 adeo

338 2261 414 2306 vera
443 2242 522 2307 ha'ec
547 2239 667 2327 injuria
694 2254 765 2321 est,
791 2254 828 2304 ut
851 2258 1024 2305 commune
1049 2239 1174 2325 generis
1204 2259 1323 2306 nomen
1348 2240 1413 2306 sibi
1437 2261 1516 2323 pro-

340 2354 447 2436 prium
480 2352 594 2420 feccrit
617 2351 646 2417 ⁴:
671 2372 731 2419 nec
756 2351 841 2417 euim
865 2350 1122 2436 significantiore
1146 2353 1311 2418 vocabulo
1333 2353 1517 2435 exprimere

338 2485 515 2550 possumus
538 2466 595 2548 id,
621 2465 713 2547 quod
734 2464 951 2530 contumeliae
976 2483 1074 2529 causa
1096 2463 1154 2547 lit,
1179 2485 1276 2546 quam
1299 2465 1517 2550 Graecinum

338 2593 468 2644 vocant.
502 2578 623 2659 Neque
644 2576 698 2642 hic
722 2577 761 2642 de
785 2576 851 2641 levi
875 2576 1075 2642 contumelia
1097 2576 1230 2660 agitur,
1251 2598 1335 2659 quae
1356 2575 1517 2642 facientes

338 2692 496 2769 delectet,
522 2690 657 2756 affectos
690 2709 803 2772 parum
835 2688 961 2767 laedat,
985 2687 1044 2754 sed
1071 2688 1111 2753 de
1135 2709 1170 2754 ea
1194 2707 1259 2771 qua
1283 2688 1441 2755 Hollaudi
1464 2689 1516 2754 in-

340 2803 453 2870 famati
476 2825 534 2888 per
565 2804 675 2869 orbem
699 2819 877 2882 terrarum,
901 2801 1163 2883 criminibusque
1189 2823 1255 2869 non
1279 2803 1389 2870 minus
1420 2801 1516 2869 falsis

338 2938 436 3000 quam
466 2917 633 2983 atrocibus
664 2916 697 2980 in
722 2915 835 2980 odium
854 2913 989 2979 humani
1021 2913 1146 2998 generis
1176 2914 1308 2981 adducti
1329 2930 1424 2982 sunt:
1448 2937 1516 2998 qua

336 3031 485 3110 factum,
518 3044 556 3096 ut
578 3028 712 3113 plurimi
742 3047 836 3112 reges
864 3041 896 3091 et
928 3026 1044 3110 populi
1074 3041 1248 3093 contactus
1277 3027 1372 3094 etiam
1407 3031 1515 3115 gentis

337 3145 431 3210 velut
461 3141 617 3226 profanos
650 3156 749 3222 atque
782 3137 923 3204 nefarios
957 3154 1212 3205 exsecrarentur.
1270 3139 1410 3209 Infames
1435 3145 1514 3210 olim

337 3255 453 3340 populi
485 3255 621 3338 piratica
653 3252 800 3334 Cilices,
825 3250 922 3316 furtis
955 3251 1143 3334 Cercopes,
1178 3251 1318 3319 infandis
1347 3257 1515 3323 amoribus

338 3369 477 3447 Persae,
501 3367 569 3432 vita
590 3368 703 3452 exlege
728 3379 760 3430 et
789 3363 974 3429 insociabili
1005 3362 1193 3429 Nomades:
1217 3365 1273 3430 sed
1296 3387 1394 3449 supra
1419 3389 1515 3435 omne

338 3480 430 3564 quod
460 3478 525 3545 dici
554 3494 664 3562 potest
687 3478 817 3543 illorum
845 3490 895 3541 est
919 3474 1030 3557 nefas,
1055 3475 1113 3558 qui
1137 3476 1245 3542 Deum
1268 3493 1300 3544 et
1320 3479 1512 3564 religionem

340 3613 405 3660 uon
426 3606 627 3677 agnoscunt,
640 3610 714 3656 cum
736 3588 771 3654 id
792 3607 938 3669 eousque
961 3588 1000 3653 ab
1020 3589 1160 3653 humana
1181 3605 1295 3657 natura
1315 3593 1513 3675 abhorreat,

339 3721 377 3772 ut
401 3727 476 3771 vere
497 3705 621 3771 dictum
647 3703 690 3768 sit
709 3702 836 3768 nullum
870 3721 940 3766 esse
972 3701 1154 3784 populum,
1177 3702 1231 3769 cui
1261 3722 1327 3768 non
1361 3721 1515 3789 appareat

339 3819 482 3899 aliquam
506 3817 610 3883 inesse
634 3815 784 3881 notitiam
809 3827 840 3877 et
861 3814 986 3878 cultum
1009 3812 1192 3880 divinitatis
1215 3823 1239 3880 ⁶.
1287 3816 1415 3882 Cuncta
1437 3820 1515 3885 hacc

338 3930 473 3995 crimina
505 3928 654 3994 Lusitani
683 3928 716 3991 in
741 3925 925 3990 Hollaudos
949 3941 1183 4009 congesserunt
1207 3942 1270 3992 tam
1301 3949 1394 3995 caeca
1418 3933 1514 3997 male-

339 4041 468 4108 dicendi
491 4041 650 4120 libidine,
674 4054 713 4102 ut
736 4036 819 4102 nihil
835 4039 952 4103 horum
972 4038 1154 4119 reperiatur
1170 4040 1262 4122 quod
1278 4060 1343 4106 non
1360 4043 1392 4108 in
1413 4064 1515 4125 quos·

342 4227 535 4235 ——-———--

372 4333 379 4364 ¹
398 4333 424 4380 in
443 4335 460 4380 l.
480 4332 550 4380 furti.
570 4334 599 4381 C.
618 4334 649 4380 de
669 4333 751 4383 furtis.
770 4335 812 4396 [C.
832 4336 856 4383 6.
875 4349 898 4383 a.
920 4335 970 4398 rs.]
1007 4332 1017 4366 ²
1037 4348 1060 4381 c.
1083 4347 1121 4380 11.
1140 4346 1166 4392 p.
1187 4345 1209 4380 a.
1224 4342 1269 4378 art.
1282 4344 1303 4378 ι.
1339 4328 1516 4380 ⁸Ecclesiast.

337 4426 378 4473 26.
399 4438 438 4474 vs.
458 4437 481 4482 7.
501 4426 583 4474 Anclr.
609 4438 680 4474 cons.
699 4438 755 4485 325.
775 4442 800 4474 v.
821 4429 895 4475 Gent.
913 4427 959 4475 lib.
979 4440 1002 4474 2.
1021 4439 1043 4474 c.
1065 4427 1103 4473 18.
1138 4423 1148 4454 ⁴
1166 4425 1183 4470 l.
1205 4437 1226 4470 1.
1244 4423 1269 4470 r.
1289 4423 1321 4470 de
1340 4419 1452 4478 injuriis.
1472 4423 1516 4484 [D.

336 4530 377 4578 47.
400 4517 450 4582 ro]
488 4515 498 4548 ⁵
517 4517 573 4566 Cic.
592 4518 623 4565 tle
640 4529 690 4566 nat.
709 4519 788 4567 Deor.
806 4521 823 4566 l.
845 4533 866 4567 r.
887 4519 923 4581 [c.
944 4519 982 4568 16.
1000 4519 1021 4580 §.
1039 4516 1094 4578 4³·]
