3310 5482
452 643 500 690 ott
522 641 616 713 JURE
641 642 823 693 Pnnnnnlc.
849 645 929 696 crte.
954 647 994 698 11.
1267 647 1305 711 17

141 819 207 864 um:
230 797 309 882 quia
330 817 461 864 necesse
482 812 555 881 est,
578 797 607 864 si
630 817 742 868 omnes
762 799 844 866 bene
867 799 1011 884 faciant,
1034 799 1194 867 neminem
1224 803 1306 869 male

139 910 211 994 pati.
258 909 304 974 Hi
325 924 404 977 sunt
424 925 489 976 tres
511 908 613 990 fines,
637 930 722 993 quos
746 911 867 978 Seneca
886 916 898 956 1
921 913 1003 979 dicit
1024 914 1126 998 legem
1161 927 1304 980 secutam

139 1023 168 1088 in
197 1005 406 1089 vindicandis
435 1021 584 1108 injuriis:
617 1022 676 1105 qui
705 1025 898 1106 plerumque
920 1039 1142 1107 concurrunt,
1166 1025 1212 1090 ita
1233 1024 1307 1108 qui·

139 1135 206 1201 dem
227 1149 266 1199 ut
283 1133 445 1200 Platonici
469 1130 480 1166 ¹
502 1135 597 1201 etiam
619 1133 733 1200 ultima
752 1135 915 1219 supplicia
938 1135 1133 1203 nocentibus
1154 1136 1308 1220 prodesse

139 1245 378 1328 quodammodo
400 1245 526 1329 velint,
551 1247 682 1329 quando
702 1245 877 1330 deploratis
902 1248 1041 1333 ingeniis
1060 1267 1126 1315 non
1147 1247 1236 1314 aliud
1258 1269 1307 1314 re·

138 1357 277 1423 medium
301 1355 356 1423 sit.
399 1355 615 1424 Verissimum
637 1357 738 1443 igitur
759 1376 828 1425 esse
849 1373 981 1442 apparet
1001 1359 1148 1426 Platonis
1171 1357 1183 1393 ⁸
1203 1359 1307 1442 illud,

138 1473 165 1537 ori
186 1475 245 1553 γὰρ
268 1469 318 1536 ieri
341 1472 420 1553 κακῷ
442 1473 504 1547 iisse
526 1471 663 1550 uiuerent
685 1473 823 1552 οὐδεμία,
842 1483 983 1557 propter
1003 1470 1127 1536 malurn
1151 1468 1247 1536 nulla
1264 1467 1308 1554 fit

132 1580 221 1663 juris
243 1576 501 1647 animaduersio.
547 1578 649 1667 Quod
670 1579 866 1647 scholastici
889 1581 901 1620 ⁴
921 1580 1089 1662 dixerant,
1114 1601 1177 1645 non
1196 1579 1310 1647 debere

139 1694 171 1754 in
204 1688 293 1756 rnalo
328 1691 523 1776 cujusquam
557 1693 781 1777 conquiescere
813 1690 999 1756 ulciscentis
1034 1695 1193 1759 animum.
1240 1691 1310 1778 Qui

137 1815 218 1868 recte
238 1800 438 1883 ulciscitur,
462 1801 597 1868 doctore
618 1801 740 1868 Seneca
763 1797 796 1880 ⁵,
819 1819 955 1884 poenam
979 1802 1105 1887 exigit,
1131 1805 1309 1889 nonipsius

135 1927 255 1998 poenae
285 1911 427 1996 auidus,
456 1913 514 1979 sed
535 1916 616 1999 quia
640 1925 791 2000 oportet:
813 1933 876 1977 non
897 1917 995 1999 quasi
1017 1912 1112 1980 dulce
1134 1917 1179 1980 sit
1200 1911 1311 1982 sindi-

138 2028 229 2106 cari,
252 2023 312 2088 sed
327 2027 424 2109 quasi
434 2022 540 2089 utile:
562 2045 625 2089 non
637 2027 821 2107 irascitur,
843 2024 900 2092 sed
908 2037 1003 2092 earet
1016 2047 1028 2090 :
1044 2045 1107 2090 non
1113 2029 1309 2112 praeterita

139 2139 311 2213 intuetur,
344 2156 428 2221 quae
453 2138 607 2204 reuocari
629 2157 692 2200 non
710 2148 870 2222 possunt,
893 2131 950 2201 sed
958 2134 1111 2220 futura,
1136 2155 1221 2222 quae
1234 2151 1322 2223 pos--

141 2259 215 2311 sant
239 2245 439 2333 prohiberi,
472 2262 504 2312 et
534 2260 573 2312 ut
600 2248 694 2313 Plato
716 2244 728 2279 ⁶
752 2245 877 2312 dixerat
903 2264 971 2312 non
994 2245 1069 2312 ideo
1091 2247 1210 2330 punit,
1234 2246 1311 2329 quia

140 2371 307 2440 peccatum
333 2370 406 2440 est,
429 2358 488 2425 sed
509 2377 551 2424 ne
577 2372 744 2441 peccetur.
790 2355 833 2423 Et
854 2358 933 2422 haec
955 2357 1086 2439 quidem
1110 2357 1150 2422 de
1171 2358 1310 2442 poeniS,

140 2483 227 2552 parte
258 2468 339 2534 adeo
362 2468 565 2552 necessaria,
589 2483 627 2535 ut
650 2468 776 2535 fuerint
798 2474 810 2516 ⁷
832 2469 890 2553 qui
906 2467 1067 2553 justitiam
1091 2468 1313 2536 describerent

139 2583 275 2664 τιμωρίαις
307 2585 466 2658 ἀπαίτησιν
497 2585 578 2665 rupit
611 2588 666 2650 τῶν
698 2583 936 2665 astrictissime,
959 2593 1084 2666 poenae
1107 2583 1310 2646 exactionem

141 2691 180 2756 ab
202 2683 278 2774 his,
314 2694 373 2776 qui
399 2693 532 2777 priores
554 2691 718 2776 injuriam
730 2691 904 2775 fecerunt.
952 2689 1029 2756 Huc
1052 2691 1216 2774 pertinent
1237 2690 1310 2756 illae

140 2803 222 2887 juris
254 2801 452 2868 sententiae:
486 2801 566 2866 Non
596 2800 711 2868 debere
733 2801 932 2886 malefacta
951 2822 1016 2868 esse
1033 2804 1224 2887 impunita:
1248 2823 1311 2866 non

140 2912 379 3001 indulgendum
407 2913 559 2978 malitiae
586 2914 772 2995 hominurn,
796 2925 827 2978 et
861 2911 921 2978 alia
954 2913 1025 2996 ejus
1058 2911 1195 2996 generis.
1239 2911 1312 2977 Lex

140 3039 246 3091 autem
266 3026 363 3089 altera
385 3023 426 3090 de
444 3023 621 3091 benefactis
642 3022 890 3107 compensandis
909 3041 975 3088 non
987 3021 1095 3088 minus
1107 3021 1310 3088 manifestam

140 3137 237 3202 habet
257 3135 467 3218 aequitatem.
513 3135 699 3219 Xenophon
722 3136 749 3198 8ε
781 3138 811 3204 ri
827 3138 876 3212 aa
899 3138 964 3210 τοὺς
984 3133 1018 3202 εὖ
1039 3139 1187 3209 ποιοῦντας
1209 3140 1313 3203 ἀντευ-

139 3259 264 3332 εργετεῖν
296 3251 328 3317 ori
359 3253 514 3331 πανταχοῦ
545 3248 663 3330 νόμιμόν
693 3249 774 3322 ieret
807 3249 942 3329 νόμιμον,
978 3244 1046 3331 ἔφη.
1103 3239 1222 3327 Quid?
1261 3245 1312 3309 his

141 3363 198 3443 qui
232 3359 311 3423 benc
345 3360 458 3422 meriti
491 3355 529 3423 de
557 3357 647 3421 nobis
670 3370 747 3422 sunt
767 3356 843 3421 bene
864 3358 1008 3424 uicissim
1032 3357 1174 3438 facere,
1208 3375 1313 3420 nonne

132 3470 189 3554 jus
214 3468 336 3553 ubique
358 3481 531 3532 terrarum
552 3469 629 3534 est?
651 3468 716 3532 Est
736 3489 832 3549 sane,
857 3469 978 3552 inquit.
1010 3465 1312 3550 Etjurisconsulti⁹

140 3584 204 3663 πρὸς
227 3584 388 3663 antiopa,
413 3575 460 3644 ad
480 3579 783 3660 remunerandum,
806 3579 985 3643 naturalem
1009 3575 1079 3644 ess'e
1094 3578 1214 3644 volunt
1229 3576 1314 3642 obli-

142 3689 303 3774 gationem
318 3702 350 3754 et
358 3703 473 3755 natura
485 3689 635 3773 iniquum
648 3710 736 3771 esse,
747 3703 785 3755 ut
794 3689 1013 3773 locupletetur
1026 3687 1200 3771 quisquam
1212 3688 1315 3754 aliena

138 3801 262 3884 jactura
290 3815 323 3866 et
353 3821 450 3870 suum
477 3801 574 3868 alicui
596 3800 790 3867 beneficium
812 3801 1002 3867 damnosum
1025 3798 1086 3864 sit:
1121 3798 1244 3866 Seneca
1267 3799 1314 3866 ¹⁰:

174 4082 233 4132 ¹de
256 4085 331 4132 clem.
354 4085 371 4131 l.
397 4097 418 4133 r.
445 4097 468 4133 c.
495 4097 535 4133 aa.
569 4081 581 4116 ¹
606 4085 676 4132 Plato
703 4085 735 4132 de
761 4095 814 4143 rep.
840 4084 857 4131 l.
876 4095 898 4140 5.
918 4081 955 4144 [p.
972 4095 1030 4143 410.
1052 4081 1087 4144 a]
1105 4081 1180 4142 spor.
1199 4083 1230 4132 de
1252 4080 1315 4141 phil.

143 4175 202 4223 Plat.
230 4174 298 4238 [vol.
323 4187 346 4222 a.
371 4186 397 4234 p.
425 4173 493 4236 245·]
520 4176 576 4222 sen.
602 4175 634 4222 de
659 4173 696 4222 ira
719 4175 736 4222 l.
763 4187 784 4222 1.
809 4186 832 4222 c.
857 4184 880 4229 s.
914 4171 925 4205 ⁸
949 4175 981 4221 de
998 4174 1046 4234 leg.
1064 4173 1081 4220 l.
1099 4186 1123 4235 9.
1144 4173 1182 4234 [p.
1201 4174 1257 4234 8⁵4·
1276 4172 1313 4235 d.]

142 4263 258 4314 ⁴Thom.
285 4278 308 4314 α.
331 4278 355 4313 a.
378 4279 403 4326 q.
432 4267 487 4313 108.
511 4265 572 4315 Silv.
590 4264 617 4312 in
639 4279 665 4314 v.
687 4263 813 4313 Vindicta.
848 4263 859 4298 ὅ
882 4266 915 4313 de
938 4263 1316 4325 ira.l.1.c.9.l.2.e.3n.

142 4357 167 4404 d.
198 4358 215 4404 1.
248 4369 270 4405 c.
305 4368 346 4414 31.
371 4357 389 4403 l.
418 4369 439 4404 r.
465 4369 488 4405 c.
518 4355 556 4404 16.
597 4355 608 4388 ⁶
634 4356 704 4404 Prot.
729 4354 767 4416 [p.
794 4367 850 4416 524.
870 4353 907 4416 b.]
953 4351 965 4386 ⁷
989 4353 1084 4402 Hieran
1112 4366 1153 4415 ap.
1180 4354 1249 4402 Stob.
1277 4353 1316 4415 [in

142 4446 217 4495 floril.
244 4449 262 4496 l.
289 4459 314 4510 9.
338 4459 363 4496 n.
390 4448 429 4502 58.
452 4445 479 4495 in
502 4444 573 4508 line]
609 4445 620 4479 ⁸
643 4447 741 4495 comm.
767 4446 783 4493 l.
801 4459 826 4507 4.
846 4445 881 4508 [c.
899 4458 923 4506 4.
940 4444 954 4506 §
972 4444 1024 4506 r4.]
1061 4443 1105 4491 ⁰1.
1123 4445 1169 4492 sed
1187 4443 1234 4494 etsi
1253 4445 1317 4506 lege.

140 4538 162 4598 ς.
179 4537 317 4587 consuluit.
334 4535 360 4584 ff.
378 4537 409 4585 de
426 4548 478 4598 pet.
495 4538 563 4586 haer.
583 4537 626 4600 [D.
645 4547 668 4594 ⁵·
686 4549 710 4596 p.
728 4535 866 4599 es.§11.]
902 4534 924 4568 ¹⁰
941 4537 973 4586 de
988 4535 1072 4584 benef.
1091 4537 1109 4584 l.
1129 4547 1153 4594 3.
1169 4548 1192 4584 c.
1212 4547 1251 4598 14.
