3316 5494
461 560 508 611 nn
531 566 625 633 Juttlt
652 568 839 619 rannone.
865 570 946 619 cnr.
971 571 1035 618 vu.
1290 559 1328 638 83

152 719 220 789 dus
239 736 273 790 et
294 719 394 789 animi
416 718 576 806 intentio,
601 722 683 807 quin
706 723 838 807 utrique
858 725 942 809 parti
965 726 1077 794 adesse
1101 727 1233 813 possint
1256 732 1329 796 nul·

152 836 219 900 lam
239 835 338 901 habet
358 834 603 903 dubitationem.
649 835 766 903 Omnis
789 852 895 903 autern
928 837 1102 906 difficultas
1123 841 1156 907 in
1180 861 1217 907 ea
1238 859 1329 926 parte

47 1009 50 1016 .
153 946 299 1028 residet,
316 946 356 1012 de
379 965 445 1028 qua
464 966 552 1014 nunc
572 946 707 1032 egimus.
732 948 806 1016 Nec
825 948 910 1016 enim
935 949 1004 1016 lieri
1024 969 1120 1035 posse
1140 953 1272 1020 videtur
1292 971 1330 1021 ut

153 1057 199 1137 ei,
223 1055 282 1141 qui
296 1058 459 1143 jussuum
471 1057 863 1141 exsequitur‚tamquam
884 1059 1033 1146 injuriam
1055 1061 1189 1130 facienti
1206 1065 1262 1149 jus
1286 1065 1328 1131 sit

152 1169 314 1237 resistere.
358 1169 543 1236 Discrimen
569 1169 670 1256 igitur
696 1172 881 1238 habendum
910 1188 959 1238 est
987 1173 1191 1243 subditorum
1215 1191 1247 1242 et
1267 1177 1326 1243 im-

152 1281 346 1365 petentium.
392 1277 478 1347 Nam
499 1281 532 1346 iu
554 1281 623 1367 ipsa
645 1281 812 1365 republica
844 1302 902 1350 seu
933 1284 1125 1370 magistratu
1147 1287 1226 1355 belli
1249 1307 1326 1355 auc·

152 1409 224 1462 tore
255 1389 388 1462 facilius
420 1393 543 1461 accidet
568 1409 606 1460 ut
634 1391 753 1480 injuria
776 1393 962 1478 utrimque,
986 1412 1083 1477 quam
1103 1413 1142 1464 ut
1159 1398 1215 1484 jus
1234 1399 1326 1468 inve-

151 1505 284 1588 niatur;
309 1520 347 1572 ut
368 1502 490 1572 sicum
513 1501 661 1588 quinque
683 1505 860 1573 debeantur
878 1509 959 1573 alter
981 1507 1089 1573 decent
1112 1523 1222 1593 petat,
1247 1515 1326 1579 alter

151 1618 270 1685 offerat
295 1614 389 1684 nihil.
432 1616 519 1682 Nam
545 1615 629 1683 idem
662 1616 716 1682 hic
745 1631 794 1684 est
826 1615 913 1700 quod
943 1617 976 1684 in
999 1619 1170 1688 contrariis
1195 1622 1324 1705 effatis,

152 1749 236 1812 quae
259 1727 357 1796 simul
376 1723 458 1794 falsa
481 1745 551 1793 esse
570 1743 731 1812 possunt,
755 1728 853 1795 simul
873 1747 949 1796 vera
970 1749 1037 1796 non
1058 1745 1209 1814 possunt.
1237 1733 1325 1800 Illud

151 1840 286 1924 quidem
309 1839 470 1926 contingit
489 1854 528 1906 ut
557 1839 683 1924 injure
705 1854 762 1906 aut
789 1839 877 1908 facto
898 1840 1062 1925 principes
1084 1843 1234 1909 labantur
1258 1849 1267 1882 ¹
1292 1860 1325 1911 et

151 1953 195 2019 sit
212 1951 346 2036 quidem
365 1971 453 2018 error
473 1950 687 2017 excusabilis:
711 1952 768 2019 sed
788 1953 852 2018 hoc
872 1952 979 2036 ipsum
999 1951 1032 2017 in
1054 1951 1125 2019 foro
1147 1952 1174 2019 si
1196 1954 1323 2021 contin-

151 2080 226 2149 gat,
243 2083 311 2130 non
327 2082 365 2128 eo
379 2062 483 2148 magis
501 2061 628 2129 dicetur
640 2062 714 2148 J'ure
730 2053 903 2149 litigatuni.
948 2065 1033 2130 Nam
1054 2063 1087 2130 in
1106 2063 1159 2132 his
1183 2065 1241 2149 qui
1263 2088 1322 2133 vo-

149 2175 291 2242 luntarie
315 2189 437 2259 agunt,
469 2188 507 2242 ut
532 2175 620 2259 juste
648 2189 765 2258 agant,
797 2193 929 2242 necesse
958 2191 1008 2242 est
1039 2176 1199 2243 actionem
1222 2177 1256 2244 in
1288 2198 1322 2245 se

146 2287 278 2373 legibus
300 2305 371 2354 esse
391 2285 650 2352 convenientem.
688 2284 897 2372 Quapropter
919 2308 1031 2352 aarum
1052 2291 1112 2374 qui
1130 2288 1436 2394 uoluntariafjsgli·l

149 2413 257 2487 agunt
281 2412 453 2486 respectu,
476 2393 595 2464 bellum
623 2417 663 2462 en
686 2409 833 2482 utraque
846 2409 951 2482 parta
961 2396 1095 2484 justum
1117 2420 1180 2464 non
1200 2398 1318 2468 datur.
1398 2379 1404 2392 ⁹
1435 2378 1440 2392 ⁸

149 2511 325 2578 Caeterum
350 2507 557 2576 administros
577 2520 703 2574 tantum
722 2503 750 2572 si
769 2503 978 2589 consideres,
1002 2509 1179 2591 quominus
1198 2512 1319 2578 bellum

147 2621 315 2705 utrimque
330 2623 455 2707 justum
472 2635 542 2686 esse
559 2615 665 2702 possit
681 2617 764 2685 nihil
781 2615 925 2703 impedit.
940 2617 1056 2686 Omnis
1074 2621 1159 2687 enim
1173 2622 1320 2707 justitiae

52 2811 56 2824 ⁵
146 2749 244 2800 causa
273 2731 425 2800 consistit
454 2747 520 2802 non
544 2730 577 2796 in
601 2745 635 2795 re
657 2749 744 2811 una,
774 2730 831 2796 sed
858 2730 892 2796 in
912 2731 1007 2816 jussu
1028 2732 1232 2800 diversorum
1260 2734 1320 2800 im·

145 2844 330 2929 parantium
357 2842 518 2910 contrario
551 2855 583 2906 et
612 2840 756 2924 ipsorum
784 2841 949 2925 opinione.
1003 2843 1102 2909 Facta
1133 2860 1239 2910 autem
1270 2846 1318 2911 di-

146 2975 315 3024 versorum
332 2953 492 3022 contraria
506 2974 541 3019 se
556 2966 672 3020 mutuo
687 2972 754 3020 non
771 2952 974 3036 impediunt,
993 2951 1080 3020 sicut
1094 2969 1128 3020 et
1146 2955 1318 3038 opiniones

145 3066 326 3134 contrariae
349 3081 382 3133 et
411 3080 569 3148 utraeque
592 3063 775 3149 probabiles
801 3064 911 3131 eadem
933 3063 973 3129 de
996 3084 1029 3130 re
1053 3064 1242 3132 hominibus
1268 3067 1318 3134 di—

143 3178 249 3246 versis
272 3177 439 3244 incidunt:

497 3286 579 3372 Quis
592 3289 722 3374 justius
745 3283 869 3354 induat
890 3307 988 3352 arma

259 3400 355 3466 Scire
376 3400 470 3484 nefas
481 3422 493 3464 .·
517 3421 635 3487 magna
658 3421 690 3466 sa
708 3398 820 3480 judica
843 3401 979 3484 quisque
1001 3410 1118 3464 tuetur
1139 3405 1164 3466 ¹.

187 3507 251 3579 Est
279 3526 312 3577 et
338 3531 435 3595 super
464 3511 577 3577 eodem
610 3525 799 3598 argumento
827 3501 911 3576 illud
942 3509 1134 3576 Tullianum
1165 3511 1196 3574 ³:
1223 3509 1316 3575 Erat

144 3635 255 3688 autam
285 3621 470 3688 obscuritas
500 3621 684 3708 quaedam,
718 3634 794 3687 arat
813 3634 980 3686 certamen
1001 3624 1093 3688 inter
1110 3620 1313 3686 clarissimas

143 3729 262 3800 duces:
286 3733 388 3798 multi
407 3730 609 3799 dubitabant
628 3731 712 3818 quid
733 3732 888 3817 optimum
911 3741 1008 3809 assat,
1033 3728 1133 3795 multi
1153 3729 1237 3815 quid
1252 3729 1316 3795 sibi

146 3843 340 3931 expediret,
364 3844 463 3909 multi
485 3843 569 3931 quid
586 3843 737 3924 deterat,
762 3839 914 3908 nonnulli
943 3841 1043 3906 atium
1075 3836 1159 3926 quid
1187 3841 1312 3906 liceret.

144 3949 190 4021 Hi
213 3969 292 4022 sunt
309 3955 409 4040 igitur
430 3955 487 4038 qui
500 3957 592 4041 justi
610 3956 714 4020 hastas
732 3952 851 4037 passim
870 3966 1046 4031 vocantur,
1071 3949 1125 4018 isti
1144 3951 1313 4031 nimirum,
1322 3977 1389 4035 June·

144 4066 201 4149 qui
233 4066 325 4149 quod
351 4063 477 4135 faciunt
503 4065 680 4150 superioris
708 4064 835 4150 imperii
868 4063 993 4131 faciunt
1026 4061 1168 4130 decreto.
1215 4060 1313 4128 Unde
1326 4033 1407 4078 'mm'

148 4268 331 4279 ——a

179 4385 188 4418 ¹
206 4386 274 4436 Vict.
293 4388 324 4436 de
341 4386 397 4444 iure
413 4384 482 4437 belli.
499 4402 524 4437 n.
543 4401 582 4452 ⁵9·
616 4385 626 4420 ²
643 4389 736 4438 Lucan.
755 4388 851 4450 [Pham.
869 4390 885 4436 l.
908 4400 929 4436 1.
947 4381 1111 4446 vs.1ao.sq.]
1147 4381 1158 4418 ³
1176 4383 1313 4443 prolitare.

147 4477 183 4537 [c.
204 4491 242 4526 ιο.
259 4481 281 4536 ς.
297 4479 349 4539 so]

1104 4565 1142 4628 6*
