3362 5504
325 603 388 664 270
629 602 674 648 nt.
698 603 791 668 JURE
817 601 1002 649 PRABDAE.
1027 602 1108 647 cAP.
1133 602 1213 648 xut.

322 756 400 820 dum
434 775 490 822 rex
524 756 593 839 ipse
626 777 687 822 sua
720 771 881 839 potestate
914 775 980 821 non
1022 756 1147 822 utitur:
1184 755 1325 840 Alioqui
1352 756 1504 842 populus

321 870 390 954 ipsc
420 870 558 952 ipsaque
589 868 777 954 respublica
804 871 989 932 maximum
1021 868 1127 932 obiret
1149 867 1330 932 discrimen
1353 881 1385 931 et
1403 871 1506 954 peri·

321 977 455 1058 culum,
478 983 535 1043 cui
556 979 684 1046 obviam
705 983 759 1044 ire
770 1001 834 1043 non
841 993 976 1065 posset:
999 978 1505 1064 quodrstegregiaabsurdum.

322 1088 416 1154 Paria
446 1104 525 1154 sunt
553 1088 588 1155 in
617 1090 691 1173 jure
721 1109 788 1158 non
821 1111 891 1157 esse
923 1105 956 1154 et
988 1109 1059 1156 esse
1082 1089 1212 1154 inutile.
1258 1090 1373 1154 Paria
1396 1105 1505 1168 sunt,

300 1200 433 1282 ,inquit
465 1200 653 1267 Castrensis
672 1200 707 1281 1,
740 1223 804 1265 non
838 1201 960 1266 habere
992 1205 1194 1286 superiorem
1223 1199 1278 1268 nel
1297 1202 1420 1266 habere
1443 1224 1507 1266 ne·

318 1312 509 1398 gligentem.
534 1311 569 1377 Si
591 1313 635 1376 ob
656 1311 834 1378 absentiam
846 1315 900 1378 vel
913 1314 1099 1397 neglectum
1111 1311 1274 1395 Principis
1285 1311 1506 1379 Inferioribus
1547 1377 1554 1390 ,

322 1422 566 1506 magistratibus
589 1424 713 1489 bellum
737 1423 905 1507 suscipere
928 1423 1124 1506 permissum
1148 1437 1221 1504 est,
1245 1439 1370 1505 quanto
1394 1423 1505 1508 magis

322 1532 351 1598 si
380 1533 450 1617 ipse
478 1533 635 1617 Princeps
655 1533 808 1618 injuriam
829 1533 929 1600 faciat
952 1533 1172 1617 reipublicae,
1196 1555 1281 1617 quae
1304 1535 1367 1602 nisi
1398 1535 1505 1600 armis

323 1645 455 1729 reprimi
484 1665 549 1710 non
573 1646 707 1729 possit?
733 1645 900 1731 Theologi
921 1640 933 1676 ¹
952 1665 1018 1711 non
1038 1646 1087 1711 illi
1110 1661 1263 1726 tantum,
1295 1646 1355 1728 qui
1378 1646 1505 1729 Papam

323 1757 478 1823 Concilio
489 1757 693 1840 subjiciunt,
715 1757 773 1823 sed
784 1757 920 1824 alterius
933 1755 1105 1839 bettonis,
1126 1758 1185 1840 qui
1197 1778 1295 1840 supra
1308 1757 1504 1823 Concilium

323 1867 529 1934 Pontificiam
553 1883 682 1950 ponunt
704 1867 952 1948 auctoritatem,
984 1869 1111 1935 addunt
1133 1883 1265 1950 tamen,
1290 1868 1319 1934 si
1341 1867 1505 1933 Pontifex

323 1979 505 2046 Ecclesiam
538 1981 708 2061 destruat,
742 1999 839 2062 posse
874 1981 1050 2046 convocari
1075 1980 1266 2047 Concilium
1291 1995 1406 2045 contra
1427 1981 1505 2064 ejus

322 2093 551 2172 voluntatem,
583 2092 721 2175 ejusque
750 2091 895 2156 Concilii
922 2091 1120 2156 auctoritate
1149 2092 1247 2156 etiam
1277 2092 1336 2171 vi,
1361 2091 1389 2156 si
1412 2111 1505 2174 opus

323 2218 430 2284 esset,
454 2203 561 2270 resisti
584 2202 764 2284 Pontifici,
788 2217 822 2267 et
840 2203 1066 2268 mandatorum
1077 2203 1322 2268 exsecutionem
1334 2202 1504 2285 impediri.

324 2315 419 2400 Quid
438 2331 546 2380 autem
566 2315 658 2380 aliud
679 2330 729 2380 est
750 2315 959 2394 Concilium,
983 2335 1082 2397 quam
1095 2315 1238 2380 Ordines
1250 2313 1498 2381 ecclesiastici?

325 2425 407 2506 quid
437 2424 603 2506 Ordines,
635 2446 734 2506 quam
766 2427 957 2492 Concilium
980 2426 1108 2491 civile?
1155 2428 1271 2508 Atque
1293 2428 1347 2490 vel
1366 2425 1496 2492 idcirco

325 2538 401 2619 plus
431 2535 531 2601 debet
556 2536 653 2601 licere
673 2537 856 2602 Ordinibus
880 2539 913 2603 in
935 2538 1144 2620 Principem,
1169 2558 1267 2620 quam
1289 2537 1446 2604 Concilio
1465 2537 1506 2603 in

324 2648 465 2730 Papam,
486 2647 565 2729 quia
576 2648 695 2730 Papam
707 2648 767 2730 qui
780 2649 896 2714 dicunt
906 2650 1091 2715 immediate
1101 2665 1296 2732 potestatem
1307 2670 1325 2713 a
1338 2648 1476 2715 Christo
1487 2695 1501 2728 ,

325 2779 393 2825 non
425 2761 465 2824 ab
488 2758 639 2824 Ecclesia
661 2760 850 2842 accepisse,
874 2761 1060 2844 Principem
1082 2775 1189 2826 nmen
1211 2759 1358 2826 fatentur
1375 2762 1502 2826 nullam

180 2913 217 2958 Β,
229 2912 313 2959 „um
326 2872 443 2937 habere
464 2871 693 2937 auctoritatem
715 2871 780 2938 nisi
803 2893 821 2937 a
843 2872 1012 2955 republica
1022 2871 1045 2937 ³.
1091 2872 1290 2937 Habuerunt
1300 2872 1404 2956 igitur
1415 2872 1503 2936 Hol-

176 2967 240 3028 Η·
326 2983 453 3049 landiae
477 2983 620 3050 Ordines
638 2983 694 3066 jus
713 2983 791 3048 belli
815 2984 1005 3064 indicendi,
1030 2983 1123 3066 quod
1142 2983 1251 3066 ipsum
1273 2985 1379 3048 multo
1403 2983 1503 3048 etiam

325 3096 551 3162 clariusdocet
562 3097 603 3160 ab
614 3095 718 3162 initiis
727 3095 928 3178 reipublicae
939 3095 1157 3161 Hollandicae
1165 3109 1506 3176 sacrosanctascmpcr

327 3206 490 3275 Ordinum
524 3208 703 3274 auctoritas
726 3207 988 3291 longissimoque
1009 3223 1192 3290 temporum
1212 3227 1276 3272 usu
1298 3205 1447 3286 firmata,
1473 3221 1507 3270 et

326 3321 415 3403 leges
444 3320 567 3402 patriae
597 3318 769 3384 brabantis
789 3319 869 3385 olim
891 3318 1054 3401 scriptae,
1076 3340 1154 3384 mox
1173 3339 1250 3384 cum
1271 3317 1407 3383 caeteris
1429 3317 1506 3382 Bel·

327 3449 440 3515 garum
470 3431 661 3496 nationibus
691 3430 973 3510 communicatae,
998 3450 1083 3512 quae
1106 3431 1227 3496 diserte
1251 3445 1369 3494 cavent
1392 3443 1431 3493 ut
1453 3429 1507 3495 in·

326 3556 454 3626 tegrum
475 3542 519 3608 sit
540 3541 723 3608 Ordinibus
742 3562 871 3608 omnem
891 3541 988 3606 fidem
1007 3557 1107 3624 atque
1126 3541 1365 3610 observantiam
1385 3559 1505 3624 negare

181 3656 218 3702 Β*
231 3655 313 3702 litu·
327 3653 472 3738 Principi
501 3655 576 3738 jura
595 3654 698 3737 patria
718 3654 857 3719 violanti
878 3653 901 3718 ⁴.
946 3655 998 3719 De
1019 3655 1127 3720 causis
1148 3669 1258 3719 autem
1279 3652 1359 3718 belli
1376 3654 1505 3736 hujus,

167 3722 246 3864 {3235-
260 3709 316 3810 &ii
328 3766 421 3848 quod
450 3768 491 3830 ab
523 3765 700 3832 Hollandis
730 3765 853 3848 pariter
886 3785 962 3830 cum
995 3765 1068 3832 aliis
1102 3766 1274 3850 Belgarum
1307 3764 1506 3830 nationibus

334 3921 530 3933 ·---·--—--

361 4000 369 4034 ¹
389 4005 429 4052 Ad
454 4005 472 4052 1.
496 4017 529 4052 cx
553 4005 604 4051 hoc
625 4002 682 4060 jure
699 4003 726 4052 ff.
743 4005 776 4052 de
793 4001 853 4058 just.
871 4014 896 4050 et
913 4000 970 4058 jure
989 4000 1220 4065 [D.1.1.5.]n.
1241 4004 1280 4050 18.
1313 3997 1325 4030 ²
1343 4001 1405 4048 silv.
1424 4000 1459 4048 in.
1478 4015 1506 4048 v.

326 4093 401 4154 Papa.
418 4108 444 4144 n.
461 4108 486 4156 4.
505 4097 579 4144 Cerd.
598 4095 630 4144 de
647 4095 723 4144 'lutri
741 4105 853 4142 memma
869 4093 914 4140 lib.
933 4105 958 4149 s.
977 4106 1001 4140 c.
1021 4106 1059 4141 ιο.
1076 4093 1145 4140 Vim.
1162 4094 1195 4140 de
1212 4103 1267 4152 pot.
1284 4093 1366 4151 Papae
1383 4103 1408 4138 et
1428 4104 1507 4139 conc.

326 4197 352 4232 n.
371 4197 410 4241 ιι.
429 4199 454 4234 er
473 4200 513 4248 aa.
546 4183 644 4234 ⁸vict.
662 4188 694 4234 dc
711 4197 767 4246 pot.
784 4183 919 4232 ecclesiae.
936 4197 962 4243 q.
980 4195 1004 4240 a.
1021 4197 1048 4230 n.
1067 4197 1091 4230 a.
1109 4185 1215 4230 covarr.
1232 4194 1314 4242 praet.
1331 4193 1429 4241 quaest.
1447 4195 1470 4229 c.
1483 4195 1506 4229 1.

327 4279 411 4326 concl.
437 4291 462 4326 r.
487 4291 513 4326 er
539 4279 565 4326 in
590 4291 614 4327 c.
638 4287 773 4338 peccatum
791 4279 815 4333 ς.
831 4289 857 4334 9.
881 4288 908 4322 ιι.
926 4275 950 4322 6.
968 4277 1012 4322 ιΗ.
1032 4273 1114 4329 Caiet.
1131 4274 1158 4321 in
1176 4277 1270 4322 Sinnin.
1288 4287 1312 4320 a.
1330 4287 1354 4321 ι.
1378 4287 1400 4321 ι.
1421 4285 1461 4319 ιο.
1480 4284 1506 4320 et

328 4381 352 4416 c.
379 4381 401 4416 ι.
425 4380 498 4420 tract.
523 4384 547 4418 ι.
572 4371 604 4418 de
627 4381 684 4430 pot.
710 4369 793 4427 Papae
816 4379 842 4414 et
867 4380 942 4414 conc.
975 4364 1034 4412 W.
1059 4366 1106 4413 sub
1131 4363 1208 4413 linem
1231 4364 1304 4412 Laeti
1321 4363 1462 4424 introitus,
1480 4375 1506 4410 er

328 4460 475 4510 Gnicciard.
493 4461 518 4510 in
537 4475 560 4509 c.
579 4463 611 4510 de
628 4459 772 4519 privilegiis
789 4458 979 4506 Brebrntornm.
