3362 5504
474 597 521 642 oe
546 598 638 663 June
665 597 848 646 rnxuusr.
874 599 953 644 cnr.
978 601 1038 645 xv.
1282 599 1350 662 319

174 749 368 818 assumenda
401 769 471 816 esse
502 751 767 836 uniuscnjusque
792 751 989 835 reipublicae
1013 726 1164 820 instituti
1188 768 1220 820 et
1242 767 1350 822 mores

174 879 206 928 et
239 863 387 945 proprias
420 863 591 930 utilitates.
637 863 878 930 Universaliter
910 885 1023 930 verum
1056 880 1104 932 est
1127 865 1168 931 ad
1190 885 1348 932 summam

173 974 407 1057 rempublicam
440 975 573 1042 navium
611 975 841 1042 exercitionem
874 975 1036 1058 pertinere
1067 983 1103 1057 ¹,
1145 977 1190 1043 ita
1223 991 1259 1044 ut
1291 976 1349 1058 qui

172 1087 381 1154 advehendae
407 1107 554 1154 annonae
582 1109 757 1170 rerumque
788 1088 1041 1156 necessariarum
1077 1109 1175 1156 causa
1208 1089 1348 1170 absunt,

172 1197 238 1264 fere
278 1198 478 1282 reipublicae
516 1217 615 1266 causa
653 1201 767 1266 abesse
800 1201 1025 1285 intelligantur
1054 1205 1076 1268 ¹.
1121 1201 1209 1287 Quis
1241 1213 1347 1268 autem

172 1332 279 1377 rerum
313 1311 539 1378 Batavicarum
575 1311 655 1376 adeo
689 1312 821 1396 ignarus
854 1328 926 1393 est,
960 1313 1017 1395 qui
1053 1313 1191 1399 unicum
1221 1312 1348 1378 illarum

172 1426 350 1503 columen,
384 1424 484 1490 decus
516 1445 553 1490 ac
586 1423 785 1507 praesidium
811 1443 880 1490 esse
902 1425 1027 1490 nesciat
1052 1424 1291 1509 navigationem
1317 1441 1350 1490 et

173 1535 417 1601 mercaturam?
474 1536 562 1600 Inter
604 1555 716 1604 omues
759 1551 865 1602 autem
904 1537 1144 1621 negotiationes
1176 1537 1286 1602 Indica
1319 1551 1350 1602 et

174 1648 335 1732 dignitate
368 1664 401 1714 et
433 1647 658 1732 magnitudine
692 1664 724 1714 et
757 1649 899 1714 utilitate
931 1647 1026 1715 facile
1058 1649 1177 1732 primas
1210 1649 1347 1716 obtinet.

173 1760 353 1842 Postquam
387 1759 470 1824 enim
506 1759 729 1843 Hispanorum
762 1759 872 1826 feritas
908 1761 1101 1828 commercia
1125 1761 1279 1844 abrupit,
1304 1763 1348 1827 la·

172 1871 318 1937 bascenti
338 1873 405 1956 jam
426 1887 626 1938 mercaturae
645 1873 759 1952 Deus,
784 1872 852 1955 ipse
872 1873 984 1954 Deus,
1010 1873 1166 1955 inquam,
1191 1872 1346 1957 singulari

172 1983 334 2049 beneficio
354 1986 466 2050 orbem
487 1983 585 2050 istum
606 1983 736 2050 Batavis
757 1983 893 2066 aperuit.
932 1985 1045 2050 Potuit
1064 1985 1197 2067 quidem
1218 2000 1348 2050 aeterna

172 2096 305 2162 bonitas
326 2096 422 2162 etiam
443 2095 533 2162 Indis
546 2096 774 2176 consuluisse,
800 2116 883 2178 quos
896 2098 1013 2162 horum
1027 2099 1176 2179 exemplo
1190 2097 1347 2162 animatos

172 2205 317 2274 volue'rit
349 2207 505 2274 adversus
538 2223 692 2273 terrorem
727 2206 898 2290 Hispanici
931 2207 1096 2288 nominis,
1121 2224 1225 2291 utque
1249 2209 1346 2274 simul

172 2320 302 2387 occasio
335 2318 504 2402 patefieret
535 2319 751 2386 addiscendae
783 2319 951 2403 religionis
983 2341 1077 2386 verae
1110 2335 1142 2386 et
1167 2321 1346 2404 simplicis:

172 2433 231 2498 sed
262 2431 344 2512 quin
368 2445 401 2498 et
424 2432 505 2514 ipsis
537 2447 722 2514 opportune
754 2446 962 2515 prospectum
993 2432 1058 2512 sit,
1083 2432 1272 2500 monstratis
1295 2454 1346 2498 re-

173 2544 328 2629 gionibus
351 2544 438 2610 unde
462 2545 571 2610 eadem
597 2544 651 2610 illa
676 2559 886 2627 peterentur,
911 2565 995 2626 quae
1018 2545 1132 2627 pretiis
1156 2547 1260 2611 multo
1280 2566 1346 2610 ma·
1373 2627 1376 2634 ἱ

170 2656 321 2741 joribus,
358 2656 442 2721 inter
466 2656 616 2740 graviora
637 2671 739 2722 terrae
762 2676 857 2738 quam
880 2657 977 2722 maris
997 2657 1144 2738 pericula
1166 2656 1224 2722 diu
1244 2657 1346 2740 petita

170 2769 235 2852 jam
267 2788 308 2834 ue
341 2769 388 2834 sic
420 2767 552 2850 quidem
586 2767 718 2834 hostilis
749 2767 930 2834 immanitas
954 2767 1175 2847 concedebat,
1200 2768 1344 2835 dubitari

172 2881 298 2963 nequit.
346 2881 467 2948 Nonne
500 2881 585 2946 enim
619 2881 736 2946 mirum
760 2901 795 2946 ac
818 2900 900 2963 pene
924 2879 1116 2946 incredibile
1140 2895 1210 2960 est,
1234 2881 1343 2946 decem

170 3015 226 3076 per
250 3012 377 3073 annos,
402 2991 524 3074 quibus
547 2992 580 3056 in
606 2992 777 3060 Orientem
801 2991 989 3075 navigatum
1014 3006 1086 3071 est,
1116 2991 1200 3056 inter
1222 2991 1345 3056 incerta

172 3119 426 3188 tempestatum,
461 3105 573 3189 ignota
605 3104 722 3185 maris,
756 3118 912 3186 portuum
946 3103 1135 3188 incognita,
1169 3102 1346 3186 dispositas

172 3217 298 3299 ubique
322 3218 560 3284 Lusitanorum
583 3216 718 3282 insidias
742 3235 921 3298 numquam
945 3215 1088 3295 factum,
1109 3215 1346 3282 utclassisulla

173 3331 309 3396 omnino
342 3329 448 3394 inanis
480 3327 622 3407 rediret,
656 3349 697 3394 rte
727 3326 875 3407 scilicet,
900 3327 993 3409 quod
1016 3326 1141 3410 alioqui
1165 3327 1345 3394 timendum

172 3457 262 3522 erat,
296 3441 514 3525 dejicerentur
537 3439 635 3504 animi
661 3439 761 3522 inque
786 3440 866 3522 ipsis
889 3439 1100 3522 primordiis,
1130 3460 1215 3521 quae
1239 3459 1345 3506 rerum

171 3571 359 3638 magnarum
385 3551 575 3620 difficillima
599 3565 697 3632 sunt,
723 3566 860 3616 conatus
880 3551 940 3616 iste
959 3567 1023 3618 tam
1043 3553 1194 3619 salutaris
1214 3572 1346 3634 oppres-

172 3683 230 3730 sus
264 3664 438 3730 interiret?
485 3661 584 3730 Unde
619 3662 700 3728 milri
736 3682 799 3727 non
836 3664 981 3728 humano
1017 3663 1175 3729 duntaxat
1206 3661 1345 3729 consilio

171 3776 230 3842 sed
253 3793 335 3858 pene
356 3775 471 3842 diviua
495 3775 635 3856 quadam
659 3772 815 3840 felicitate
839 3774 999 3841 foederati
1025 3775 1191 3856 Ordines,
1225 3775 1346 3858 patriae

172 3904 346 3971 parentes,
379 3887 534 3953 videntur
565 3886 772 3969 prudentiam
800 3907 890 3953 suam
915 3888 981 3954 huc
1005 3887 1208 3966 intendisse,
1233 3903 1271 3952 ut
1293 3888 1346 3952 In-

171 4001 261 4066 dicas
292 4001 487 4080 societates,
522 4019 602 4081 quas
636 3999 669 4064 in
702 3999 840 4082 imperio
875 4020 937 4066 suo
962 3999 1108 4066 diversas
1132 4014 1164 4065 et
1187 4000 1249 4064 hoc
1273 3999 1345 4081 ipso

171 4175 367 4190 n—-v-o-d-t-t-n

210 4284 215 4316 ¹
235 4289 252 4333 l.
274 4297 295 4334 1.
314 4289 336 4344 5.
355 4285 425 4334 licet.
443 4286 470 4332 ff.
488 4286 519 4334 de
545 4287 651 4335 exercit.
674 4298 723 4334 act.
748 4285 792 4347 [D.
813 4299 852 4347 14·
874 4299 895 4332 1.
917 4298 938 4332 r.
956 4288 977 4343 ξ.
997 4284 1049 4346 au]
1085 4281 1130 4330 ²1.
1145 4296 1245 4344 semper
1262 4287 1283 4342 ς.
1301 4297 1344 4332 ne·

172 4377 321 4437 gotiatores.
347 4376 372 4425 ff.
399 4379 430 4425 de
453 4375 508 4433 jure
533 4375 636 4426 immun.
655 4376 699 4441 [D.
718 4388 757 4432 50·
776 4378 799 4424 ό.
817 4388 840 4432 5.
858 4377 878 4437 §.
898 4375 934 4439 3.]
955 4376 1030 4424 Adde
1049 4378 1065 4422 l.
1084 4388 1107 4422 2.
1125 4374 1150 4422 ff.
1169 4376 1201 4423 de
1217 4375 1344 4423 nundinis.

177 4469 220 4532 [D.
241 4482 280 4524 so.
299 4468 349 4529 rx]
