3326 5506
488 636 535 682 nr
559 636 652 702 June
678 635 864 684 amaruan.
891 611 970 683 c'ar.
996 635 1045 682 xr.
1278 634 1339 699 175

167 811 232 857 non
266 789 447 858 avarissimi
479 789 651 870 homines,
682 804 720 856 ut
748 790 889 856 Batavos
919 789 986 857 illis
1017 789 1099 856 locis
1132 804 1337 872 averterent,

167 917 222 969 aut
244 902 352 970 facere
373 902 592 982 tentaverint,
617 916 673 968 aut
692 901 787 967 etiam
806 900 1013 985 perfecerint.
1038 901 1124 968 Nam
1146 921 1182 968 ca
1202 902 1235 968 in
1247 917 1337 986 parte

165 1014 279 1080 mundi
314 1035 352 1081 eo
387 1013 536 1099 graviora
568 1028 647 1079 sunt
677 1012 912 1079 Lusitanorum
935 1011 1102 1094 facinora,
1132 1033 1229 1096 quam
1254 1035 1337 1096 quae

165 1123 243 1192 alibi
277 1125 508 1210 contigerunt,
542 1124 633 1207 quod
665 1125 756 1210 gnari
785 1124 852 1189 illie
875 1123 1015 1208 impares
1037 1145 1072 1190 se
1099 1124 1227 1191 viribus
1249 1125 1338 1209 pacis

166 1251 197 1302 et
216 1236 378 1303 amicitiae
402 1237 575 1323 imaginem
595 1236 795 1318 induerunt,
820 1254 884 1318 qua
906 1251 938 1302 et
959 1235 1021 1320 ipsi
1048 1236 1187 1303 tutiores
1209 1252 1336 1318 essent,

165 1364 198 1415 et
229 1347 381 1415 homines
409 1348 543 1414 minime
571 1350 673 1413 malos
702 1348 742 1412 de
775 1345 956 1430 improviso
986 1347 1092 1414 acrius
1124 1347 1337 1414 offenderent.

166 1461 299 1525 Summa
329 1479 479 1542 quaeque
499 1460 778 1543 perstringemus,
803 1479 869 1524 non
893 1472 956 1524 tarn
978 1459 1181 1541 temporibus
1205 1460 1339 1543 (quam-

165 1591 264 1654 quam
284 1585 317 1637 et
335 1573 452 1637 horum
473 1571 555 1637 ratio
567 1571 762 1656 habebitur)
776 1590 871 1653 quam
886 1570 983 1636 certis
995 1570 1159 1654 capitibus
1170 1570 1337 1638 distincta.

165 1681 316 1748 Dicimus
340 1684 500 1766 populum
524 1682 720 1749 Lusitanum
733 1682 949 1764 hominesque
960 1681 1164 1764 Lusitanos,
1188 1702 1262 1748 cum
1281 1682 1339 1746 fic·

165 1793 208 1858 tis
237 1792 431 1859 criminibus
457 1813 575 1860 nomen
608 1792 764 1860 Batavum
795 1793 1035 1860 diffamaverint
1064 1796 1243 1875 hostesque
1261 1813 1339 1860 con-

165 1906 359 1985 citaverint,
395 1905 481 1971 unde
518 1905 738 1971 atrocissimae
767 1906 875 1971 clades
909 1921 1104 1972 consecutae
1134 1920 1233 1986 sunt,
1267 1919 1338 1971 tum

165 2032 331 2100 praeterea
352 2018 474 2084 multos
497 2016 646 2083 homines
670 2017 810 2083 batavos
836 2016 1011 2083 crudeliter
1033 2031 1064 2082 ct
1087 2017 1261 2100 perfidiose
1276 2037 1339 2083 ne-

166 2129 296 2210 cuisse,
319 2129 388 2195 vim
412 2128 507 2194 etiam
529 2127 677 2194 bellicam
708 2148 773 2210 qua
796 2127 929 2211 publice
953 2148 1018 2210 qua
1037 2127 1190 2210 privatim
1213 2128 1340 2211 priores

166 2241 340 2323 intulisse,
364 2238 409 2306 ita
430 2255 467 2305 ut
487 2254 521 2304 et
542 2239 698 2306 Indorum
722 2241 887 2322 populos,
911 2240 1002 2322 quod
1023 2259 1097 2304 cum
1119 2240 1249 2306 batavis
1263 2259 1341 2306 con·

164 2352 361 2432 traxissent,
385 2349 472 2417 ferro
496 2365 595 2434 atque
617 2350 686 2436 igni
709 2365 835 2418 vastare
848 2350 990 2435 aggressi
1003 2349 1078 2417 sint.
1103 2351 1338 2417 Sancteautem

165 2462 323 2548 profiteor
343 2463 460 2530 horum
481 2483 531 2527 me
551 2463 634 2528 nihil
651 2465 887 2547 vulgaturum,
912 2462 1004 2550 quod
1027 2478 1094 2528 non
1116 2461 1340 2530 disertissimis

164 2575 362 2642 testimoniis
385 2575 633 2658 comprobatum
653 2574 722 2659 ipse
741 2575 891 2641 viderim.

656 2804 772 2851 Pales
808 2805 846 2852 11.

167 3013 256 3061 aar.
283 3014 306 3060 1.
419 2995 650 3062 Garumnae
675 2992 955 3062 Lusrrnuonum
980 3013 1020 3058 nv
1044 2993 1229 3060 Batavos.

167 3148 255 3196 aar.
281 3149 319 3197 11.
388 3131 558 3197 Sunmrssr
583 3148 622 3195 1u
648 3130 820 3196 Batavos
846 3149 982 3198 nosrns
1004 3151 1029 3195 a
1052 3129 1267 3196 Lusrraurs.

167 3284 253 3332 aar.
279 3285 333 3332 111.
357 3267 531 3332 Fnaunrrs
556 3266 1339 3334 rrrsnrtntaLusrrnnonum1ranravos.

168 3421 255 3468 aar.
280 3422 326 3469 rv.
381 3403 563 3470 Coretum
587 3422 610 3467 a
634 3402 837 3468 Lusrrnrvrs
862 3422 1013 3469 antrum
1039 3423 1078 3468 rrv
1103 3401 1284 3468 ban-nvos.

166 3557 257 3606 aar.
281 3559 316 3605 v.
378 3538 536 3604 Brutum
560 3537 838 3606 Lusrrnuouunt
862 3559 902 3604 tn
926 3558 1062 3606 amicos
1087 3537 1336 3605 Batavorum·

665 3752 844 3764 —u-—Q

208 3890 352 3960 Primum
385 3911 462 3976 ergo
497 3893 573 3962 dum
597 3908 630 3961 et
652 3894 797 3962 Batavici
820 3915 927 3962 mores
950 3895 1105 3962 Indorum
1129 3896 1281 3980 gentibus
1305 3912 1337 3962 et
1352 3915 1471 3966 Antan

166 4001 320 4070 Indorum
352 4023 457 4072 sermo
490 4003 620 4072 Batavis
651 4005 818 4091 incognita
850 4021 962 4088 erant,
986 4006 1102 4072 merito
1126 4007 1208 4072 nihil
1231 4007 1339 4074 visum

167 4129 215 4179 est
237 4112 391 4196 facilius,
413 4133 510 4196 quam
532 4115 657 4181 aditum
681 4116 812 4184 Batavis
831 4117 865 4182 in
884 4115 1052 4184 Orientem
1066 4118 1239 4184 calumniis
1249 4138 1340 4202 prae-

166 4226 317 4294 cludere:
360 4245 444 4308 quae
479 4226 540 4292 etsi
573 4228 786 4312 longissime,
819 4247 886 4296 non
917 4228 1022 4298 dicam
1046 4251 1064 4294 a
1087 4250 1187 4313 vero,
1222 4229 1279 4298 sed
1300 4232 1339 4297 ab

166 4337 254 4406 omni
276 4327 492 4408 similitudine
510 4337 579 4405 veri
603 4340 839 4420 abhorrebant,
862 4339 957 4406 fidem
981 4357 1088 4409 tamen
1112 4341 1258 4408 invenire
1280 4363 1341 4426 po·

167 4464 272 4516 terant
294 4449 383 4534 apud
404 4449 535 4534 ignaros
559 4464 591 4517 et
606 4471 684 4518 mon
708 4451 847 4536 injuria,
871 4467 947 4535 post
969 4451 1205 4522 Lusitanorum
1229 4453 1262 4520 in
1287 4475 1340 4521 eas
