3326 5506
452 635 499 680 DE
522 634 616 702 JURE
642 633 824 681 PRAEDAE.
850 636 929 682 CAP.
955 635 1020 683 XII.
1267 635 1329 703 207

153 788 283 855 tellanis
313 788 409 855 etiam
440 788 473 854 in
503 788 716 858 Americanos
746 792 804 857 has
827 790 931 874 justas
950 788 1098 874 potuisse
1117 788 1194 854 belli
1216 809 1329 858 causas

153 919 226 966 csse
256 916 292 990 et
319 901 454 967 caeteris
474 901 712 984 probabiliores
742 900 890 967 Victoria
913 907 921 941 ¹
943 915 1059 984 putat,
1083 899 1111 965 si
1132 901 1329 985 peregrinari

153 1025 188 1076 et
215 1011 330 1097 degere
351 1012 439 1095 apud
459 1012 535 1078 illos
557 1013 833 1096 prohiberentur,
857 1013 884 1078 si
910 1026 1095 1078 arcerentur
1118 1033 1136 1078 a
1156 1013 1330 1097 participa·

151 1123 244 1190 tione
273 1143 384 1189 earum
411 1143 540 1202 rerum,
565 1143 649 1206 quae
668 1124 909 1210 jure'gentium
933 1138 991 1188 aut
1010 1124 1155 1190 moribus
1184 1144 1331 1190 commu-

153 1233 209 1298 nia
236 1249 336 1314 sunt,
359 1234 387 1302 si
420 1233 563 1316 denique
586 1234 626 1299 ad
657 1235 849 1301 commercia
871 1255 937 1302 non
959 1235 1217 1302 admitterentur.
1262 1237 1331 1302 Cui

153 1344 259 1411 simile
279 1345 456 1428 est,quod
475 1345 509 1411 in
529 1344 663 1414 Mosis²
678 1346 815 1424 historia
835 1361 867 1413 et
887 1347 962 1414 inde
980 1347 1068 1430 apud
1080 1347 1330 1432 Augustinum⁸

154 1456 314 1541 legimus,
329 1458 418 1542 justa
438 1457 526 1535 bella
543 1458 704 1524 israelitas
725 1472 837 1524 contra
854 1458 1051 1546 Amorraeus
1070 1458 1230 1543 gessisse,
1253 1458 1331 1541 quia

154 1566 312 1634 innoxius
341 1567 498 1636 transitus
520 1569 765 1654 denegabatur,
790 1569 944 1654 quijure
973 1570 1133 1636 humanae
1164 1569 1330 1636 societatis

155 1679 354 1761 aequissimo
382 1695 493 1763 patere
515 1679 665 1748 debebat.
711 1680 757 1747 Et
777 1681 842 1747 hoc
864 1680 997 1747 nomine
1020 1681 1181 1748 Hercules
1203 1681 1331 1746 Orcho-

155 1789 338 1857 meniorum
359 1789 394 1872 ⁸,
418 1791 536 1858 Graeci
566 1792 630 1858 sub
659 1793 908 1878 Agamemnone
940 1793 1112 1876 Mysorum
1146 1792 1213 1878 regi
1246 1813 1332 1858 arma

156 1901 358 1970 intulerunt:
383 1902 478 1985 quasi
501 1903 602 1969 libera
624 1919 736 1970 essent
757 1903 948 1971 naturaliter
968 1903 1103 1983 itinera,
1127 1918 1165 1968 ut
1186 1904 1330 1970 Baldus‘

156 2013 262 2093 dixit3
287 2028 547 2096 accusanturque
571 2013 784 2083 aGermanis
817 2015 905 2098 apud
939 2014 1095 2080 Tacitum
1125 2012 1137 2048 ⁸
1165 2015 1331 2097 Romani,

157 2125 251 2207 quod
272 2125 438 2208 colloquia
466 2145 730 2210 congressusque
763 2125 910 2210 gentium
938 2141 1106 2208 arcerent,
1130 2125 1332 2209 fluminaque

158 2251 191 2302 et
213 2251 318 2304 terras
341 2251 375 2304 et
394 2239 519 2304 caelum
543 2237 785 2320 quodammodo
806 2237 914 2321 ipsum
941 2239 1140 2304 clauderent.
1185 2238 1259 2304 Nec
1281 2240 1332 2304 ul-

157 2329 210 2414 lus
229 2348 350 2416 titulus
372 2347 571 2415 Christianis
592 2348 757 2432 quondam
779 2349 812 2414 in
826 2350 1005 2416 Saracenos
1023 2350 1128 2436 magis
1148 2348 1275 2433 placuit
1295 2350 1331 2432 ⁷,

158 2479 256 2541 quam
281 2459 373 2542 quod
392 2480 451 2544 per
472 2460 547 2527 illos
568 2474 670 2528 terrae
690 2459 832 2545 Judaeae
854 2459 947 2526 aditu
970 2475 1166 2528 arcerentur.
1213 2460 1333 2543 Sequi-

157 2585 211 2636 tur
239 2591 280 2636 ex
308 2572 368 2638 hac
395 2571 557 2638 sententia
577 2571 778 2654 Lusitanos,
803 2571 928 2639 etiamsi
950 2572 1073 2638 domini
1093 2587 1203 2640 essent
1223 2592 1331 2638 carum

157 2682 353 2767 regionum,
373 2683 414 2748 ad
435 2703 516 2766 quas
533 2683 647 2750 Batavi
664 2682 942 2767 proficiscuntur,
965 2683 1116 2768 iniuriam
1139 2698 1247 2750 tamen
1267 2683 1333 2749 fac·

158 2809 274 2876 turos,
298 2795 326 2862 si
349 2794 473 2861 aditum
496 2795 627 2862 batavis
649 2810 682 2861 et
699 2809 876 2862 mercatum
894 2795 1151 2880 praecluderent.
1196 2796 1332 2883 Quanto

158 2905 262 2991 igitur
285 2905 433 2989 iniquius
460 2921 534 2988 est,
554 2909 705 2976 volentes
737 2908 865 2990 aliquos
891 2907 1111 2974 avolentium
1133 2908 1331 2990 populorum

158 3017 353 3085 commercio
380 3019 506 3086 secludi
534 3019 665 3088 illorum
696 3039 817 3102 opera,
841 3038 982 3102 quorum
1012 3018 1047 3084 in
1078 3032 1239 3102 potestate
1270 3037 1331 3082 nec

158 3129 275 3213 populi
309 3129 376 3197 isti·
394 3146 494 3213 sunt,
518 3150 578 3196 nec
601 3131 686 3198 illud
706 3129 837 3214 ipsum,
862 3149 927 3213 qua
955 3130 1017 3196 iter
1039 3144 1110 3212 est,
1135 3129 1267 3212 quando
1288 3131 1333 3194 la·

159 3256 271 3308 trones
303 3242 398 3308 etiam
432 3257 465 3307 et
493 3242 613 3327 piratas
639 3262 707 3309 non
740 3242 804 3309 alio
832 3242 934 3329 magis
957 3242 1089 3309 nomine
1111 3242 1333 3324 detestamur,

160 3373 259 3435 quam
290 3353 381 3436 quod
408 3354 456 3421 illi
479 3354 649 3422 bominum
665 3354 758 3422 inter
780 3374 815 3420 se
836 3368 1035 3422 commeatus
1058 3353 1211 3420 obsident
1234 3368 1333 3437 atque

160 3463 330 3531 infestant.
375 3466 452 3532 Non
485 3485 554 3532 esse
586 3480 693 3532 autem
717 3466 896 3533 Lusitanos
930 3487 1039 3533 earum
1063 3465 1205 3550 partium
1229 3465 1334 3532 domi-

160 3596 245 3659 nos,
282 3577 323 3644 ad
353 3598 436 3660 quas
467 3578 581 3646 Batavi
610 3578 792 3660 accedunt,
825 3591 904 3662 puta
933 3577 1057 3662 Javae,
1095 3575 1332 3661 Taprobanae,

159 3688 260 3770 partis
283 3688 439 3756 maximae
452 3690 703 3773 Moluccarum‚
717 3689 898 3757 certissimo
912 3704 1107 3775 argumento
1122 3689 1332 3774 colligimus,

161 3799 239 3882 quia
257 3800 409 3867 dominus
427 3819 524 3868 nemo
548 3816 598 3869 est
621 3802 692 3887 ejus
714 3801 786 3883 rei,
809 3819 907 3884 quam
925 3821 986 3868 nec
1008 3801 1078 3885 ipse
1099 3821 1255 3884 umquam
1276 3821 1334 3866 nec

168 4002 354 4015 —n———n

196 4121 204 4154 ¹
223 4123 293 4171 Vict.
313 4125 345 4172 de
369 4125 446 4173 lnclis.
468 4138 494 4185 p.
514 4139 537 4173 a.
555 4138 580 4172 n.
601 4138 623 4172 r.
643 4139 666 4173 α.
684 4137 707 4182 3.
725 4137 749 4186 4.
769 4137 791 4181 s.
810 4126 833 4173 6.
852 4137 875 4182 7.
893 4125 967 4174 Adde
987 4125 1092 4174 Covarr.
1111 4123 1136 4171 in
1153 4137 1175 4172 c.
1193 4134 1335 4184 peccatum.

161 4214 174 4274 S
192 4229 216 4276 9.
234 4228 260 4262 n.
278 4226 303 4273 4.
321 4213 372 4276 ibi,
390 4215 485 4274 quinta.
519 4212 623 4263 'Num
641 4229 665 4264 c.
685 4229 725 4264 ao.
760 4215 770 4248 ⁸
789 4219 894 4275 August.
912 4217 929 4263 1.
947 4229 971 4276 4.
990 4229 1014 4274 q.
1032 4229 1072 4276 44.
1088 4227 1163 4275 super
1181 4215 1255 4262 Num.
1272 4213 1334 4262 cita·

162 4316 203 4352 rur
228 4305 254 4352 in
278 4305 368 4366 [Dect.
393 4308 462 4354 Grat.
485 4320 511 4366 p.
535 4319 558 4353 2.
581 4319 621 4363 23.
646 4320 669 4354 a.
695 4305 730 4369 3.]
771 4305 875 4367 ⁴Soph.
899 4283 1017 4355 Tracbin.
1056 4305 1168 4354 ⁵Cons.
1192 4307 1209 4352 1.
1232 4317 1255 4361 ³.
1278 4317 1335 4366 29³·

163 4395 288 4444 “Histoe
308 4399 326 4445 l.
343 4410 366 4458 4
388 4397 426 4458 [c.
445 4396 497 4460 64.]
533 4393 676 4446 ⁷Alciatus
699 4410 770 4446 cons.
794 4399 811 4445 1.
831 4409 856 4456 4.
877 4409 931 4454 130.
949 4398 1055 4446 Covarr.
1070 4395 1096 4443 ln
1110 4409 1134 4446 c.
1152 4407 1291 4457 peccatum.
1309 4409 1335 4455 p.

166 4501 188 4534 a.
205 4490 226 4545 ξ.
245 4501 269 4549 9.
286 4489 352 4536 Bart.
370 4489 408 4536 ad.
427 4490 443 4536 l.
465 4502 485 4536 1.
505 4490 534 4536 G.
552 4489 583 4537 <le
601 4487 711 4549 paganis.
731 4489 773 4550 [C.
794 4502 815 4536 1.
836 4489 886 4549 11.]
1075 4476 1077 4480 ’
