3316 5494
437 586 484 634 DE
508 586 601 651 Juxta
628 587 812 636 PRAEDAE.
839 587 919 634 CAP.
942 586 1025 632 v111.
1250 587 1307 634 111

137 741 240 826 igitur
256 740 408 825 privandi
431 755 526 820 sunt,
551 740 578 808 si
601 741 700 810 modo
725 759 864 826 aequum
888 759 954 808 non
977 755 1027 806 est
1047 760 1128 823 nos,
1149 760 1223 806 curn
1245 739 1312 826 juri

135 867 250 920 nostro
271 852 471 934 insistimus,
491 853 562 936 ejus
581 852 627 919 rei
647 873 768 938 poenas
788 851 889 920 ferre:
906 872 1014 938 neque
1024 851 1253 938 distinguenda
1265 866 1313 918 est

135 965 346 1030 subditorum
369 963 539 1046 conditio,
565 984 638 1030 cum
661 965 721 1031 hae
741 966 852 1050 leges,
881 979 918 1034 ut
950 963 1125 1047 aliquoties
1158 961 1312 1048 repetivi-

136 1095 230 1156 mus,
253 1074 395 1143 animum
417 1075 617 1142 adversantis
639 1094 705 1142 non
727 1074 903 1160 respiciant
922 1074 980 1142 sed
1000 1073 1137 1143 facturn.
1163 1073 1228 1142 Sed
1246 1094 1312 1140 non

136 1185 218 1268 ipsis
250 1185 408 1252 duntaxat
436 1186 647 1269 extorqueri,
679 1206 792 1253 verurn
817 1201 849 1256 et
870 1186 966 1254 nobis
988 1186 1114 1256 easdem
1136 1206 1187 1254 res
1208 1186 1313 1272 appli-

136 1297 202 1362 cari
235 1316 330 1379 posse
363 1297 407 1364 ita
439 1297 629 1382 colligitur,
663 1298 740 1380 quia
772 1297 841 1366 sive
874 1297 914 1364 ab
938 1296 1003 1364 illis
1033 1296 1174 1366 subditis
1203 1313 1312 1384 raptae

137 1422 236 1489 sunt,
270 1429 355 1490 quos
387 1423 444 1478 aut
476 1409 519 1474 ob
551 1427 671 1477 noxam
702 1429 793 1476 suam
814 1422 872 1476 aut
893 1427 1022 1476 causam
1045 1409 1195 1490 quamuis
1218 1409 1311 1476 aliam

137 1520 317 1587 obstrictos
348 1521 445 1588 nobis
476 1519 629 1604 privatim
660 1521 841 1601 habemus,
876 1519 1033 1588 nihil'est
1060 1518 1182 1606 justius
1214 1541 1311 1605 quam

138 1632 238 1698 armis
260 1631 362 1716 repeti
388 1631 479 1715 quod
501 1631 594 1714 aliter
615 1651 682 1700 uon
704 1629 839 1716 potest,
862 1631 933 1698 sive
955 1630 1138 1716 respublica
1160 1647 1209 1698 est
1228 1652 1312 1717 quae
1371 1629 1382 1640 '

139 1742 259 1810 innos
282 1743 451 1826 deliquit¹
483 1759 541 1811 aut
572 1743 635 1810 alio
670 1744 802 1810 nomine
826 1744 858 1810 in
892 1763 963 1809 aere
995 1758 1043 1809 est
1074 1758 1212 1824 nostro,
1237 1764 1311 1812 cum

135 1855 199 1938 jam
226 1870 353 1924 constet
374 1854 582 1932 subditorum
605 1857 691 1922 bona
722 1876 781 1939 pro
815 1855 981 1940 republica
1011 1855 1148 1940 obligari
1168 1854 1203 1936 ²,
1228 1875 1312 1940 quo·

137 1967 250 2035 minus
267 1981 299 2037 et
318 1967 397 2048 baec
416 1965 450 2034 in
469 1969 614 2034 solutum
635 1966 706 2050 capi
726 1966 854 2050 possint
875 1966 956 2034 nibil
977 1980 1085 2032 vetat:
1110 1966 1186 2034 durn
1206 1981 1312 2034 tamen

139 2077 280 2165 amplius
302 2077 386 2144 nibil
409 2093 578 2160 sumatur,
612 2099 709 2162 quam
741 2078 837 2146 nobis
859 2077 1005 2148 debiturn
1028 2093 1098 2160 est,
1132 2078 1165 2152 in
1189 2098 1256 2164 quo
1280 2093 1312 2145 et

139 2189 332 2262 damnorum
366 2190 533 2256 restitutio
568 2205 600 2256 et
633 2205 800 2259 sumtuum
835 2189 1032 2257 continetur.
1079 2188 1169 2256 Haec
1204 2204 1310 2256 autem

139 2321 240 2371 causa
271 2300 366 2368 etiam
398 2317 476 2386 post
506 2301 678 2368 victoriam
710 2315 818 2372 manet
837 2301 872 2384 ⁸,
906 2321 980 2368 cum
999 2301 1088 2385 prior
1108 2301 1164 2367 illa
1184 2301 1311 2370 sublata

140 2427 209 2494 est,
236 2412 277 2480 ad
297 2412 436 2497 periculi
462 2413 754 2498 propulsationem.
800 2414 922 2496 Neque
950 2413 1034 2482 enim
1055 2413 1120 2484 alio
1139 2412 1203 2482 fine
1227 2414 1311 2479 bella

140 2525 306 2609 gerimus,
332 2545 429 2609 quam
450 2539 488 2591 ut
503 2526 558 2610 jus
576 2540 724 2592 nostrum
741 2523 879 2592 victoria
898 2545 1148 2610 consequamur.
1173 2523 1310 2594 Livius:

140 2635 205 2700 Ubi
239 2639 348 2703 omnia
381 2638 411 2702 ai
443 2639 502 2722 qui
531 2640 637 2704 armis
662 2637 741 2722 plus
761 2650 870 2729 potest
902 2637 1016 2703 dedita
1039 2651 1138 2720 sunt,
1162 2657 1248 2724 quar
1269 2657 1311 2704 ex

139 2749 180 2812 iis
213 2746 336 2813 habere
366 2751 498 2830 victor,
532 2748 650 2835 quibus
683 2747 830 2814 multare
861 2767 910 2814 eos
939 2747 1045 2834 uelit,
1078 2751 1181 2836 ipsius
1196 2749 1256 2834 jus
1279 2761 1311 2814 et

139 2859 324 2925 arbitrium
357 2872 413 2924 ast.
460 2857 583 2927 Omnes
615 2858 716 2944 igitur
746 2858 871 2929 subditi
894 2873 928 2925 et
949 2879 1074 2945 semper
1096 2859 1228 2943 spoliari
1251 2879 1312 2944 po-

139 2983 271 3052 terunt,
301 2969 407 3038 occidi
438 2989 504 3037 non
534 2969 622 3044 item.
668 2971 755 3039 Nam
779 2971 807 3036 si
828 2969 1009 3055 periculum
1030 2984 1179 3038 nostrum
1200 2971 1308 3054 adspi-

139 3080 258 3162 cimus,
282 3081 377 3149 multi
394 3098 472 3151 sunt
489 3082 547 3166 qui
566 3083 600 3149 vi
620 3083 766 3166 corporis
783 3083 878 3150 nobis
897 3082 981 3150 nihil
998 3083 1144 3159 obstant,
1169 3101 1309 3166 quorum

139 3192 214 3260 ideo
234 3193 428 3278 corporibus
460 3194 527 3263 vim
553 3193 695 3277 aliquam
717 3193 828 3264 inferri
851 3193 936 3262 nihil
955 3192 1135 3277 profuerit:
1160 3192 1309 3260 athonis

139 3323 233 3372 nemo
256 3325 323 3372 non
344 3305 490 3384 bostium
512 3305 608 3374 nobis
629 3322 743 3388 nocet,
768 3320 806 3376 ut
826 3305 1051 3374 maximenon
1073 3305 1164 3374 velit.
1189 3305 1248 3370 Sin
1270 3304 1310 3370 ad

135 3415 191 3501 ius
212 3415 329 3488 crediti
352 3416 600 3499 convertimur,
623 3416 766 3504 obligata
788 3432 866 3484 sunt
888 3438 948 3501 pro
971 3417 1138 3504 republica
1159 3415 1310 3484 subdito·

139 3547 210 3595 rum
233 3529 344 3611 bona,
366 3547 433 3595 non
457 3515 563 3595 autern
586 3548 725 3613 corpora
743 3527 765 3596 ⁸.
789 3528 888 3596 Unde
912 3544 944 3596 et
963 3530 997 3594 in
1016 3526 1216 3614 repressaliis
1235 3547 1308 3594 cum

140 3639 263 3724 ereptio
291 3640 339 3705 rei
361 3639 589 3723 permittatur,
613 3640 808 3724 prohibetur
827 3639 965 3708 offensio
986 3629 1142 3726 personae
1161 3646 1185 3706 ⁴.
1232 3639 1310 3704 Non

138 3753 225 3826 valet
247 3750 349 3838 igitur
366 3749 501 3821 ductum
519 3751 644 3818 arebus
657 3751 698 3819 ad
708 3770 861 3838 personas
873 3766 1110 3838 argumentum.
1131 3751 1309 3818 Nonenim

138 3863 191 3932 eui
213 3863 325 3930 minus
345 3863 472 3947 aliquid
499 3862 577 3930 licet
598 3863 707 3932 statim
734 3877 767 3932 et
786 3864 878 3946 quod
902 3864 1007 3948 majus
1027 3878 1078 3932 est
1094 3863 1307 3948 permittitur.

139 3974 251 4060 Hujus
274 3989 380 4042 autem
405 3975 582 4042 sententiae
605 3995 802 4059 quamquam
827 3976 966 4042 rationes
987 3974 1095 4042 minus
1118 3974 1206 4059 apud
1228 3974 1310 4041 alios

139 4089 324 4172 exploratae
349 4100 447 4167 sunt,
479 4102 629 4154 auctores
651 4088 809 4154 habemus
832 4103 864 4154 et
885 4088 1058 4174 theologos
1080 4105 1191 4154 omnes
1212 4101 1244 4152 et
1264 4087 1310 4152 le·

173 4305 264 4358 ¹Viet.
282 4320 306 4357 n.
326 4309 365 4364 5⁶.
399 4305 459 4358 ΠΙ.
475 4311 550 4371 paulo
569 4308 691 4371 superius.
724 4307 820 4360 ⁸Vlct.
838 4324 863 4360 n.
881 4280 920 4367 so.
938 4322 963 4362 et
982 4323 1020 4370 57.
1054 4308 1114 4360 ⁴V.
1131 4309 1235 4369 baalam
1252 4311 1269 4361 l.
1287 4322 1309 4358 ι.

140 4412 162 4446 c.
175 4411 199 4462 4.
211 4411 238 4448 n.
256 4399 281 4448 6.
315 4397 409 4450 ‘Baro
428 4401 459 4450 de
477 4413 585 4460 repress.
600 4403 623 4450 Β.
640 4400 722 4464 princ.
740 4415 765 4456 n.
785 4415 807 4454 r.
825 4401 885 4452 Silv.
904 4402 930 4452 in
948 4418 974 4454 v.
991 4400 1175 4466 Repressallae.
1193 4399 1309 4464 inprinc.

139 4487 166 4537 in
183 4503 238 4552 req.
256 4490 281 4539 d.
299 4493 411 4542 covarr.
423 4491 450 4542 in
468 4506 491 4543 c.
508 4505 650 4556 peecatum.
668 4496 690 4552 ξ.
708 4508 734 4559 9.
750 4508 776 4544 n.
793 4508 817 4558 4.
834 4494 861 4544 in
878 4493 937 4546 fine.
