3326 5506
440 615 487 662 uu
510 615 605 682 June
630 615 813 662 aurnuns.
838 615 917 662 cnr.
942 613 1014 661 xru.
1247 610 1311 676 255

135 769 275 838 barbaris
299 769 410 836 datum
431 786 492 837 est.
537 769 665 836 Ultima
687 784 737 836 est
756 789 885 853 poenae
897 768 1090 852 persecutio.
1115 768 1431 873 Numquis-5361&
1447 787 1468 874 {-

136 882 211 964 quis
236 883 358 948 bellum
384 883 475 966 gerit.
492 883 597 949 sciens
621 883 780 968 injustum
794 930 812 963 ‚
830 903 903 948 eum
925 880 1095 963 delinquat
1119 880 1307 964 gravissime
1317 863 1414 997 laihi
1434 861 1470 928 11⁴3

136 994 249 1060 merito
277 993 386 1077 puniri
417 995 513 1062 otiam
544 996 665 1075 debet,
696 1015 738 1060 ne
769 994 899 1078 peceati
921 993 1113 1078 magnitudo
1143 993 1315 1076 peccatori

133 1106 350 1189 patrocinium
368 1121 519 1189 praestet.
565 1107 652 1172 Sunt
671 1094 778 1173 autern
802 1126 917 1192 graves
936 1126 1040 1171 noxae
1052 1104 1308 1185 Lusitanorum,

135 1239 216 1301 quas
248 1219 365 1302 partim
393 1218 595 1302 interpositis
630 1219 725 1300 aliis,
750 1219 865 1303 partim
898 1234 930 1284 et
960 1218 1023 1301 ipsi
1053 1217 1171 1285 fetere.
1224 1217 1309 1283 Sunt
1323 1233 1363 1300 Ee
1387 1234 1468 1302 histos.

135 1345 242 1398 autem
273 1333 351 1398 liaeo
382 1331 497 1414 paria,
519 1347 556 1398 ut
585 1332 706 1398 docent
732 1331 988 1417 jurisconsulti,
1018 1351 1076 1414 per
1105 1351 1138 1396 se
1169 1331 1222 1396 vel
1252 1288 1378 1412 per-‘¹⁸⁶⁸'
1397 1301 1468 1336 ‘mc'

135 1444 272 1509 alterum
303 1441 408 1510 facere
433 1447 461 1508 ¹‘:
488 1457 528 1509 et.
543 1444 664 1510 crimen
695 1465 762 1511 non
793 1445 902 1514 minus
935 1444 1164 1523 mandantem,
1189 1443 1255 1508 imo
1280 1457 1314 1508 et

134 1555 237 1640 magis
261 1555 461 1640 obstringit,
491 1577 594 1639 quarn
612 1579 686 1624 eum
713 1558 770 1640 qui
790 1557 957 1637 mandanti
979 1555 1197 1622 ministerium
1219 1576 1312 1638 prae·

136 1667 220 1735 buit.
246 1667 295 1733 Et·
314 1669 444 1751 proprie
465 1669 683 1736 traditumrest
695 1718 708 1750 ,
720 1691 793 1736 eum
808 1690 875 1752 quo
887 1669 1059 1734 mandante
1079 1683 1137 1733 aut
1154 1668 1311 1734 suadente

136 1780 257 1863 aliquis
280 1780 451 1864 impetitur
476 1796 568 1847 recte
584 1779 749 1847 offendi':
773 1781 982 1864 nequeenim
1001 1801 1095 1847 canes
1118 1780 1310 1846 hominibus

137 1893 292 1960 imitandi
307 1907 414 1975 sunt‚.
432 1893 490 1974 qui
514 1909 552 1959 ut
579 1893 612 1958 in
636 1894 740 1960 ueteri
765 1914 863 1960 uersu
888 1909 960 1974 est,
984 1892 1122 1977 lapidem
1152 1913 1219 1975 quo
1253 1892 1311 1958 iuti

137 2020 234 2087 sunt,
269 2023 335 2094 non
367 2005 474 2089 ipsum
508 2006 566 2088 qui
598 2006 656 2072 icit
683 2022 810 2090 petunt
860 2006 1046 2072 Conveniet
1066 2005 1121 2070 hic
1144 2005 1235 2087 quod
1256 2005 1311 2070 ille

138 2119 178 2184 de
209 2118 423 2184 buccinatore
445 2119 540 2184 docet
569 2121 752 2203 apologuS‚
789 2119 821 2184 in
852 2119 932 2184 illos·
950 2118 1086 2183 maxime
1108 2117 1311 2183 animadver-

139 2230 294 2308 tendum,
320 2230 376 2311 qui
399 2251 472 2296 cum
501 2251 558 2318 per
579 2251 613 2296 se
635 2231 773 2296 audeant
795 2230 901 2312 nihil,
927 2231 1008 2297 alios
1030 2231 1071 2296 ad
1090 2231 1211 2296 bellum
1234 2249 1310 2294 con·

140 2345 250 2410 citant.
297 2342 388 2428 Quin
417 2343 504 2426 apud
538 2344 711 2410 Senecam:
748 2364 849 2428 aeque
881 2342 1001 2430 diguus
1025 2357 1071 2408 est
1097 2357 1228 2428 poena,
1254 2345 1312 2426 qui

139 2459 204 2522 rim
227 2453 363 2520 adhibet
387 2467 417 2518 et
441 2459 500 2540 qui
524 2456 565 2520 ab
587 2455 654 2520 alio
679 2455 814 2521 admota
839 2455 885 2520 ad
907 2455 1038 2520 lucrum
1062 2476 1156 2518 suum
1187 2457 1313 2518 utitur.

141 2569 251 2632 Acute
281 2566 446 2650 Tragicus
468 2567 498 2631 ³:
522 2571 578 2632 cui
599 2567 735 2653 prodest
768 2568 870 2633 scelus
905 2569 938 2632 Is
962 2567 1060 2651 fecit.
1106 2566 1310 2632 Delictorum

140 2694 247 2745 autem
281 2699 397 2763 genera
427 2699 467 2744 ex
496 2679 680 2745 narratione
704 2680 771 2762 peti
801 2695 950 2763 possunt.
997 2679 1237 2744 Gravissimum
1262 2692 1312 2743 est

141 2791 295 2860 delictum
319 2792 482 2858 hominem
507 2791 654 2856 occidere
663 2840 683 2873 ‚.
696 2792 781 2858 unde
803 2794 892 2876 leges
910 2791 944 2856 in
964 2791 1098 2856 sicarios
1111 2793 1132 2855 ⁴.
1159 2789 1320 2855 Lusitani*

140 2920 246 2970 autern
277 2906 400 2971 multos
427 2904 575 2970 homines
611 2904 794 2970 Hollandos
818 2902 1007 2970 foedissime
1031 2918 1063 2968 et
1086 2901 1310 2968 crudelissime

140 3017 365 3086 trucidarunt:
399 3037 500 3099 quare
523 3015 663 3084 societas
686 3017 798 3082 Indica
827 3016 1050 3083 ministrorum
1082 3035 1224 3081 suorum·
1240 3015 1312 3080 vin-

141 3129 261 3195 dictam
287 3129 445 3198 omittere
459 3149 525 3196 non
547 3129 679 3195 debuit..
716 3129 835 3194 Thetis
857 3129 951 3212 apud<
968 3129 1148 3194 Homerum
1173 3127 1204 3191 ⁵:

311 3247 356 3310 ιιιι1
380 3247 413 3320 δὴ
433 3245 519 3312 τοῦτο’
539 3269 595 3323 γε,
618 3245 730 3317 τέκνον,
754 3247 894 3325 ἐτήτυμον
917 3248 947 3311 οὐ
969 3244 1057 3310 ιιιικόιι
1080 3244 1142 3310 ἐστι

314 3358 477 3438 τειρομένοις
498 3355 634 3439 ἑτάροισιν
654 3357 802 3437 ἀμυνέμεν
824 3359 912 3424 αἰπὺν
930 3356 1047 3438 ὄλεθροι.

312 3465 381 3530 Illa
405 3465 560 3551 quidem,
577 3461 778 3550 fata0r‚.fili
790 3512 801 3544 ‚
825 3469 1043 3532 sanctissima
1059 3486 1111 3531 res
1138 3480 1185 3530 est

316 3578 441 3644 Ulcisci
461 3582 591 3644 comites
614 3577 760 3661 infanda
782 3591 892 3647 morta.
900 3591 1077 3662 permutor.

189 3689 283 3755 Cum
318 3704 424 3758 autem
464 3691 607 3756 servitus
642 3687 832 3756 mortalitati
868 3702 1097 3772 comparetur,
1133 3688 1316 3756 libertatern

143 3801 230 3868 vitae
249 3821 361 3884 prone·
375 3800 547 3883 exaequari
570 3820 709 3870 necesse·
724 3800 814 3868 est⁶:.
837 3800 937 3868 Unde
957 3799 1068 3884 colligi
1090 3815 1315 3884 potestqutu·

145 3997 337 4007 -----..-ι

179 4125 187 4158 1
206 4127 238 4174 V.
252 4127 377 4185 Angelum
402 4137 426 4172 et
448 4127 520 4185 alleg.
543 4125 569 4172 in
589 4136 661 4174 tract.
678 4126 711 4174 de
726 4126 810 4174 nralef.
826 4129 846 4184 §.
865 4137 890 4173 et
915 4127 1099 4187 Sempronium.
1134 4124 1144 4156 ²
1164 4126 1233 4175 Balb.
1253 4127 1279 4174 ln
1298 4130 1314 4175 l.

149 4231 170 4265 1.
186 4218 216 4264 C.
234 4218 300 4265 unde
319 4216 354 4266 vi.
371 4217 414 4278 [C.
430 4219 453 4264 8.
469 4215 505 4280 4.]
524 4231 549 4264 n.
565 4218 606 4272 56.
622 4219 664 4265 all.
684 4219 773 4266 Innoc.
809 4217 819 4249 ³
838 4219 939 4266 Medea.
960 4218 1011 4280 [vs.
1029 4217 1097 4280 soo]
1136 4217 1147 4248 ⁴
1165 4220 1196 4266 V.
1212 4230 1259 4266 tot.
1277 4219 1318 4268 tit.

145 4308 171 4356 ff.
197 4320 222 4357 et
248 4310 277 4356 C.
304 4310 336 4358 ad
359 4309 377 4358 l.
402 4309 479 4356 Corn.
505 4309 537 4356 de
554 4309 600 4358 sic.
619 4309 689 4371 [Dig.
706 4311 747 4370 48.
772 4312 794 4357 8.
819 4310 849 4358 C.
867 4323 891 4371 9.
916 4307 967 4372 ro]
1004 4307 1075 4372 ⁵[ll.
1093 4311 1109 4357 l.
1132 4311 1169 4358 18.
1188 4323 1226 4359 vs.
1247 4309 1315 4372 rell]

143 4399 155 4432 ⁶
172 4401 204 4448 V.
221 4400 278 4461 Dig.
299 4401 330 4449 de
348 4401 403 4460 lege
422 4399 498 4449 Favia
520 4401 551 4448 de
567 4399 713 4462 plagiariis,
729 4412 777 4450 tor.
801 4401 842 4448 tit.
857 4412 882 4448 et
901 4402 933 4449 de
951 4403 1019 4450 hom.
1037 4400 1083 4448 lib.
1101 4401 1187 4452 exhiu
1207 4400 1254 4465 [D.
1272 4405 1314 4462 48.

151 4505 188 4548 1⁵·
206 4503 230 4540 et
248 4505 290 4553 ιι.
310 4491 363 4555 29·]
