3326 5506
451 598 496 642 DE
520 597 613 663 Juurt
640 597 824 650 Pannona.
851 597 930 643 cni).
955 598 1006 644 xl.
1251 604 1310 648 201

142 755 227 820 inter
248 753 386 836 impares
410 766 478 818 arte
501 767 533 818 et
555 750 683 818 viribus
706 765 807 817 totam
830 771 888 835 per
911 751 995 817 diem
1018 751 1088 834 pari
1113 754 1223 819 Marte
1246 775 1315 820 cer-

142 853 272 932 tatum⁸
288 879 349 932 est.
414 865 531 930 Mense
563 877 639 946 post
672 863 903 930 comitantibus
938 864 1056 930 iterum
1091 864 1222 931 Batavis
1256 887 1313 933 rex

141 977 305 1043 Ternatae
349 975 460 1059 prodit
499 989 809 1058 praetervectusque
845 974 996 1041 Tidorim
1031 975 1194 1056 insulam,
1238 998 1312 1044 curn

142 1088 330 1171 quindecim
372 1086 607 1152 Lusitanorum
654 1087 829 1153 caracallae
876 1102 1107 1168 occurrerent,
1159 1087 1313 1156 immotus

143 1199 337 1283 compressis
358 1198 431 1264 telis
454 1197 559 1276 sedit,
583 1212 774 1281 exspectans
794 1197 897 1264 donec
917 1197 1023 1266 hostis
1041 1199 1131 1282 prior
1149 1198 1316 1283 auspicata

143 1314 237 1378 caede
260 1312 294 1376 in
319 1329 353 1376 se
375 1309 439 1375 Dei
463 1309 699 1390 hominumque
719 1309 895 1376 vindictam
915 1309 1104 1376 concitaret.
1127 1311 1178 1377 Ibi
1196 1313 1314 1394 plenus

143 1424 325 1490 animorum
348 1437 380 1488 et
400 1422 508 1506 justae
540 1419 677 1485 ultionis
710 1419 874 1506 insurgit,
909 1435 1069 1504 captaque
1092 1422 1225 1489 navium
1250 1444 1314 1489 una

143 1536 250 1602 victor
273 1534 307 1598 in
330 1551 466 1618 regnum
489 1531 586 1598 redit.
633 1531 784 1598 Matiana
804 1531 932 1598 interim
952 1532 998 1597 ita
1016 1532 1169 1599 Lusitani
1188 1534 1315 1601 desola-

144 1660 284 1726 verant,
303 1658 341 1710 ut
351 1643 434 1709 nihil
445 1662 547 1726 prope
558 1656 684 1725 praeter
695 1642 820 1709 nudum
832 1658 930 1725 atque
943 1643 1038 1710 inane
1049 1645 1156 1710 solum
1169 1661 1315 1714 restaret.

144 1759 259 1840 thue
283 1757 411 1821 flamma
434 1773 501 1837 quo
521 1755 614 1837 plura
626 1753 805 1838 corripuit,
829 1755 893 1820 hoc
906 1755 1132 1822 vehementius
1144 1755 1176 1822 in
1190 1773 1315 1824 caetera

142 1868 318 1948 funditur,
342 1866 389 1932 sic
411 1865 459 1930 illi
484 1885 526 1930 ex⁴
546 1865 605 1930 hac
628 1865 745 1948 praeda
763 1866 916 1950 majorem
935 1867 1217 1950 concupiscentes,
1230 1869 1315 1935 Ter·

145 1996 251 2046 natam
276 1979 378 2061 ipsam
401 1976 541 2044 navibus
565 1977 714 2059 quinque
739 1992 772 2043 et
791 1976 928 2062 galeotis
947 1992 1090 2058 quatuor
1109 1980 1313 2048 adoriuntur.

145 2092 194 2158 Ibi
226 2090 365 2170 Batavi,
399 2088 457 2172 qui
489 2103 623 2171 propter
654 2088 747 2154 littus
779 2088 937 2155 hactenus
969 2088 1139 2173 sederant,
1173 2110 1247 2158 cum
1280 2114 1315 2158 se

145 2201 296 2268 viderent
327 2197 538 2265 multitudine
559 2196 813 2280 circumveniri,
838 2198 978 2264 sublatis
1000 2200 1141 2283 primum
1165 2204 1316 2270 anchoris

145 2332 278 2379 cursum
301 2309 365 2375 sibi
388 2309 573 2374 liberiorem
598 2308 785 2392 expediunt.
808 2309 937 2375 Deinde
960 2330 1117 2379 memores
1139 2330 1315 2382 mercatum

146 2444 201 2504 se,
225 2441 293 2489 non
316 2421 357 2487 ad
377 2421 499 2486 bellum
531 2419 671 2502 missos,
704 2440 779 2485 cum
809 2421 874 2504 jam
905 2422 1062 2505 temporis
1089 2424 1262 2507 dispendio
1284 2442 1318 2493 et

146 2531 407 2618 onerispenuria
432 2550 578 2616 magnam
597 2529 676 2597 satis
691 2531 850 2615 jacturam
871 2531 1100 2617 incurrissent,
1125 2557 1203 2619 pace
1231 2538 1317 2622 regis

145 2647 341 2728 discedunt,
370 2643 491 2710 relictis
524 2663 659 2710 suorum
695 2663 712 2708 e
745 2662 907 2726 numeru,
943 2645 1001 2727 qui
1036 2647 1210 2714 amicitiam
1245 2651 1317 2734 ejus

145 2760 291 2825 colerent
313 2772 345 2822 et
368 2775 508 2839 quorum
542 2755 596 2821 ille
630 2774 728 2838 opera
761 2754 967 2837 consilioque
1001 2757 1156 2825 adversus
1189 2760 1316 2826 hostem

145 2885 231 2939 esset
262 2868 463 2935 instructior.
509 2865 662 2933 Lusitani
694 2865 778 2932 enirn
810 2866 956 2933 discessu
979 2866 1096 2933 iterum
1121 2870 1316 2938 Batavorum

145 2979 399 3060 insolentiores,
423 2978 562 3063 ingressi
586 2977 724 3044 insulam
748 2976 895 3060 proxima
918 2997 1089 3060 quaeque,
1113 2995 1202 3046 metu
1224 2982 1317 3049 habi·

144 3095 286 3161 tantium
307 3092 455 3170 deserta,
478 3089 664 3173 spoliabant
687 3089 900 3171 urebantque.
925 3088 971 3153 Et
988 3105 1096 3156 manet
1114 3111 1201 3158 nunc
1219 3093 1315 3159 etiam

145 3206 212 3272 illis
244 3224 318 3270 cum
342 3223 418 3287 rege
442 3201 638 3268 Ternatensi
665 3202 813 3282 bellum,
847 3201 881 3267 in
916 3220 983 3283 quo
1007 3215 1112 3269 tamen
1135 3219 1248 3287 postea
1270 3204 1316 3270 fe·

144 3317 253 3384 liciter
273 3329 442 3382 contusam
464 3313 595 3379 illorum
618 3313 783 3379 audaciam
806 3311 889 3378 fama
913 3312 1108 3395 accepimus.
1137 3315 1210 3381 Nec
1234 3317 1317 3385 illud

145 3427 415 3512 praetereundum
440 3441 512 3504 est,
535 3425 713 3491 Lusitanos
743 3445 783 3490 ne
806 3427 873 3490 ulla
895 3424 929 3491 in
952 3439 1042 3508 parte
1062 3446 1080 3490 a
1100 3426 1315 3511 Castellanis,

144 3540 263 3624 priscis
300 3537 451 3604 hostibus
485 3536 704 3617 Batavorum,
738 3535 1021 3621 distinguerentur
1058 3537 1135 3603 satis
1172 3539 1314 3619 cavisse;

145 3672 220 3718 cum
249 3651 336 3715 bello
366 3648 430 3714 isto
461 3646 678 3728 Ternatensi,
712 3667 779 3729 quo
808 3645 949 3713 batavos
977 3651 1031 3714 vel
1052 3648 1189 3716 maxime
1206 3671 1315 3733 perse·

146 3763 355 3845 quebantur,
379 3757 510 3825 auxiliis
533 3757 673 3825 Manilia
685 3758 793 3824 missis
807 3758 905 3842 (sunt
916 3758 1046 3825 enimet
1057 3759 1103 3825 ibi
1117 3761 1315 3848 Castellani)

146 3890 178 3940 et
208 3872 349 3939 navibus
378 3870 430 3936 usi
463 3871 550 3952 sint,
583 3883 621 3936 ut
651 3869 729 3935 alias
753 3870 849 3935 etiam
870 3890 886 3934 e
905 3870 1103 3954 Philippinis
1126 3873 1227 3955 petita
1250 3875 1315 3942 illis

145 3984 294 4051 subsidia
312 3982 511 4049 notavimus.
556 3982 634 4069 Quo
656 3980 735 4047 satis
766 3981 945 4048 ostendunt
967 3981 1101 4065 populi,
1126 3984 1214 4049 baud
1237 3986 1315 4052 satis

146 4095 294 4179 alioquin
317 4095 401 4161 inter
412 4115 447 4161 se
470 4094 668 4177 concordes,
680 4112 745 4159 una
756 4112 792 4159 se
803 4107 909 4159 tamen
922 4093 956 4158 in
970 4093 1165 4160 Batavorum
1178 4079 1313 4163 exitium

147 4209 343 4292 conjurasse.
390 4206 447 4272 Ad
478 4204 624 4271 ultimam
657 4205 757 4272 venio
779 4205 995 4272 narrationem
1020 4205 1059 4270 de
1091 4226 1165 4290 rege
1193 4207 1312 4291 Jorae,
1326 4227 1396 4273 Arm
1410 4226 1457 4273 uu.

149 4339 244 4401 quem
268 4339 342 4384 cum
361 4317 490 4402 cogita,
503 4333 572 4384 tum
596 4338 675 4384 vero
694 4317 774 4383 mihi
794 4317 907 4383 videor
924 4335 1084 4383 summurn
1102 4316 1194 4382 illum
1215 4333 1314 4402 atque

148 4450 258 4497 verum
292 4429 421 4496 Indicae
453 4429 724 4514 peregrinationis
755 4428 899 4496 fructum
931 4428 1113 4514 perspicere
1144 4445 1175 4495 et
1198 4432 1313 4499 merito
