3310 5482
315 590 346 629 vr
747 579 749 584 '
796 586 981 629 runsrnrro.

314 763 448 838 judicare
469 773 584 836 posset,
605 762 769 820 accuratius
792 761 1023 836 investigandum
1045 762 1142 834 fuisse.
1184 762 1253 820 Post
1278 762 1487 835 Visseringium

315 869 352 926 V.
380 869 427 926 Cl.
455 868 495 926 R.
526 867 662 925 Fruinius
690 867 788 924 Grotii
816 866 922 924 librum
951 868 1086 941 perlegit.
1135 867 1214 925 Huic
1242 870 1321 924 nulla
1341 865 1487 924 dubitatio

314 984 462 1047 supererat
490 983 520 1029 et
553 971 786 1029 Commentarius
807 972 927 1028 omnino
945 969 1072 1029 edendus
1090 987 1149 1029 esse
1171 969 1335 1028 videbatur.
1364 970 1487 1044 ‚ltaque

314 1077 385 1134 mihi
405 1077 547 1150 persuasit
568 1087 601 1133 ut
623 1075 760 1134 editionis
781 1092 880 1134 curam
902 1077 1085 1149 susciperem.
1126 1075 1190 1149 Ego
1211 1093 1227 1132 a
1249 1091 1279 1133 re
1300 1071 1410 1132 alienus
1427 1092 1486 1132 non
1519 1155 1521 1162 Ι

314 1197 410 1251 eram,
430 1179 479 1238 sed
501 1182 618 1239 illorum
641 1193 805 1255 temporum
826 1181 965 1238 historiae
982 1196 1042 1237 non
1064 1182 1187 1249 multum
1208 1195 1312 1253 operae
1334 1167 1487 1248 dederam,

314 1301 380 1342 cum
408 1296 502 1342 tamen
530 1285 644 1353 omnia,
666 1302 740 1359 quae
762 1283 869 1343 editori
890 1283 925 1342 de
946 1285 1042 1359 operis
1063 1285 1176 1357 origine
1198 1295 1227 1341 et
1248 1285 1398 1357 scriptoris
1417 1271 1487 1341 con-

314 1390 378 1446 silio
399 1387 578 1447 observanda
600 1401 710 1460 essent,
731 1406 766 1446 eo
792 1389 983 1463 pertinerent.
1015 1389 1056 1446 At
1078 1388 1216 1446 Fruinius
1234 1386 1264 1445 id
1285 1388 1356 1445 mihi
1379 1390 1487 1445 nullam

315 1493 474 1550 molestiam
501 1504 667 1551 creaturum
696 1491 791 1562 dixit,
820 1510 887 1551 cum
914 1495 974 1566 ipse
1000 1492 1068 1549 libri
1097 1492 1245 1549 historiam
1275 1493 1489 1566 compositurus

316 1606 388 1654 esset
410 1597 439 1654 in
461 1600 617 1671 opusculO,
638 1595 718 1671 quod
740 1598 769 1654 in
791 1595 883 1656 diario
902 1591 1024 1671 belgico
1047 1597 1132 1656 edere
1158 1595 1337 1667 intenderet,
1362 1595 1489 1670 indeque

315 1717 369 1774 ego
390 1701 505 1771 omnia,
524 1700 630 1774 quibus
653 1702 723 1759 mihi
745 1700 780 1758 ad
802 1701 1011 1776 praefationem
1032 1720 1106 1776 opus
1127 1713 1218 1772 esset,
1239 1701 1354 1759 haurire
1369 1717 1489 1774 possem.

316 1806 418 1879 ltaque
440 1804 576 1862 editionis
595 1821 692 1862 curam
715 1804 807 1862 libens
829 1807 951 1879 suscepi.

356 1907 460 1966 Codex
492 1910 581 1982 ipsius
608 1909 736 1966 auctoris
757 1925 842 1966 manu
865 1910 993 1983 scriptus
1015 1921 1044 1967 et
1065 1912 1147 1983 prelo
1169 1922 1283 1984 paratus
1312 1919 1386 1967 erat:
1417 1909 1487 1966 mihi

315 2014 439 2070 ulterius
470 2012 543 2069 nihil
576 2011 739 2070 faciendum
765 2012 843 2082 fuit,
872 2029 957 2086 quam
990 2025 1023 2071 ut
1048 2012 1095 2070 edi
1123 2029 1268 2082 curarem,
1295 2030 1369 2087 quae
1400 2015 1489 2087 scrip-

316 2128 364 2175 tor
392 2117 453 2190 ipse
482 2115 605 2174 editioni
634 2115 814 2174 destinasset.
863 2117 927 2174 Hac
949 2118 978 2175 in
1007 2134 1038 2174 re
1062 2134 1149 2190 quam
1177 2118 1405 2176 accuratissimus
1431 2134 1489 2175 esse

316 2219 414 2278 studui
441 2232 471 2278 et
498 2221 570 2278 nihil
593 2221 722 2293 mutavi:
743 2223 867 2279 multum
889 2237 993 2294 operae
1014 2219 1080 2278 dedi
1098 2233 1132 2280 ut
1154 2224 1217 2279 loca
1238 2239 1253 2278 a
1273 2222 1380 2280 Grotio
1402 2222 1490 2279 citata

317 2325 346 2382 in
369 2326 544 2398 scriptorum
566 2324 648 2382 libris
671 2326 867 2399 perquirerem
889 2335 919 2383 et
941 2325 1119 2383 conferrem:
1142 2324 1190 2383 sed
1212 2342 1270 2383 non
1286 2342 1384 2382 omnes
1400 2325 1489 2382 libros

316 2427 351 2486 ad
372 2445 486 2488 manum
509 2428 607 2488 habui.
647 2429 711 2503 lpse
732 2428 842 2502 aliquid
862 2440 1002 2488 annotare
1022 2433 1158 2488 consulto
1177 2431 1274 2500 omisi,
1289 2440 1489 2504 praeterquam

316 2533 413 2592 sicubi
441 2535 472 2591 in
499 2545 583 2592 textu
608 2532 723 2607 aliquid
748 2532 877 2620 deesset,
905 2537 952 2592 vel
973 2537 1070 2593 locum
1091 2535 1219 2608 aliquem
1240 2534 1334 2591 minus
1356 2543 1490 2590 accurate

318 2638 403 2696 citari
425 2650 587 2712 appareret.
616 2640 698 2717 Quae
719 2655 777 2695 non
801 2639 830 2695 in
852 2639 915 2712 ipso
936 2636 1037 2696 codice
1058 2641 1214 2712 leguntur,
1230 2636 1278 2694 sed
1299 2653 1376 2694 ame
1394 2635 1490 2694 addita

317 2754 405 2811 sunt,
434 2743 519 2800 uncis
546 2743 661 2800 inclusi.
702 2743 816 2801 Auctor
844 2741 1018 2801 documenta
1038 2741 1176 2817 quaedam
1198 2753 1264 2816 post
1283 2744 1419 2799 volumen
1441 2738 1489 2797 ad·

316 2846 407 2920 jicere
434 2845 619 2916 intendebat,
645 2845 694 2904 sed
720 2864 752 2904 ea
779 2849 810 2904 in
836 2846 938 2905 codice
966 2859 996 2906 et
1022 2848 1130 2905 chartis
1153 2846 1214 2920 ejus
1238 2843 1490 2903 desiderabantur:

321 2950 458 3010 Fruinius
484 2952 580 3008 omnia
605 2951 805 3026 conquisivit,
834 2951 950 3025 Belgice
974 2954 1021 3009 vel
1048 2952 1220 3009 Germanice
1238 2951 1363 3023 scripta:
1384 2965 1437 3021 ego
1458 2949 1488 3006 in

318 3055 454 3113 Latinum
488 3071 647 3113 sermonem
677 3056 811 3114 converti
833 3066 862 3113 et
883 3056 996 3113 veniam
1018 3073 1033 3113 a
1056 3055 1215 3114 lectoribus
1236 3066 1321 3127 peto,
1342 3054 1365 3110 si
1382 3053 1490 3109 oratio·

319 3159 364 3215 nis
395 3159 538 3231 elegantia
568 3162 692 3216 multum
724 3176 739 3216 a
767 3160 927 3218 Latinitate
953 3160 1052 3217 Grotii
1074 3158 1180 3217 distare
1199 3156 1338 3215 viderint.
1379 3156 1489 3215 Textui

321 3264 502 3336 praemittam
535 3275 645 3336 partem
676 3280 795 3333 eorum,
825 3280 899 3337 quae
931 3263 1066 3322 Fruinius
1102 3263 1131 3319 in
1163 3260 1255 3319 diario
1286 3261 1406 3333 Belgico
1436 3255 1489 3336 (de

318 3365 402 3424 Gids.
422 3367 508 3426 1868.
535 3366 605 3424 Oct.
632 3383 667 3425 en
694 3365 793 3446 Nov.)
815 3366 850 3425 de
868 3369 963 3442 operis
984 3368 1097 3441 origine
1118 3378 1147 3424 et
1168 3366 1288 3423 historia
1309 3366 1489 3439 composuit:

320 3471 342 3527 si
372 3471 423 3544 qui
451 3471 495 3527 his
524 3487 583 3528 non
611 3472 744 3529 contenti
766 3475 849 3546 plura
871 3489 903 3530 ea
921 3470 956 3530 de
978 3488 1009 3530 re
1030 3486 1207 3545 cognoscere
1226 3471 1364 3544 cupiunt,
1385 3487 1433 3528 eos
1454 3468 1488 3528 ad

318 3575 411 3648 ipsum
434 3574 547 3632 Fruinii
565 3591 638 3648 opus
657 3577 785 3634 remitto.

358 3677 407 3737 Ad
434 3679 512 3736 hunc
541 3677 616 3737 diem
642 3681 749 3738 nemini
777 3681 962 3750 innotuerat,
983 3696 1088 3755 quare
1109 3680 1244 3740 inductus
1265 3682 1388 3740 Grotius
1409 3697 1488 3755 prae·

318 3786 428 3840 clarum
459 3798 532 3855 opus
554 3800 635 3841 suum
665 3783 699 3842 de
723 3784 786 3858 jure
807 3783 875 3843 belli
897 3801 930 3842 ac
950 3787 1028 3859 pacis
1049 3787 1278 3860 conscripsisset.
1319 3786 1406 3844 Brevi
1424 3797 1489 3859 post

319 3886 415 3960 fugam
440 3902 456 3943 e
473 3903 606 3956 carcere,
628 3888 759 3964 Parisiis,
781 3891 867 3948 unius
887 3891 955 3947 anni
973 3900 1002 3948 et
1021 3906 1181 3963 paucorum
1199 3891 1338 3949 mensium
1360 3902 1489 3964 tempore

319 4001 414 4048 totum
443 3991 599 4049 absolvisse
626 4009 690 4051 eum
716 3993 877 4053 constabat.
925 3995 1075 4069 Nusquam
1103 4012 1132 4052 se
1152 3995 1222 4052 huic
1242 4006 1412 4069 argumento
1432 3994 1488 4068 jam

318 4095 399 4168 prius
428 4095 573 4153 intentum
600 4095 687 4155 fuisse
712 4109 995 4156 commemoraverat.
1042 4100 1074 4156 In
1099 4101 1230 4173 epistolis
1255 4098 1290 4157 ad
1320 4100 1426 4156 amicos
1453 4115 1488 4157 eo

318 4198 441 4258 consilio
470 4199 615 4272 scripsisse
634 4217 664 4257 se
682 4198 813 4272 dixerat,
837 4212 871 4260 ut
893 4201 1035 4260 feritatem
1057 4201 1092 4260 ad
1113 4205 1188 4261 bella
1210 4220 1263 4277 pro
1284 4202 1380 4261 lubitu
1400 4203 1488 4261 susci-

319 4300 438 4377 pienda,
460 4318 514 4376 pro
534 4304 630 4364 lubitu
650 4303 792 4378 gerenda,
813 4303 934 4363 sedaret.
959 4306 1049 4365 Nunc
1064 4305 1177 4368 demum
1195 4308 1327 4381 apparuit
1349 4308 1487 4366 Grotium

319 4423 385 4465 eum
408 4406 458 4479 Jus
480 4406 549 4464 belli
570 4424 603 4465 ac
619 4409 698 4481 pacis
721 4409 934 4482 conscriberet,
954 4428 1027 4484 opus
1048 4409 1083 4469 ad
1101 4429 1215 4471 manum
1235 4412 1366 4472 habuisse
1387 4423 1416 4471 et
1433 4412 1488 4471 fre·
1512 4435 1517 4447 ¹
