3326 5506
444 611 491 656 DE
514 610 608 676 June
634 609 818 658 Pannona.
845 609 924 656 cAl‘.
950 610 1014 654 ΧΠ.
1262 612 1324 674 217

148 763 337 848 Occupatio
371 779 477 832 autem
510 766 589 831 haec
623 764 655 831 in
685 764 741 832 his
764 766 884 846 rebus,
909 782 993 845 quae
1014 764 1215 846 possessioni
1240 765 1326 832 reni·

146 891 292 959 tumtur,
326 890 363 941 ut
393 890 472 942 sunt
503 874 590 944 serae
611 877 758 958 bestiae,
782 891 940 961 perpetua
961 895 1031 944 esse
1053 876 1173 959 debet,
1198 877 1231 946 in
1255 878 1327 946 aliis

145 987 270 1054 sufficit
301 1008 436 1070 corpore
456 1001 603 1072 coeptam
629 988 869 1072 possessionem
893 987 1001 1054 animo
1024 987 1170 1056 retineri.
1218 990 1328 1056 Occu·

145 1100 240 1183 patio
261 1099 295 1165 in
318 1098 496 1165 mobilibus
520 1114 570 1166 est
591 1099 826 1183 apprehensio,
851 1100 884 1166 in
902 1099 1128 1168 immobilibus
1151 1100 1326 1168 instructio

145 1226 208 1278 aut
241 1209 411 1276 limitatio:
446 1211 534 1278 unde
570 1211 854 1296 Hermogenianus
875 1217 886 1256 1
910 1231 984 1293 cum
1006 1211 1150 1278 dominia
1173 1211 1327 1280 distincta

147 1323 253 1404 dicit,
288 1321 379 1389 addit
412 1322 498 1407 agris
521 1322 676 1390 terminos
698 1323 848 1406 positos,
873 1321 1020 1391 aedilicia
1042 1325 1214 1390 collocata.
1261 1323 1326 1390 Hic

148 1455 259 1502 rerum
284 1448 390 1501 status
411 1455 429 1501 a
451 1434 560 1518 poetis
582 1433 762 1502 indicatur:

240 1545 268 1612 Τ
269 1569 323 1612 um
345 1547 473 1631 laqueis
495 1560 635 1633 captare
647 1548 751 1632 ferm
774 1561 804 1612 et
821 1546 951 1630 fallere
974 1550 1061 1614 uisao

240 1659 414 1726 Internum
437 1657 474 1723 ¹:

652 1783 722 1836 tum
741 1774 891 1856 primum
914 1770 1043 1834 subiere
1065 1768 1171 1836 domos
1185 1791 1197 1834 .·

241 1879 511 1966 Communemque
526 1882 650 1965 prius,
674 1903 731 1948 ceu
756 1881 884 1948 lumina
908 1880 984 1945 solis
1005 1894 1037 1946 et
1061 1901 1193 1960 aurae,

243 1992 371 2058 Cautus
392 1992 526 2056 humum
551 1993 645 2079 longo
668 1996 817 2080 signauit
842 1993 948 2058 limite
971 2012 1092 2058 messor
1115 1999 1140 2057 ³.

198 2104 408 2172 Celebratum
438 2118 514 2187 post
547 2104 648 2185 haec,
677 2119 715 2170 ut
745 2103 1027 2188 Hermogenianus
1062 2103 1209 2186 indicat,
1239 2126 1328 2172 com-

151 2217 337 2297 mercium,
362 2217 457 2301 cujus
480 2215 582 2300 gratia

358 2327 532 2393 Fluctibus
555 2330 678 2414 ignotis
699 2327 906 2396 insultavere
926 2331 1067 2394 carinae
1085 2331 1107 2394 ⁴.

194 2438 321 2506 Eodem
355 2453 463 2506 autem
494 2454 639 2522 tempore
674 2453 706 2506 et
734 2438 937 2523 respublicae
972 2438 1101 2506 institui
1125 2455 1328 2523 coeperunt,

152 2565 252 2634 atque
285 2551 331 2616 ita
361 2570 497 2634 eorum,
529 2569 613 2632 quae
636 2550 778 2634 aprima
810 2550 1040 2617 communione
1064 2551 1193 2620 divulsa
1217 2567 1328 2632 erant,

153 2662 221 2728 duo
243 2660 428 2730 factasunt
451 2682 576 2747 genera.
620 2662 699 2728 Alia
721 2662 804 2730 enim
831 2675 909 2728 sunt
932 2661 1087 2746 publica,
1112 2664 1175 2730 hoc
1200 2678 1248 2730 est
1269 2684 1329 2747 po-

153 2774 226 2857 puli
247 2773 380 2857 propria
405 2775 509 2859 (quae
534 2790 583 2842 est
604 2773 745 2859 genuina
768 2773 864 2842 istius
887 2772 980 2840 vocis
1002 2773 1244 2860 significatio),
1267 2776 1329 2841 alia

154 2905 242 2952 mere
264 2885 415 2970 privata,
439 2888 502 2952 hoc
526 2900 575 2953 est
597 2885 815 2970 singulorum.
862 2883 1047 2966 Occupatio
1068 2901 1174 2952 autem
1195 2886 1329 2970 publica

157 2998 272 3064 eodem
296 2998 395 3064 modo
418 2997 479 3079 fit,
504 3017 572 3080 quo
595 2996 731 3081 privata.
775 2996 939 3062 Seneca⁵:
954 2999 1052 3064 Fines
1076 2996 1327 3063 Atheniensium

155 3123 219 3176 aut
245 3112 488 3196 Campanorum
518 3130 692 3187 necamus,
724 3129 802 3194 quos
833 3107 949 3174 deinde
969 3112 1060 3175 inter
1080 3129 1112 3174 se
1134 3113 1239 3177 uicini
1250 3113 1327 3196 pri·

153 3235 239 3292 rata
260 3225 498 3288 terminatione
519 3220 746 3308 distinguunt.
793 3219 886 3286 Gens
910 3219 996 3286 enim
1017 3240 1235 3304 unaquaeque

381 3334 525 3400 Partita
548 3331 631 3416 fines
652 3352 756 3419 regna
780 3336 977 3413 constituit,
1001 3353 1101 3402 novas

383 3445 576 3510 Exstruxit
598 3444 695 3510 urbes
713 3442 739 3509 ⁸.

198 3556 274 3622 Hoc
295 3555 392 3624 modo
416 3555 497 3622 dicit
520 3554 638 3622 Cicero
657 3558 668 3598 ²
689 3573 803 3639 agrum
827 3555 1019 3638 Arpinatem
1034 3556 1230 3638 Arpinatum
1244 3555 1327 3638 dici,

155 3669 383 3736 Tusculanum
405 3667 694 3734 Tusculanorum:
717 3666 899 3752 similisque
923 3680 993 3747 est,
1018 3667 1148 3749 inquit,
1166 3671 1328 3753 priuata-

155 3801 231 3845 rum
257 3783 493 3864 possessionum
517 3756 709 3866 descriptio.
757 3778 815 3842 Ex
840 3799 926 3864 quo,
951 3782 1032 3864 quia
1054 3799 1149 3844 suum
1171 3780 1329 3864 cujusque

149 3888 191 3974 fit
214 3911 350 3972 eorum,
369 3911 454 3976 quae
475 3904 604 3956 natura
620 3890 769 3975 fuerant
789 3894 998 3971 eommunia,
1023 3890 1113 3975 quad
1132 3895 1251 3976 cuique
1275 3891 1327 3956 ob-

160 4083 355 4092 --na—

188 4198 195 4230 ¹
216 4197 475 4256 1.exnocjure.ff.
494 4201 524 4247 de
542 4196 601 4256 just.
620 4210 645 4247 et
662 4197 727 4256 jure.
747 4199 791 4260 [D.
813 4212 833 4246 t.
855 4212 876 4246 1.
896 4199 931 4260 5.]
967 4196 1065 4260 ³Virg.
1084 4202 1177 4259 Georg.
1196 4201 1212 4246 l.
1236 4212 1256 4246 t.
1277 4197 1328 4261 [vs.

158 4288 1329 4354 imm]³memmlusssmaewsmAffl⁴0ffllffimm

76 4426 81 4436 ‚
159 4381 225 4445 ¹³4·]
263 4381 323 4430 'de
348 4382 432 4430 benef.
457 4384 474 4430 1.
501 4395 523 4440 7.
549 4396 570 4430 c.
596 4397 620 4442 4.
654 4382 776 4432 lstelacca
801 4382 987 4443 Octavia:[vs.
1006 4382 1131 4447 419.sq.]
1169 4380 1246 4431 ⁷Ols.
1269 4384 1285 4429 l.
1308 4395 1328 4430 1.

159 4473 194 4534 [c.
213 4486 236 4530 7·
255 4477 277 4532 a·
297 4472 350 4533 2¹·]
