3316 5494
326 591 369 669 76
636 601 684 649 me
705 601 800 668 June
825 597 1009 646 rannone.
1031 597 1113 645 cna.
1137 597 1203 644 vu.

322 759 440 845 partim
471 779 538 827 non
561 757 689 838 utitur,
724 774 793 838 quo
827 753 911 820 illud
943 751 1080 818 Homeri
1111 755 1138 839 †
1168 747 1305 816 mirifice
1336 735 1497 833 pertinet:

496 872 585 954 ἥμισυ
603 871 664 954 γάρ
685 897 719 937 τε
741 869 801 936 νόου
818 869 1014 949 ἀπαμείρεται
1034 865 1160 947 εὐρύοπα
1181 867 1254 938 Ζεὺς

496 985 619 1064 ἀνδρῶν,
640 975 687 1055 οὓς
707 981 744 1047 ἂν
764 982 798 1056 δὴ
820 981 902 1046 mit
923 978 1029 1044 lorium
1048 972 1127 1058 ἦμαρ
1149 972 1255 1057 ἕλῃσιν.

500 1089 650 1157 Tollitur
671 1091 750 1155 huic
772 1090 939 1153 hominum
959 1088 1077 1174 generi
1093 1098 1179 1170 pars
1201 1082 1314 1148 altera
1336 1084 1454 1146 mentis

497 1197 554 1266 Ab
571 1202 681 1289 Jove,
704 1197 856 1268 servilem
878 1198 986 1265 voluit
1010 1216 1088 1282 quos
1110 1194 1230 1263 ducere
1255 1195 1375 1260 vitam.

322 1315 471 1396 Itemque
493 1312 610 1396 partim
636 1309 772 1377 virtutis
794 1329 896 1393 capax
918 1322 990 1390 est,
1013 1306 1132 1391 partim
1153 1324 1221 1370 non
1246 1318 1313 1371 est:

498 1425 588 1507 ἥμισυ
608 1434 662 1501 τῆς
679 1428 783 1508 ἀρετῆς
800 1427 935 1505 ἐπαυρεῖ
955 1423 1061 1490 δούλιον
1082 1416 1171 1502 ἦμαρ,

502 1532 660 1601 Dimidia
681 1536 812 1601 virtute
831 1544 927 1597 caret
949 1531 1078 1598 servire
1097 1539 1242 1594 coactus.

366 1645 470 1734 Quod
491 1659 599 1712 autem
620 1644 655 1711 in
675 1663 774 1711 servo
797 1643 881 1710 idem
904 1641 938 1707 in
958 1639 1101 1707 subditis
1121 1637 1194 1704 aliis
1224 1637 1376 1719 obtinet,
1405 1651 1442 1703 ut
1465 1636 1502 1702 in

324 1756 405 1824 filio.
450 1757 562 1839 Nam,
596 1770 636 1824 ut
668 1755 777 1840 inquit
801 1754 882 1835 ille,
904 1753 1010 1820 virtus
1031 1749 1124 1836 pueri
1144 1757 1195 1820 οὐκ
1216 1754 1307 1819 αὑτοῦ
1325 1753 1392 1834 πρὸς
1410 1750 1502 1818 αὐτόν

324 1873 420 1944 ἐστιν,
442 1871 528 1937 ἀλλὰ
551 1870 618 1951 πρὸς
639 1871 689 1936 τὸν
709 1870 817 1936 τέλειον
838 1869 888 1934 καὶ
908 1867 1085 1947 ἡγούμενον,
1110 1881 1173 1926 non
1195 1864 1298 1948 ipsius
1315 1859 1500 1946 adipsum,

324 1976 382 2043 scd
401 1975 449 2044 ad
467 1997 539 2042 eum
560 1979 620 2062 qui
639 1990 678 2041 ut
691 1975 877 2062 perfectior
891 1973 947 2039 illi
961 1985 1111 2060 praeest.
1147 1972 1193 2037 Et
1209 1969 1402 2038 universalis
1419 1969 1501 2034 haec

326 2085 512 2156 differentia
521 2095 631 2158 estrei
643 2087 779 2172 ἄρχοντος
789 2089 839 2155 mi
850 2088 1025 2171 ἐρχομένου,
1042 2087 1112 2150 eius
1129 2086 1290 2148 nimirum
1302 2080 1390 2168 quod
1398 2085 1499 2168 impe-

328 2212 387 2264 rat
397 2211 430 2264 ct
442 2202 512 2264 cius
522 2196 612 2284 quod
615 2211 738 2285 paret:
761 2197 795 2263 in
807 2216 875 2280 quo
887 2195 1001 2262 ordine
1011 2209 1089 2262 sunt
1101 2209 1133 2260 et
1144 2194 1232 2260 cives
1241 2193 1409 2278 sigillatim
1419 2211 1500 2258 con-

330 2309 474 2378 siderati.
520 2311 607 2377 Sunt
627 2309 713 2376 enim
733 2309 820 2376 servi
847 2311 982 2393 legum,
1005 2322 1043 2374 ut
1064 2307 1153 2391 apud
1175 2306 1370 2372 Ciceronem
1393 2309 1401 2342 ¹
1427 2317 1494 2382 est3

326 2441 422 2490 omne
445 2437 553 2488 autem
575 2420 666 2504 quod
688 2420 824 2505 imperat
843 2435 893 2487 est
915 2419 944 2484 ei
965 2419 1056 2502 quod
1077 2433 1169 2503 paret
1187 2439 1284 2484 causa
1307 2414 1468 2497 victorie,
1486 2418 1498 2455 ¹

325 2548 365 2601 ut
386 2531 583 2599 Aristoteles
602 2531 751 2614 explicat.
774 2533 854 2620 Quo
873 2531 1006 2614 respicit
1028 2529 1165 2596 Tacitus
1188 2530 1217 2596 ’t
1236 2530 1393 2616 Principi
1413 2549 1500 2592 sum·

325 2666 413 2710 mum
437 2665 551 2710 rerum
562 2642 734 2729 judicium
757 2643 822 2708 Dii
843 2641 1032 2726 dederunt,
1058 2641 1200 2709 subditis
1221 2642 1366 2728 obsequii
1383 2638 1499 2726 gloria

325 2756 448 2822 relicta
471 2768 531 2822 cst.
577 2755 616 2822 In
638 2753 689 2821 his
712 2755 814 2840 igitur
831 2774 946 2821 verum
960 2768 1033 2835 est,
1047 2753 1137 2837 qnod
1150 2753 1334 2819 Carneades
1357 2766 1390 2818 et
1409 2751 1499 2816 Aca·

328 2867 446 2936 domici
473 2886 640 2952 perperam
668 2865 709 2932 ad
731 2885 843 2934 omnes
863 2867 1124 2948 transtulerunt,
1156 2863 1316 2948 justitiam
1338 2863 1371 2928 in
1393 2861 1500 2948 opini-

325 3000 388 3046 one
407 2979 605 3048 consistere:
626 2986 658 3050 οὐ
677 2983 765 3068 φύσει
786 2983 872 3049 ἀλλὰ
890 2980 988 3065 νόμῳ,
1013 2999 1076 3043 non
1099 2990 1229 3043 natura
1250 2975 1395 3063 sedlegc.
1417 2975 1501 3042 Esse

260 3114 265 3126 ’
327 3092 412 3160 enim
436 3091 746 3176 obtemperationem
770 3089 929 3157 institutis
940 3091 1149 3174 populorum.
1172 3088 1329 3155 Eamdem
1337 3085 1500 3172 justitiam
1654 3153 1655 3178 ἶ

326 3202 532 3287 Peripatetici
551 3203 649 3269 modo
672 3203 806 3287 legalem
832 3196 977 3283 vocant,
1000 3202 1099 3269 modo
1122 3201 1324 3286 generalem,
1353 3198 1432 3282 quia
1449 3219 1501 3264 ra-
1569 3278 1572 3282 ·
1654 3183 1655 3214 ³

326 3313 416 3380 tione
450 3313 560 3380 eadem
592 3333 661 3380 esse
692 3326 802 3396 potest
831 3333 906 3379 curn
934 3312 1089 3380 omnibus
1110 3311 1314 3392 virtutibus,
1338 3325 1501 3394 quatenus
1654 3289 1655 3330 ³

327 3423 362 3492 in
394 3423 654 3509 praeceptionem
688 3422 819 3490 cadunt.
874 3423 1016 3492 Addunt
1049 3423 1259 3504 scholastici,
1302 3421 1389 3489 sicut
1430 3441 1500 3486 earn

327 3586 526 3601 *nnn-¹*

362 3682 371 3715 ¹
390 3697 438 3745 pro
457 3673 560 3732 Cluenti
574 3681 609 3747 [c.
628 3693 668 3740 5³⁴
684 3685 705 3741 5.
725 3682 793 3744 146.]
829 3679 839 3714 ²
856 3684 887 3731 V.
896 3684 966 3732 Paul.
983 3683 1040 3730 Col.
1057 3695 1081 3739 3.
1100 3696 1141 3731 20.
1156 3693 1182 3730 et
1200 3695 1240 3729 αα.
1258 3681 1290 3729 ad
1303 3680 1354 3728 Tit.
1371 3681 1502 3740 3.1.Eph.

329 3787 352 3832 s.
371 3787 393 3822 ι.
411 3775 487 3823 Rom.
506 3786 544 3831 rs.
565 3787 586 3822 1.
619 3771 738 3822 ⁸rinnai.
756 3775 813 3835 ¹·4·

361 3866 375 3926 †
393 3864 489 3926 [Locus
507 3864 612 3913 Homeri
630 3876 668 3913 est
686 3865 712 3912 in
734 3866 781 3915 Od.
798 3866 816 3912 1.
842 3877 880 3924 17.
901 3878 939 3914 vs.
962 3877 1018 3923 ³22·
1040 3877 1077 3924 sq.
1103 3865 1149 3912 sed
1171 3863 1250 3912 verba
1269 3862 1502 3923 discrepan13nam

328 3955 406 4006 hodie
427 3955 526 4004 editur:

602 4047 671 4106 ἥμισυ
688 4043 736 4111 γάρ
761 4043 866 4112 τ’ᾰρινῆς
883 4043 1025 4096 ἀποαίνυται
1041 4041 1142 4111 εῡρῦοπα
1158 4040 1211 4099 Ζεὺς

604 4133 699 4202 ἀνίρος,
718 4132 801 4185 εὖτ’ἄν
817 4155 857 4198 μιν
874 4137 938 4184 κατὰ
954 4133 1041 4184 δοΰλιον
1058 4133 1124 4202 ἦμαρ
1141 4134 1223 4202 ἕλῃσιν.

329 4231 365 4277 At
376 4228 495 4290 Grotius,
513 4226 557 4288 qui
569 4227 613 4275 hic
627 4240 680 4276 non
697 4230 728 4277 de
747 4227 858 4287 virtute,
876 4230 921 4277 sed
939 4230 970 4277 de
987 4227 1086 4276 ratione
1099 4229 1259 4288 loqueretur,
1276 4225 1387 4274 PlatonIs
1398 4225 1442 4287 [de
1452 4226 1501 4286 leg.

329 4333 355 4381 p.
379 4331 436 4377 777.
456 4319 490 4381 a]
513 4330 537 4367 et
555 4317 679 4367 Athenaei
696 4317 727 4382 [l.
743 4319 766 4368 ό.
781 4333 804 4368 c.
824 4318 874 4380 18.]
890 4319 1027 4368 lectionem
1041 4318 1169 4379 praetulit.
1203 4318 1284 4379 Mox,
1300 4316 1345 4365 ubi
1360 4318 1392 4365 de
1406 4315 1502 4365 virtute

330 4423 414 4459 sermo
438 4420 490 4471 est,
508 4409 562 4471 ipse
581 4421 684 4470 quoque
707 4412 809 4459 alteram
827 4410 977 4471 scripturam
997 4410 1113 4472 adhibet,
1130 4411 1175 4458 sed
1198 4407 1344 4457 memoriter
1368 4419 1392 4456 et
1417 4407 1452 4455 ita
1474 4418 1501 4456 ut

328 4505 378 4553 duo
400 4501 505 4550 Homeri
523 4513 610 4550 versus
629 4503 764 4569 contrahat·
775 4501 801 4550 in
817 4513 908 4560 unum,
927 4499 970 4561 qui
986 4501 1033 4550 hac
1047 4500 1128 4552 forma
1144 4512 1265 4560 nusquam
1280 4498 1382 4560 exstat]
