3310 5482
629 535 677 582 DE
699 532 793 601 JURE
818 531 1002 580 suntuna.
1026 532 1107 580 CAP.
1130 532 1170 579 11.

700 691 801 758 δίκαιοι
822 691 935 769 δ’ἕσμὲν
951 693 1089 764 οἰκοῦντες
1107 689 1189 756 πόλιν

481 801 563 869 uiuri
586 803 754 875 uui'utirobc
774 801 871 883 κυρίας
894 804 1012 882 κραίνειν
1034 801 1115 873 iluuc
1137 801 1161 861 ¹.

488 911 559 974 Nos
584 923 744 996 quotquot
766 911 865 996 hujus
888 908 1022 974 colimus
1046 908 1139 973 urbis
1162 910 1288 972 moouiu

486 1020 641 1086 Volumus
664 1024 729 1107 ipsi
751 1035 868 1086 nostru
882 1019 1020 1107 judicia
1041 1022 1184 1104 exsequi.

354 1131 440 1198 Nam
460 1151 536 1198 sane
546 1152 643 1216 supra
651 1132 906 1216 rempublicam,
930 1152 1014 1214 quae
1026 1145 1076 1198 est
1086 1149 1144 1213 per
1154 1149 1188 1196 se
1200 1129 1362 1196 sufficiens
1373 1132 1486 1198 multi-

310 1243 414 1325 tudo,
446 1245 550 1329 majus
581 1245 708 1310 nullum
740 1244 910 1327 imperium
934 1257 992 1311 est.
1037 1242 1158 1324 Neque
1178 1260 1257 1306 vero
1285 1241 1486 1324 respublicae

309 1354 390 1420 aliae
412 1373 525 1421 omnes
548 1355 722 1422 convenire
743 1369 948 1438 potuerunt,
972 1367 1010 1420 ut
1032 1352 1225 1420 certantium
1248 1351 1332 1417 inter
1354 1372 1387 1418 se
1408 1373 1485 1420 cau·

308 1485 360 1532 sas
394 1465 565 1532 discerent.
611 1466 834 1533 Distinctione
865 1465 966 1551 igitur
996 1464 1107 1548 aliqua
1128 1481 1179 1530 res
1202 1461 1266 1528 fuit
1284 1463 1485 1530 concilianda

150 1589 295 1652 arguam.
309 1577 341 1643 in
365 1577 450 1643 hanc
469 1580 637 1664 regulamt
661 1579 701 1643 Iu
711 1577 898 1664 judicando
915 1581 1048 1665 priores
1068 1580 1135 1642 siut
1152 1587 1270 1661 partos
1291 1575 1360 1660 ojus
1373 1579 1484 1662 reipu-

149 1681 155 1702 “
308 1688 436 1770 bliouo,
457 1687 543 1756 uude
571 1690 704 1775 cujusne
726 1712 748 1755 u
777 1693 847 1758 cuo
871 1693 1017 1776 potitur.
1065 1685 1208 1771 Quodsi
1228 1686 1326 1771 hujus
1349 1688 1483 1774 officium

204 1834 207 1842 ·
307 1814 430 1882 cesset,
455 1814 526 1865 tum
547 1800 755 1886 respublica,
778 1820 863 1886 quar
885 1800 1310 1887 tpsaoujusoocioispuu,
1331 1819 1401 1863 oum
1414 1793 1483 1865 rom

298 1910 442 1997 judicet.

348 2021 471 2105 Neque
503 2025 581 2090 vero
615 2021 707 2087 aliter
739 2036 898 2088 certamen
930 2022 1014 2088 illud
1046 2019 1189 2105 expediri
1221 2019 1340 2104 potuit.
1396 2020 1481 2085 Nam

307 2153 381 2200 cum
413 2132 447 2200 in
470 2133 558 2200 omni
580 2133 637 2198 lite
660 2133 743 2200 duae
764 2134 830 2201 sint
851 2148 980 2217 partes,
1008 2148 1150 2200 actores
1172 2153 1276 2213 reus,
1301 2146 1333 2197 et
1352 2151 1483 2198 necesse
1523 2140 1526 2160 ·

307 2244 440 2311 omnino
473 2259 556 2312 esset
575 2245 676 2329 partis
698 2245 831 2312 alterius
856 2246 1088 2329 rempublicam
1108 2244 1250 2330 iudicem
1273 2242 1370 2325 fieri,
1395 2264 1482 2308 com-

307 2356 532 2424 modissimum
552 2355 617 2423 fuit
639 2356 679 2423 ad
701 2377 769 2424 eam
793 2357 832 2423 iri
855 2357 961 2440 primo
982 2359 1074 2438 loc0,
1098 2377 1181 2440 quae
1193 2355 1345 2421 facillime
1358 2355 1483 2441 judica·

308 2482 377 2534 tum
410 2468 545 2552 exsequi
576 2485 696 2552 posset.
751 2468 798 2534 lla
830 2484 937 2535 autem
973 2482 1045 2549 est,
1076 2487 1174 2551 penes
1196 2487 1292 2550 quam
1315 2470 1394 2558 plus
1413 2487 1482 2534 esse

309 2579 448 2645 dicitur:
473 2580 565 2663 quod
584 2579 611 2647 si
635 2579 821 2662 auferatur,
846 2581 955 2647 omnia
976 2580 1062 2646 fiunt
1077 2578 1236 2662 aequalia.
1282 2578 1326 2643 Et
1346 2578 1380 2645 in
1392 2580 1480 2645 hunc

308 2689 374 2756 fere
395 2690 528 2758 modum
549 2691 721 2759 amicarum
732 2692 877 2778 gentium
889 2691 1019 2758 foedera
1031 2690 1280 2774 concipiuntur;
1305 2690 1387 2756 utin
1401 2690 1482 2756 Gal-

308 2803 413 2869 lorum
435 2817 467 2867 et
488 2802 663 2870 Annibalis
683 2803 837 2886 foedere,
861 2805 889 2872 si
912 2803 1002 2870 Galli
1013 2803 1157 2869 Poenum
1169 2817 1379 2883 accusarent,
1399 2802 1482 2867 Poe·

308 2933 424 2980 notum
445 2934 482 2980 ea
504 2915 543 2979 de
566 2935 600 2981 re
620 2916 781 3002 iudicium
805 2932 908 2995 esset,
932 2916 983 2983 sin
1006 2915 1107 2981 Poeni
1127 2913 1288 2996 Gallum,
1308 2929 1377 2980 tum
1400 2913 1481 2980 Gal-

308 3029 413 3093 lorum
436 3025 573 3094 feminae
596 3029 685 3113 (erat
704 3029 789 3094 enim
812 3029 883 3113 ejus
904 3048 1000 3095 sexus
1022 3046 1136 3112 magna
1157 3025 1252 3092 etiam
1282 3026 1316 3090 in
1339 3026 1480 3109 publicis

308 3138 502 3223 auctoritas)
537 3139 625 3204 litem
658 3139 882 3224 dijudicarent.
936 3139 1055 3206 Eadem
1086 3140 1126 3204 de
1155 3159 1251 3206 causa
1281 3138 1480 3221 Demophon

307 3249 516 3334 Eurysthe0,
560 3249 679 3317 Tatius
723 3271 779 3316 rex
813 3251 1058 3332 Laurentibus,
1090 3251 1233 3333 populus
1265 3248 1481 3316 Atheniensis

308 3360 523 3441 Alexandm,
558 3360 612 3426 alii
647 3361 719 3429 aliis
751 3363 937 3446 saepissime
964 3362 1223 3446 responderunt,
1247 3381 1320 3427 cum
1346 3382 1479 3427 suorum

309 3472 431 3539 civium
453 3471 581 3555 aliquos
604 3472 637 3537 in
660 3493 796 3555 poenam
818 3474 932 3540 dedere
954 3476 1169 3560 juberentur,
1189 3473 1216 3540 si
1229 3472 1303 3556 quis
1316 3487 1483 3539 accusaret

308 3602 341 3650 se
362 3585 435 3668 jure
458 3596 490 3646 et
512 3581 640 3666 legibus
663 3582 952 3650 animadversuros.
997 3585 1146 3673 Quodsi
1170 3600 1276 3651 tamen
1298 3584 1481 3667 respublica

308 3692 334 3774 aJ
357 3693 486 3760 civibus
504 3693 572 3760 suis
600 3693 678 3775 aut,
702 3695 794 3777 quod
810 3694 1066 3779 frequentius¹,
1090 3719 1108 3763 a
1131 3718 1164 3763 se
1187 3698 1307 3764 illatam
1329 3696 1480 3782 iniuriam

307 3803 515 3888 pertinaciter
548 3820 700 3888 tueatur,
735 3827 842 3890 neque
876 3828 943 3875 eanr
976 3807 1114 3874 fateatur
1144 3823 1177 3876 et
1208 3808 1377 3889 emendet,
1410 3824 1479 3874 tum

308 3930 394 3983 certe
412 3916 580 4002 judicandi
604 3919 683 3985 ordo
707 3919 748 3985 ad
771 3921 901 3986 alteram
924 3919 1181 4004 rempublicam,
1206 3940 1290 4004 quae
1313 3934 1369 3986 aut
1391 3918 1480 3985 inse

309 4042 366 4094 aut
396 4027 430 4092 in
464 4028 535 4097 cive
567 4049 628 4096 suo
661 4050 695 4097 se
720 4032 838 4099 laesam
862 4047 1042 4116 conquesta
1063 4047 1135 4114 est,
1164 4032 1304 4099 naturali
1328 4032 1385 4097 illo
1407 4032 1481 4116 jure

343 4345 454 4408 ¹Eurip.
478 4350 577 4397 Heracl.
605 4349 656 4412 [vs.
684 4363 738 4413 142.
761 4351 811 4413 sq]
846 4353 857 4388 ²
878 4353 943 4401 Plus.
966 4354 996 4401 de
1021 4352 1109 4402 virtut.
1135 4353 1195 4401 mul.
1223 4351 1260 4414 [p.
1289 4353 1345 4414 246.
1370 4352 1477 4415 Moral]

309 4437 320 4471 ³
337 4437 399 4487 silv.
414 4439 440 4489 in
455 4455 480 4490 v.
495 4442 680 4502 Repressaliae.
698 4456 721 4490 a.
741 4455 763 4500 3.
782 4454 806 4491 et
822 4456 847 4503 4.
