3326 5506
462 579 509 625 or
532 579 625 644 Juau
651 579 833 626 rannone·
857 580 938 627 car.
962 579 1012 626 xr.
1273 565 1337 640 187¹

165 732 360 801 Lusitanos:
392 734 661 800 commerciorum
693 749 787 816 pacta
822 733 1026 800 sanciuntur.
1069 731 1169 816 jusso
1201 751 1334 798 exscen-

165 844 237 910 dere
267 844 428 912 Cordesio
447 865 520 910 cum
539 844 769 928 promtissimis
787 859 980 926 nautarum,
1011 859 1048 910 ut
1072 845 1228 910 bubalum
1252 843 1335 928 ipsis

165 955 268 1022 victui
299 957 492 1024 attributum
524 959 698 1037 tollerent,
724 935 784 1022 'alii
814 956 942 1022 interim
965 955 1030 1020 cibi
1060 975 1078 1020 a
1101 954 1270 1020 Lusitanis
1293 955 1334 1021 ad

165 1087 279 1134 navem
301 1068 396 1149 quasi
416 1068 505 1134 dono
524 1067 699 1149 feruntur,
723 1069 780 1134 sed
800 1066 1013 1152 rapidissimis
1033 1065 1168 1132 venenis
1189 1065 1333 1147 illibati,

165 1178 298 1262 proviso
322 1179 448 1245 scilicet
469 1178 617 1246 subsidio
639 1179 667 1244 si
690 1177 777 1244 forte
798 1177 988 1260 fefellisset,
1014 1177 1181 1259 quisimul
1195 1178 1334 1244 iustrue-

165 1291 259 1357 batur
286 1305 425 1356 conatus
456 1290 623 1357 audacior.
670 1289 769 1356 Periti
797 1288 926 1357 duabus
950 1289 1111 1355 mortibus
1134 1289 1167 1354 in
1191 1291 1332 1374 pejorem

164 1401 371 1482 inciderunt,
403 1402 467 1468 hoc
489 1418 560 1483 est,
591 1401 624 1466 in
645 1421 760 1468 manus
780 1401 1026 1468 Lusitanorum.
1071 1401 1223 1484 Namque
1243 1400 1278 1466 hi
1301 1401 1334 1466 in

164 1519 278 1580 navem
300 1512 430 1578 admissi
447 1511 616 1579 foederum
638 1512 779 1594 fiducia,
804 1533 877 1606 cum
899 1527 985 1578 tecta
1004 1513 1066 1579 sub
1078 1513 1227 1578 vestibus
1239 1513 1335 1579 tulis·

164 1639 237 1692 sent
257 1643 366 1706 arma,
391 1623 533 1709 digressi
556 1626 701 1692 diversas
723 1624 757 1690 in
778 1639 911 1708 partes,
935 1639 972 1689 ut
991 1617 1156 1707 quemque
1176 1623 1336 1690 confabu-

164 1740 282 1804 lantem
306 1736 608 1819 apprehenderant,
632 1735 840 1821 transfigunt.
888 1736 1010 1802 Orbam
1031 1734 1259 1803 defensoribus
1279 1756 1335 1802 na·

165 1867 263 1929 vem,
289 1862 357 1915 tum
380 1848 543 1931 quidquid
563 1849 685 1926 inerat,
714 1862 879 1932 occupant
902 1847 996 1930 quasi
1020 1847 1173 1912 victores.
1220 1849 1335 1930 Atque

166 1960 296 2028 interim
327 1960 508 2028 Cordesius
531 1959 564 2026 in
593 1960 731 2044 cymba,
756 1980 820 2042 qua
843 1958 927 2025 forte
950 1960 1135 2039 remeabat,
1160 1958 1335 2025 confossus

165 2071 331 2154 primum,
356 2071 474 2138 deinde
495 2072 695 2138 decollatur:
717 2086 854 2138 truncus
877 2071 910 2136 in
935 2091 1021 2136 mare
1042 2071 1205 2156 dejicitur.
1228 2071 1335 2136 Idem-

165 2204 231 2266 que
263 2183 401 2249 aliorum
437 2182 542 2250 satum
576 2182 667 2264 fuit,
701 2203 786 2265 quos
819 2203 836 2246 e
865 2183 942 2249 navi
965 2183 1120 2248 velutad
1147 2183 1334 2265 capiendam

165 2295 348 2361 merendam
379 2295 532 2361 Lusitani
559 2294 766 2360 exciverunt:
789 2293 852 2360 nisi
873 2294 964 2376 quod
988 2293 1090 2358 saturi
1111 2293 1258 2360 caedium
1279 2294 1336 2359 uni

167 2423 199 2472 et
219 2407 313 2473 alteri
336 2421 552 2490 pepercerunt
574 2420 725 2489 respectu
749 2406 864 2472 aetatis
885 2405 1080 2486 tenerioris,
1106 2422 1162 2473 aut
1185 2404 1263 2488 quia
1285 2406 1335 2472 di·

165 2517 261 2584 vinae
301 2517 527 2600 providentiae
561 2518 606 2583 ita
637 2517 769 2601 visum,
803 2537 843 2584 ne
878 2533 1004 2584 tantum
1035 2516 1161 2583 facinus
1195 2517 1336 2584 testibus

166 2629 392 2695 fraudaretur:
418 2650 615 2712 quamquam
640 2648 699 2694 nec
728 2629 817 2712 ipsos
837 2630 958 2713 jactare
986 2629 1117 2713 puduit.
1164 2629 1241 2695 Scio
1266 2644 1335 2694 stu·

165 2741 276 2825 puisse
308 2742 481 2806 lectorem:
514 2741 583 2806 scio
613 2741 671 2807 vix
703 2741 793 2830 credi
823 2759 932 2807 ausam
964 2743 1043 2806 haec
1068 2759 1138 2805 csse
1170 2739 1335 2807 nationem

164 2853 305 2935 primum
326 2851 565 2934 Christianam,
584 2852 701 2919 deinde
721 2872 847 2918 morum
869 2852 964 2916 etiam
984 2851 1140 2933 vitaeque
1160 2853 1256 2918 cultu
1269 2871 1335 2917 non

166 2985 279 3048 parum
310 2965 575 3047 superbientem,
607 2977 638 3030 et
674 2985 783 3031 ausam
824 2979 935 3029 contra
964 2963 1069 3030 datam
1102 2979 1335 3046 acceptamque

167 3075 274 3142 fidem.
321 3075 413 3163 Quid
436 3076 564 3161 igitur?
591 3077 728 3142 Caetera
750 3075 873 3159 quibus
893 3073 1003 3141 verbis
1027 3075 1212 3156 exsequar?
1237 3075 1335 3142 Unde

165 3187 245 3254 mihi
265 3205 386 3270 voces,
405 3207 489 3271 quae
511 3209 577 3254 non
599 3204 656 3254 aut
676 3190 773 3271 longe
794 3202 871 3270 post
890 3185 967 3252 facti
991 3185 1217 3270 indignitatem
1236 3188 1335 3254 relin-

167 3315 334 3382 quantur,
367 3315 424 3367 aut
453 3320 518 3367 non
552 3320 647 3366 omne
671 3299 763 3382 quod
785 3299 872 3364 credi
896 3297 1025 3381 possit,
1052 3299 1180 3364 tametsi
1204 3300 1336 3367 verissi-

167 3431 259 3492 mae,
282 3413 504 3494 exsuperent?
529 3413 645 3478 Restat
665 3412 773 3492 enim,
796 3426 896 3476 restat
915 3410 1057 3476 atrocius
1075 3410 1165 3477 aliud
1183 3426 1215 3476 et
1233 3412 1337 3498 magis

167 3523 394 3607 Hispanicum.
440 3525 535 3610 Quae
564 3524 663 3590 modo
696 3523 839 3590 diximus
871 3523 927 3588 illa
957 3522 1116 3605 fuerunt,
1147 3522 1181 3588 in
1215 3524 1337 3606 quibus

165 3637 402 3703 Lusitanorum
438 3635 483 3701 ira
513 3635 665 3717 prolusit.
709 3635 774 3701 Sex
797 3635 969 3716 homines,
1005 3649 1177 3718 conspecta
1201 3655 1335 3702 suorum

167 3748 257 3815 clade
276 3762 308 3812 et
328 3747 487 3832 sauguine
508 3761 592 3813 terra
612 3745 783 3830 marique,
802 3747 837 3812 in
856 3746 1005 3831 cymbam
1026 3745 1255 3831 profugerant:
1269 3767 1335 3815 non

165 3873 251 3926 certa
272 3861 338 3924 ulla
357 3879 413 3942 spe
437 3859 602 3944 (undique
625 3859 710 3926 enim
727 3859 824 3925 remis
835 3858 1047 3925 imminebant
1059 3857 1254 3944 Lusitani),
1276 3861 1335 3926 sed

165 3971 287 4037 fluctus
316 3971 429 4054 potius
451 3986 484 4036 et
506 3973 662 4054 scopulos
685 3985 718 4036 et
739 3970 874 4054 quidvis
899 3969 1089 4052 experturi,
1113 3991 1209 4053 quam
1232 3971 1335 4038 Iberi·

166 4101 235 4146 cam
264 4082 505 4148 crudelitatem.
550 4084 599 4148 At
621 4082 670 4148 illi
693 4083 832 4149 clamant
862 4097 901 4146 ut
922 4081 1079 4148 dederent
1111 4100 1200 4148 sese:
1225 4085 1335 4165 exple·

165 4209 229 4258 ram
259 4195 322 4278 jam
354 4195 533 4260 ultionem:
558 4194 637 4278 ipsis
660 4195 760 4261 vitam
783 4215 818 4259 ac
842 4213 961 4276 corpus
985 4195 1112 4262 salvum
1135 4183 1213 4258 fore!
1238 4194 1335 4260 Prae·

167 4320 269 4371 statur
294 4304 548 4390 jusjurandum,
578 4307 670 4388 quod
702 4321 739 4372 ut
758 4306 829 4372 aliis
848 4305 1038 4372 hominibus
1056 4305 1239 4371 securitatis
1261 4305 1334 4373 vin·

166 4419 299 4500 culum,
324 4418 368 4484 ita
391 4417 456 4484 illis
479 4417 613 4485 fallendi
644 4419 896 4485 instrumentum
928 4432 987 4485 est.
1033 4417 1270 4501 Transgressos
1300 4420 1333 4486 in
