3310 5482
443 613 490 662 nu
514 611 608 679 Junu
634 612 822 660 terrosa.
847 613 929 660 cnr.
953 612 1010 661 111.
1274 610 1315 678 35

140 773 182 839 ris
200 772 251 840 sui
270 786 395 856 partem
415 770 449 838 in
468 791 506 838 eo
518 782 788 850 consumserunt,
814 782 850 834 ut
859 767 1001 852 praemia
1009 766 1171 849 fortibus,
1194 785 1314 850 poenas

139 883 262 972 ignavis
284 884 509 950 decernerent.
554 882 601 948 Et
619 879 886 965 quandoquidem
903 883 958 966 jus
982 881 1167 948 Romanum
1187 878 1314 963 imperii

138 996 360 1082 magnitudine
380 1011 412 1062 et
437 994 651 1061 diuturnitate
669 991 940 1078 perfectissimum
959 992 1074 1059 merito
1094 992 1254 1075 habetur,
1279 991 1312 1058 in

140 1129 176 1174 eo
200 1109 228 1176 si
253 1106 550 1194 jurisprudentium
579 1101 793 1173 auctoritates
823 1106 1041 1173 Caesarumve
1060 1103 1312 1172 constitutiones

139 1219 353 1304 requirimus,
378 1207 496 1306 integri
516 1232 643 1288 exstant
660 1217 749 1285 tituli
767 1217 807 1283 de
826 1217 964 1301 captivis
984 1234 1016 1284 et
1029 1216 1254 1302 postliminio,
1272 1215 1311 1282 de

139 1353 170 1398 re
193 1331 344 1412 militari,
368 1331 408 1398 de
433 1331 617 1414 veteranis,
641 1345 673 1396 et
697 1329 753 1396 alii
780 1329 838 1413 qui
863 1329 1003 1397 miiitum
1027 1329 1199 1416 privilegia
1223 1349 1310 1396 com-

139 1443 345 1528 prehendunt
362 1453 391 1508 ¹:
415 1443 444 1510 si
466 1443 664 1510 Pontificum
686 1442 782 1509 etiam
799 1443 927 1510 decreta
943 1441 1135 1525 respicimus
1153 1442 1186 1524 ¹,
1209 1442 1311 1508 multa

139 1571 214 1623 sunt
234 1559 290 1624 vel
316 1557 356 1623 ab
380 1555 460 1641 ipsis
486 1555 592 1637 edita,
615 1558 669 1623 vel
695 1569 885 1644 eveterum
902 1554 1096 1639 scriptorum
1113 1554 1211 1622 dictis
1231 1574 1310 1622 con·

138 1667 286 1750 cinnatu,
311 1689 394 1751 quae
411 1668 489 1735 satis
508 1668 626 1735 diserte
645 1669 804 1735 bellorum
821 1667 981 1752 justitiam
1001 1667 1175 1734 declarant.
1207 1665 1309 1733 Nunc

141 1781 179 1846 ad
199 1780 329 1848 divinas
352 1781 562 1848 auctoritates
573 1779 759 1848 veniamus:
785 1779 877 1863 quod
888 1778 1022 1862 quidem
1035 1799 1137 1864 genus
1148 1778 1308 1864 probandi
1321 1777 1476 1890 mm

141 1907 187 1959 est
211 1895 351 1980 ἄτεχνον,
375 1915 438 1958 non
459 1915 499 1960 aa
519 1907 595 1958 arta
607 1895 825 1978 proveniens,
848 1892 905 1959 sed
923 1906 1029 1958 tamen
1047 1894 1145 1977 longe
1166 1885 1465 1960 certissi·¹¹'⁸¹·¹''·¹·

140 2025 237 2071 mum.
289 2005 340 2071 Ut
363 2005 448 2071 enim
473 2026 530 2090 per
556 2020 725 2086 naturam,
749 2002 794 2069 ita
818 2024 875 2088 per
894 2003 1086 2088 scripturam
1108 2005 1173 2072 Dei
1191 2007 1311 2075 volun-

141 2132 188 2184 tas
203 2117 301 2185 nobis
317 2117 541 2204 significatur,
566 2137 650 2200 quae
669 2131 738 2197 est,
763 2116 813 2183 uti
837 2115 999 2199 diximus,
1020 2117 1170 2202 justitiae
1188 2139 1312 2190 norma.
1392 2171 1395 2180 ,

142 2229 227 2296 Bella
261 2245 369 2298 autem
401 2245 439 2298 ut
457 2229 622 2298 voluntati
643 2247 719 2296 suae
737 2228 951 2315 congruentia
970 2229 1063 2298 Deus
1089 2231 1262 2316 imperavit
1278 2234 1312 2315 ⁸,

142 2344 292 2426 ultraque
309 2364 344 2410 se
365 2359 531 2412 auctorem
548 2357 581 2409 et
602 2342 780 2428 adiutorem
801 2339 813 2378 ⁴
831 2340 999 2426 professus
1023 2358 1086 2410 est:
1118 2364 1313 2429 cognomen·

141 2467 207 2521 tum
230 2455 325 2523 etiam
348 2456 595 2542 Bellipotentis,
617 2469 656 2521 ut
668 2454 829 2541 majestati
841 2475 917 2522 suae
925 2455 1268 2542 conveniensagnovit
1284 2462 1312 2522 ⁸:

143 2586 206 2648 quo
226 2582 354 2650 spectat
375 2583 407 2634 et
423 2568 507 2635 illud
523 2568 564 2634 ad
580 2566 804 2634 Abrahamum
818 2565 914 2651 primi
933 2568 1110 2636 sacerdotis
1129 2571 1312 2650 oraculum,

144 2677 210 2742 Dea
231 2679 388 2746 tradente
408 2682 511 2747 hostes
532 2683 655 2748 venisse
674 2683 710 2744 in
730 2680 798 2764 ejus
820 2693 1016 2765 potestatam
1033 2678 1069 2746 ⁶:
1095 2694 1127 2746 et
1144 2681 1315 2764 prudentis

144 2787 282 2858 feminae
305 2796 403 2859 ⁷nort
424 2791 464 2857 ad
485 2811 609 2877 regem:
627 2791 765 2876 praelia
786 2791 925 2857 Domini
937 2791 1137 2878 praeliaris.
1171 2792 1241 2859 Into
1261 2796 1315 2861 vel

143 2901 203 2966 hoc
228 2921 355 2984 unum,
379 2903 471 2986 quod
489 2901 685 2986 reipublicae
700 2923 718 2968 a
733 2923 767 2968 se
786 2903 955 2970 institutae
974 2904 1064 2970 istud
1080 2906 1173 2988 quasi
1195 2906 1315 2989 praesi-

144 3012 231 3080 dium
255 3015 337 3082 deus
357 3015 554 3100 apposuit⁸,
572 3015 650 3081 satis
672 3015 795 3082 evincit
813 3017 939 3101 Justum
958 3036 1027 3084 esse
1047 3032 1079 3082 et
1091 3017 1221 3100 quotics
1232 3018 1315 3084 ratio

144 3125 252 3191 eadem
276 3141 344 3210 est,
369 3127 503 3194 caeteris
526 3127 679 3212 gentibus
698 3127 900 3196 imitandum.
929 3129 1060 3197 Rursus
1078 3145 1110 3197 et
1129 3129 1212 3196 illud
1233 3130 1316 3196 inter

145 3238 290 3306 homines
302 3260 368 3307 non
380 3239 512 3306 insanos
528 3255 678 3306 constare
693 3240 854 3322 arbitror,
879 3261 952 3307 eum
974 3241 1032 3324 qui
1042 3241 1163 3311 actioni
1175 3242 1316 3326 cuipiam

145 3349 229 3435 leges
239 3351 452 3435 praescribit,
472 3351 632 3418 actionem
645 3351 748 3436 ipsam
757 3371 825 3419 non
836 3353 1035 3438 improbare,
1054 3355 1162 3421 Deum
1174 3375 1316 3438 praeser-

144 3461 218 3546 tim,
237 3463 297 3546 qui
310 3463 393 3531 nihil
403 3462 541 3546 frustra,
558 3463 814 3548 nihilperperam
824 3464 932 3532 faciat.
957 3465 1098 3532 Modum
1111 3481 1218 3534 autem
1231 3469 1317 3536 miii-

144 3573 205 3641 tiae
221 3596 278 3660 per
298 3576 428 3643 Mosem
448 3577 540 3642 Deus
551 3575 652 3642 edixit
664 3584 696 3657 ⁸,
710 3576 894 3660 iterumque
906 3598 964 3662 per
978 3577 1103 3647 Christi
1113 3580 1317 3647 ante-ambu-

147 3686 251 3754 lonem
262 3687 296 3754 in
307 3687 409 3756 Novo
420 3688 564 3755 Foedere
575 3684 609 3755 ¹⁰.
633 3688 687 3754 Ex
696 3709 764 3771 quo
783 3691 857 3756 loco
869 3689 1136 3775 Augustinusss,
1161 3695 1190 3757 si
1203 3691 1317 3759 Chris-

180 3994 188 4027 ¹
205 3998 237 4046 de
253 3996 330 4046 milit.
345 4007 443 4048 testam.
458 4008 483 4046 et
498 3999 530 4048 de
545 4009 621 4048 castr.
635 4012 692 4060 pec.
708 3998 740 4060 [1.
754 4012 776 4050 a.
797 4012 834 4050 11.
850 4009 875 4050 et
888 4000 920 4047 D.
932 4012 974 4062 49.
991 3999 1042 4063 17.]
1062 4011 1086 4049 et
1105 4001 1132 4050 in
1145 4013 1242 4063 poster.
1252 4003 1316 4053 Cod.

148 4087 227 4137 mariti.
262 4085 273 4119 ²
291 4101 366 4138 causa
383 4101 423 4146 23.
439 4103 485 4150 per
499 4100 579 4138 totam
594 4101 619 4139 et
635 4104 658 4140 c.
671 4087 712 4147 ius
727 4092 848 4140 naturaie.
865 4090 952 4152 [Dect.
969 4093 1036 4140 Grat.
1052 4105 1077 4154 p.
1096 4105 1119 4141 1.
1135 4093 1194 4141 dist.
1216 4106 1238 4142 1.
1248 4106 1269 4142 c.
1279 4093 1316 4156 7.]

149 4177 230 4242 'Jud
251 4193 289 4228 ao.
314 4181 352 4228 18.
368 4190 393 4228 et
412 4182 473 4228 Sam.
497 4193 517 4229 1.
534 4193 573 4239 28·
591 4194 614 4231 a.
629 4192 653 4229 et
671 4195 695 4230 a.
712 4193 735 4238 5.
753 4195 791 4244 19.
810 4197 836 4232 v.
852 4183 908 4244 Joh.
926 4184 957 4232 de
972 4182 1044 4244 Ligu.
1062 4182 1088 4230 in
1104 4195 1175 4232 tract.
1192 4186 1224 4233 de
1239 4184 1318 4233 bello.

148 4282 171 4320 c.
191 4284 228 4320 11.
252 4270 291 4333 [in
311 4272 415 4320 Oceano
436 4271 512 4334 Juris.
533 4274 586 4322 vol.
608 4273 646 4322 16.
664 4286 690 4333 p.
712 4273 784 4335 aaa]
818 4272 830 4304 ⁴
847 4275 886 4324 Ps.
912 4276 950 4322 18.
967 4288 1004 4324 vs.
1020 4285 1060 4332 3⁵·
1076 4285 1101 4322 et
1114 4276 1153 4324 Ps.
1170 4288 1224 4337 144
1239 4276 1265 4324 in
1279 4290 1317 4337 pr.

150 4359 253 4412 ‘Exod
273 4373 313 4418 rs.
329 4375 353 4421 a.
388 4360 483 4412 ⁸Gen.
508 4376 546 4425 14
570 4377 612 4414 ao.
646 4360 736 4412 ⁷sam.
758 4378 782 4414 r.
798 4376 839 4420 25·
856 4367 897 4414 28.
932 4365 1054 4415 ³Passim
1071 4363 1098 4416 in
1117 4365 1224 4416 historia
1240 4380 1319 4417 sacra.

150 4448 250 4504 'Deua
263 4467 305 4504 ao.
320 4467 360 4503 10.
395 4451 416 4486 ¹⁰
432 4455 495 4504 Luc.
512 4466 536 4512 a.
553 4467 591 4516 ¹4·
626 4453 646 4488 ¹¹
665 4454 692 4504 in
705 4469 746 4517 ep.
763 4467 786 4512 s.
800 4457 832 4506 ad
850 4457 968 4507 Marcell.
986 4456 1085 4507 citatur
1104 4455 1131 4506 in
1153 4471 1176 4507 c.
1198 4471 1237 4517 aa.
1252 4472 1276 4519 q.
1296 4473 1318 4508 1.

150 4555 171 4590 c.
184 4557 206 4592 a
222 4544 310 4607 [Dect.
329 4546 398 4596 Grtt.
416 4559 441 4607 p·
460 4546 495 4608 a]

1104 4637 1143 4721 3*
