3362 5504
811 631 1016 673 DOCUMENTA.

876 809 941 906 V.

624 1037 777 1096 Errsuota
801 1039 943 1098 Senarus
965 1039 1200 1100 Mauaccrsusrs.

750 1143 787 1200 A.
812 1145 897 1215 1603.
918 1143 1027 1201 Maur.
1047 1161 1077 1218 9.

811 1323 1003 1334 ——u

364 1442 433 1500 Mos
465 1453 508 1502 est
530 1458 629 1516 regum
650 1454 679 1501 et
701 1443 870 1517 Principum
892 1456 925 1501 ut
947 1444 1023 1502 inter
1045 1459 1073 1501 se
1094 1443 1295 1503 voluntatibus
1316 1454 1345 1503 et
1367 1445 1496 1502 consiliis

324 1543 512 1616 dissentiant,
532 1545 610 1604 unde
631 1545 813 1604 subditorum
833 1562 956 1620 corpora
966 1557 995 1604 et
1005 1547 1082 1603 bona
1093 1548 1248 1620 plurimum
1259 1547 1355 1606 damni
1366 1551 1497 1623 capiunt.

325 1649 455 1708 Fortuna
476 1661 505 1708 et
528 1662 639 1724 tempus
670 1651 819 1724 praefecto
849 1661 947 1708 vestro
978 1650 1050 1709 favit
1071 1662 1100 1708 et
1121 1654 1227 1709 laetum
1248 1654 1274 1709 ei
1296 1651 1331 1709 ad
1352 1653 1400 1710 has
1431 1669 1496 1710 oras

324 1757 380 1814 iter
401 1771 519 1828 parans,
541 1771 641 1812 navem
663 1755 821 1812 Macatinte
840 1755 1005 1811 venientem
1027 1755 1057 1810 in
1078 1771 1177 1812 manus
1199 1753 1333 1813 tradidit:
1355 1755 1404 1814 sed
1425 1757 1496 1814 haec

323 1859 449 1917 obscuro
482 1869 510 1916 et
543 1858 695 1930 incognito
727 1856 810 1913 nobis
842 1857 896 1913 Dei
929 1856 1052 1913 arbitrio
1082 1859 1279 1930 contigerunt.
1321 1859 1380 1916 Has
1411 1860 1497 1917 vobis

323 1965 450 2022 lautitias
481 1961 560 2019 dono
591 1963 748 2029 mittimus,
779 1972 812 2018 ut
842 1961 968 2018 animum
998 1971 1110 2032 gratum
1133 1973 1270 2019 testemur
1291 1962 1329 2019 ob
1351 1980 1400 2034 ea,
1421 1981 1497 2037 quae

322 2078 352 2124 et
374 2066 534 2140 praefectus
566 2077 661 2123 vester
678 2077 711 2123 et
733 2081 784 2121 vos
816 2065 870 2139 ipsi
902 2065 1049 2122 Lusitanis
1077 2065 1173 2122 verbis
1194 2066 1336 2138 polliciti,
1358 2083 1389 2124 re
1409 2065 1497 2125 fidem

323 2171 472 2228 servastis:
494 2168 578 2242 hujus
599 2169 676 2226 eninr
696 2167 830 2225 beneficii
852 2169 988 2225 memoria
1009 2168 1092 2225 nobis
1103 2185 1213 2242 semper
1224 2186 1356 2242 praesens
1367 2171 1497 2228 manebit

322 2285 352 2331 et
373 2273 476 2340 faciet,
497 2284 531 2330 ut
553 2273 575 2329 si
597 2269 717 2345 quando
740 2273 796 2328 tale
817 2269 887 2344 quid
910 2273 1086 2344 contigerit,
1107 2288 1159 2328 nos
1169 2272 1252 2329 vobis
1264 2271 1339 2330 idem
1351 2286 1498 2347 praestare

322 2377 454 2433 velimus.
497 2376 576 2432 Haec
599 2392 676 2433 nunc
697 2372 814 2447 quidem
836 2372 987 2432 sufficiant.
1028 2377 1106 2432 Deus
1127 2376 1309 2448 omnipotens
1330 2393 1382 2434 vos
1400 2380 1496 2434 salvos

322 2480 406 2538 faxit.
450 2479 579 2552 Scriptae
611 2479 641 2534 in
676 2478 781 2546 Curia,
814 2494 895 2535 arne
928 2478 1018 2535 Paulo
1050 2476 1203 2535 Mendesio
1225 2479 1361 2548 Vascola,
1383 2480 1497 2551 scriba,

321 2582 349 2642 d.
370 2600 400 2657 9.
420 2601 458 2641 m.
480 2583 603 2651 Martii,
624 2599 700 2639 anno
725 2583 816 2652 1603,
838 2581 998 2638 Malaccae.

729 2685 843 2758 Ruglos
865 2685 1058 2753 Frammanis,
1079 2683 1209 2742 Andreas
1231 2685 1412 2756 Fernandes,

709 2789 886 2861 Dommingo
908 2786 944 2846 de
965 2787 1088 2858 Monte,
1109 2789 1187 2846 Isaac
1210 2787 1245 2846 de
1267 2789 1421 2863 Gusgago.

365 2890 540 2970 (Inscriptio
572 2892 657 2967 hujus
688 2893 826 2966 epistolae
857 2903 937 2949 etat:
965 2902 1092 2964 quatuor
1113 2890 1282 2964 Hollandis,
1302 2894 1354 2966 qui
1374 2893 1499 2952 comites

322 2999 441 3057 fuerunt
463 2997 626 3056 Lusitanis:
648 3013 721 3069 quos
743 2998 821 3054 Deus
843 2997 935 3052 salvos
956 2991 1061 3072 faxit).

809 3179 1004 3189 ,.-----

867 3295 956 3395 VI.

576 3533 730 3590 Erusroua
753 3532 932 3590 Puauuucrr
954 3531 1179 3591 Mausecuusrs
1201 3549 1241 3589 au

616 3637 761 3709 Jaeouuur
785 3637 1050 3695 Humsuuucuruu.
1071 3653 1142 3694 noo.
1163 3652 1195 3693 u.

806 3816 992 3828 μ*-

362 3939 441 3996 Bella
462 3937 542 3992 varia
562 3944 591 3991 et
614 3932 701 3991 dubia
723 3944 808 4003 sunt,
831 3950 883 3990 nec
905 3934 1054 4006 quisquam
1076 3944 1190 4007 praeter
1211 3936 1305 3992 Deum
1327 3935 1362 3990 iis
1380 3935 1495 3992 exitum

321 4043 446 4100 faustum
468 4042 514 4098 vel
537 4038 695 4094 infaustum
718 4034 793 4106 dare
806 4048 923 4110 potest:
954 4037 1083 4094 homines
1103 4038 1179 4094 enim
1201 4052 1277 4094 mera
1298 4038 1497 4095 instrumenta

320 4155 397 4203 sunt.
438 4142 528 4200 Felici
551 4157 616 4196 casu
639 4137 745 4196 accidit
767 4150 801 4197 ut
823 4142 902 4198 navis
925 4141 1055 4213 inprimis
1078 4144 1216 4214 opulenta
1238 4141 1496 4213 tibioccurreret,

320 4249 428 4320 repleta
456 4243 662 4302 mercatoribus
692 4242 761 4300 belli
791 4244 896 4316 ignaris
918 4255 947 4301 et
968 4245 1122 4302 mulierum
1144 4262 1178 4302 ac
1200 4261 1356 4319 puerorum
1389 4246 1495 4315 turba,

319 4365 392 4423 quae
414 4348 443 4404 in
467 4348 604 4421 periculis
627 4348 694 4421 plus
715 4345 829 4416 obesse,
851 4363 935 4419 quam
957 4346 1090 4420 prodesse
1112 4351 1194 4406 solet.
1215 4350 1317 4422 Itaque
1333 4361 1366 4407 tu
1378 4349 1495 4420 fruere,

318 4448 556 4526 quandoquidem
589 4450 666 4523 justo
697 4449 775 4507 bello
806 4461 906 4509 nactus
936 4468 974 4510 es.
1018 4450 1073 4510 Sed
1093 4464 1187 4510 tamen
1208 4469 1291 4526 aegre
1311 4452 1391 4522 feru,
1412 4451 1495 4525 quod
