3326 5506
340 587 401 650 234
642 585 689 632 os
712 585 806 651 June
832 584 1016 634 rannone.
1040 585 1121 633 cnr.
1145 585 1210 632 xn.

339 759 405 806 non
436 754 543 806 autem
576 739 603 804 si
636 759 672 806 ea
695 739 815 806 omissa
837 740 889 807 sit.
936 739 1065 807 Omissa
1088 741 1173 806 enim
1196 759 1263 806 non
1285 741 1420 824 prodest
1450 759 1514 808 nec

339 852 366 917 si
396 873 455 935 per
483 852 572 918 mille
595 869 697 918 annos
725 850 842 917 fuisset
868 852 1081 934 continuata,
1104 869 1143 920 ut
1172 868 1258 918 recte
1281 851 1518 920 animadvertit

340 963 523 1030 Castrensis
545 965 570 1029 ¹.
616 961 663 1028 Et
694 963 844 1045 quamvis
878 965 940 1030 hoc
971 963 1133 1030 voluisset
1168 963 1382 1046 MarcianuS,
1417 964 1516 1047 quod

338 1073 470 1141 minime
500 1074 679 1141 credendus
702 1091 752 1140 est
772 1075 958 1159 cogitasse,
983 1075 1016 1142 in
1040 1095 1108 1158 quo
1129 1077 1203 1141 loco
1226 1076 1400 1160 occupatio
1429 1095 1517 1143 con-

339 1185 467 1252 ceditur
500 1185 533 1251 in
568 1186 680 1254 eodem
708 1187 994 1269 praescriptionem
1019 1187 1177 1267 concedi,
1201 1203 1308 1254 tamen
1331 1187 1516 1254 absurdum

340 1311 427 1379 erat,
451 1297 543 1380 quod
563 1298 603 1364 de
626 1297 759 1364 flumine
781 1299 917 1381 publico
940 1298 1064 1364 dicttrm
1085 1312 1153 1364 crat
1171 1299 1212 1366 ad
1231 1317 1317 1365 mare
1335 1317 1517 1364 commune

340 1423 371 1472 et
403 1408 494 1490 quod
523 1408 563 1474 de
594 1408 791 1477 diverticulo
815 1410 855 1474 ad
877 1410 985 1476 sinum
1011 1409 1174 1492 proferre,
1198 1429 1272 1475 cum
1303 1411 1383 1475 haec
1416 1429 1517 1492 prae-

338 1519 473 1602 scriptio
493 1537 590 1586 usum
616 1521 675 1602 qui
698 1535 748 1586 est
761 1522 835 1605 jure
855 1521 999 1606 gentium
1022 1521 1205 1588 communis
1226 1520 1423 1604 impeditura
1448 1521 1515 1601 sit,

339 1629 395 1695 illa
416 1645 525 1696 autem
545 1631 679 1715 publico
702 1631 779 1698 usui
798 1651 864 1698 uon
884 1631 1059 1698 admodum
1077 1646 1203 1698 noceat.
1227 1631 1378 1698 Alterum
1402 1647 1515 1698 autem

232 1737 235 1742 ’
339 1741 462 1826 Angeli
490 1757 717 1826 argumentum
740 1741 751 1777 ²
772 1743 864 1826 quod
887 1762 927 1808 ex
955 1761 1058 1826 aquae
1082 1742 1185 1809 ductu
1208 1742 1371 1825 sumitur,
1396 1743 1514 1809 eodem

340 1853 509 1920 Castrensi
528 1868 751 1936 monstrante,
775 1868 813 1921 ut
835 1873 852 1920 a
876 1854 1069 1937 quaestione
1089 1853 1321 1921 alienissimum
1341 1854 1381 1919 ab
1404 1855 1516 1920 omni·

340 1964 404 2029 bus
426 1963 542 2030 merito
566 1964 763 2048 exploditur.
810 1966 941 2033 Falsum
965 1965 1067 2052 igitur
1091 1981 1140 2032 est
1162 1967 1258 2032 talem
1282 1964 1514 2049 praescriptio-

339 2092 414 2140 nem
435 2074 531 2140 etiam
555 2095 594 2142 eo
616 2089 763 2159 tempore
786 2075 1007 2162 gigni,cujus
1027 2077 1158 2144 initium
1175 2096 1302 2144 omnem
1323 2076 1514 2144 memoriam

340 2186 484 2253 excedat.
529 2185 594 2254 Ubi
614 2187 698 2252 enim
713 2189 768 2253 lex
790 2205 918 2254 omnem
942 2188 1075 2255 omnino
1094 2189 1183 2254 tollit
1201 2188 1514 2271 praescriptionem,

340 2313 381 2362 ne
413 2296 503 2363 istud
533 2297 667 2380 quidem
698 2313 828 2382 tempus
855 2299 1061 2380 admittitur,
1094 2301 1156 2364 hoc
1180 2314 1252 2380 est,
1275 2314 1314 2364 ut
1337 2298 1514 2366 Telmus⁸

341 2408 515 2490 loquitur,
540 2409 672 2475 materia
693 2409 1008 2494 impraescriptibilis
1031 2425 1176 2494 ternpore
1199 2410 1423 2478 immemoriali
1446 2430 1514 2477 non

342 2518 380 2584 fit
412 2519 693 2603 praescriptibilis.
739 2522 873 2587 Fatetur
904 2522 982 2587 haec
1016 2541 1094 2587 vera
1127 2540 1196 2615 esse
1230 2521 1351 2587 Balbus
1386 2520 1419 2586 ⁴:
1456 2523 1514 2589 sed

342 2629 462 2714 Angeli
492 2629 684 2697 sententiam
714 2646 875 2716 receptam
907 2632 987 2699 dicit
1019 2633 1077 2698 hac
1101 2632 1249 2714 ratione,
1273 2633 1352 2715 quia
1382 2648 1514 2716 tempus

342 2755 431 2806 extra
469 2742 654 2808 memoriam
693 2743 838 2827 positum
873 2743 956 2810 idem
991 2746 1100 2810 valere
1134 2723 1278 2810 creditur
1306 2743 1512 2828 privilegio,

342 2871 416 2917 cum
445 2853 563 2920 titulus
587 2853 776 2936 aptissimus
799 2875 838 2920 ex
860 2855 917 2920 tali
946 2870 1092 2939 tempore
1114 2870 1349 2938 praesumatur.
1399 2855 1514 2937 Appa-

341 2979 390 3029 ret
415 2964 493 3031 hinc
520 2983 587 3030 non
619 2965 709 3031 aliud
741 2964 816 3030 illos
852 2965 1014 3046 sensisse,
1049 2986 1147 3048 quarn
1170 2967 1199 3032 si
1221 2983 1295 3048 pars
1317 2965 1429 3047 aliqua
1451 2964 1513 3030 rei·

341 3075 515 3159 publicae,
553 3092 633 3159 puta
666 3076 792 3161 imperii
828 3077 996 3158 Romani,
1032 3096 1129 3160 supra
1163 3097 1290 3142 omnem
1324 3077 1512 3142 memoriam

342 3207 402 3253 usa
431 3202 518 3253 esset
548 3187 605 3252 tali
625 3189 723 3271 jure,
756 3189 785 3254 ei
813 3189 949 3256 dandam
978 3188 1268 3271 praescriptionem
1291 3189 1355 3253 hoc
1378 3190 1512 3270 colore,

343 3302 438 3384 quasi
467 3301 629 3386 Principis
661 3299 830 3368 concessio
863 3299 1043 3383 praeiisset.
1088 3299 1199 3385 Quare
1231 3319 1304 3365 cum
1339 3319 1437 3366 nemo
1471 3298 1514 3365 sit

343 3412 497 3479 dominus
524 3413 628 3479 totius
660 3411 787 3496 generis
810 3411 967 3492 humani,
995 3409 1053 3492 qui
1081 3411 1136 3494 jus
1166 3411 1250 3476 illud
1273 3410 1430 3476 adversus
1454 3413 1513 3476 ho-

343 3523 447 3590 mines
473 3542 587 3590 omnes
616 3523 741 3590 homini
771 3537 828 3590 aut
859 3523 985 3605 populo
1008 3521 1107 3587 alicui
1130 3522 1294 3605 potuisset
1314 3523 1512 3604 concedere,

343 3636 472 3702 sublato
495 3635 552 3702 illo
575 3636 684 3702 colore
706 3652 838 3701 neccsse
863 3649 913 3700 est
936 3633 1032 3698 etiam
1051 3633 1339 3715 praescriptionem
1359 3633 1512 3699 interimi.

344 3747 390 3812 Et
421 3747 468 3812 sic
500 3767 539 3813 ex
567 3746 699 3812 illorum
732 3746 828 3811 etiam
858 3743 1017 3810 sententia
1042 3743 1128 3809 inter
1158 3763 1248 3828 reges
1284 3759 1341 3810 aut
1371 3747 1513 3828 populos

342 3859 465 3926 liberos
485 3860 639 3942 prodesse
663 3856 746 3924 nihil
766 3871 876 3940 potest
898 3857 1010 3939 lapsus
1033 3854 1153 3921 infiniti
1177 3854 1348 3938 temporis.
1394 3855 1514 3922 Vanis·

345 3997 537 4008 —u———nu-a

379 4069 387 4102 ¹
407 4069 433 4118 in
458 4072 482 4119 d.
506 4071 523 4117 l.
546 4071 590 4117 ult.
607 4083 632 4116 n.
649 4082 674 4129 4.
697 4079 743 4128 pet
763 4071 780 4116 1.
797 4069 865 4127 quod
889 4066 915 4114 in
933 4067 1028 4114 littore.
1046 4063 1072 4113 ff.
1091 4067 1122 4114 de
1141 4077 1195 4125 aeq·
1210 4067 1278 4113 dom.
1296 4063 1340 4128 [D.
1359 4079 1401 4126 41.
1421 4079 1442 4114 1.
1462 4065 1511 4130 14.]

345 4158 406 4208 ²err
430 4163 446 4208 l.
466 4173 537 4208 osum
562 4173 648 4220 aquae.
672 4160 702 4207 C.
728 4161 759 4207 de
777 4159 880 4217 aquaed.
904 4157 947 4218 [C.
975 4170 1012 4204 11.
1036 4170 1078 4218 42.
1101 4157 1142 4217 4.]
1165 4156 1252 4204 conler
1267 4169 1323 4204 cnm
1338 4158 1355 4203 l.
1372 4155 1513 4216 diligenter.

347 4253 376 4314 [l.
390 4251 428 4315 9.]
448 4264 478 4299 eo
492 4251 531 4299 rit.
545 4264 569 4299 et
584 4263 642 4300 cum
656 4252 673 4297 l.
686 4252 735 4296 hoo
748 4247 811 4305 jure.
825 4252 846 4306 5.
860 4250 946 4297 ductus
963 4259 1050 4308 aquae.
1069 4237 1094 4294 ff.
1113 4249 1144 4296 de
1159 4259 1221 4306 aqua
1232 4246 1332 4306 quotid.
1349 4257 1375 4294 et
1391 4259 1454 4296 aest.
1472 4245 1511 4310 [D.

346 4355 387 4403 43.
408 4356 448 4390 20.
469 4355 491 4399 3.
515 4345 537 4402 5.
549 4342 587 4403 4.]
619 4339 629 4372 ³
647 4343 678 4390 ad
692 4353 714 4388 c.
730 4341 887 4388 accedentes.
905 4340 936 4387 de
956 4338 1105 4399 praescript.
1123 4339 1260 4400 [Decretal.
1277 4350 1300 4384 2.
1318 4337 1358 4385 26.
1380 4337 1430 4398 rr.]
1456 4337 1467 4368 ⁴
1484 4339 1512 4385 de

347 4433 495 4494 praescript.
511 4446 534 4493 4.
551 4445 630 4493 parte.
651 4445 673 4487 5.
689 4431 766 4489 partis
783 4431 864 4490 princ,
882 4445 906 4488 q.
924 4431 947 4476 6.
962 4443 987 4477 n.
1006 4433 1028 4474 8.
