<?xml version="1.0" encoding="UTF-8"?>
<!DOCTYPE html PUBLIC "-//W3C//DTD XHTML 1.0 Transitional//EN"
    "http://www.w3.org/TR/xhtml1/DTD/xhtml1-transitional.dtd">
<html xmlns="http://www.w3.org/1999/xhtml" xml:lang="en" lang="en">
 <head>
  <title>
</title>
<meta http-equiv="Content-Type" content="text/html;charset=utf-8" />
  <meta name='ocr-system' content='tesseract 3.04.00' />
  <meta name='ocr-capabilities' content='ocr_page ocr_carea ocr_par ocr_line ocrx_word'/>
</head>
<body>
  <div class='ocr_page' id='page_1' title='image "./ledroitdeprised01hamagoog_0227.png"; bbox 0 0 3326 5506; ppageno 0'>
   <div class='ocr_carea' id='block_1_1' title="bbox 441 602 1330 669">
    <p class='ocr_par' dir='ltr' id='par_1_1' title="bbox 441 602 1330 669">
     <span class='ocr_line' id='line_1_1' title="bbox 441 602 1330 669; baseline 0.002 -21"><span class='ocrx_word' id='word_1_1' title='bbox 441 603 487 648; x_wconf 80' lang='lat' dir='ltr'>DE</span> <span class='ocrx_word' id='word_1_2' title='bbox 511 604 603 669; x_wconf 83' lang='lat' dir='ltr'>JURE</span> <span class='ocrx_word' id='word_1_3' title='bbox 633 604 815 650; x_wconf 80' lang='lat' dir='ltr'>PRAEDAE.</span> <span class='ocrx_word' id='word_1_4' title='bbox 841 605 920 650; x_wconf 82' lang='lat' dir='ltr'><strong>CAP.</strong></span> <span class='ocrx_word' id='word_1_5' title='bbox 945 605 1009 651; x_wconf 86' lang='lat' dir='ltr'>XII.</span> <span class='ocrx_word' id='word_1_6' title='bbox 1269 602 1330 666; x_wconf 78' lang='lat'>205</span> 
     </span>
    </p>
   </div>
   <div class='ocr_carea' id='block_1_2' title="bbox 154 757 1460 4084">
    <p class='ocr_par' dir='ltr' id='par_1_2' title="bbox 154 757 1460 4084">
     <span class='ocr_line' id='line_1_2' title="bbox 154 757 1331 844; baseline -0.002 -20"><span class='ocrx_word' id='word_1_7' title='bbox 154 759 300 844; x_wconf 86' lang='lat' dir='ltr'>Anglis,</span> <span class='ocrx_word' id='word_1_8' title='bbox 323 757 480 826; x_wconf 87' lang='lat' dir='ltr'>Venetis:</span> <span class='ocrx_word' id='word_1_9' title='bbox 513 773 545 825; x_wconf 92' lang='lat' dir='ltr'>et</span> <span class='ocrx_word' id='word_1_10' title='bbox 573 758 745 844; x_wconf 85' lang='lat' dir='ltr'>diligenter</span> <span class='ocrx_word' id='word_1_11' title='bbox 765 758 841 824; x_wconf 93' lang='lat' dir='ltr'>vide</span> <span class='ocrx_word' id='word_1_12' title='bbox 861 779 938 824; x_wconf 90' lang='lat' dir='ltr'>num</span> <span class='ocrx_word' id='word_1_13' title='bbox 962 757 1044 840; x_wconf 92' lang='lat' dir='ltr'>quid</span> <span class='ocrx_word' id='word_1_14' title='bbox 1065 758 1173 825; x_wconf 85' lang='lat' dir='ltr'><strong>obstet</strong></span> <span class='ocrx_word' id='word_1_15' title='bbox 1200 757 1331 840; x_wconf 89' lang='lat' dir='ltr'>quomi-</span> 
     </span>
     <span class='ocr_line' id='line_1_3' title="bbox 155 858 1330 955; baseline 0.001 -20"><span class='ocrx_word' id='word_1_16' title='bbox 155 891 242 952; x_wconf 88' lang='lat' dir='ltr'>nus,</span> <span class='ocrx_word' id='word_1_17' title='bbox 266 871 294 936; x_wconf 92' lang='lat' dir='ltr'>si</span> <span class='ocrx_word' id='word_1_18' title='bbox 316 890 349 936; x_wconf 92' lang='lat' dir='ltr'>se</span> <span class='ocrx_word' id='word_1_19' title='bbox 371 891 421 938; x_wconf 92' lang='lat' dir='ltr'>res</span> <span class='ocrx_word' id='word_1_20' title='bbox 442 869 487 936; x_wconf 89' lang='lat' dir='ltr'>ita</span> <span class='ocrx_word' id='word_1_21' title='bbox 509 858 668 950; x_wconf 86' lang='lat' dir='ltr'>haberet,</span> <span class='ocrx_word' id='word_1_22' title='bbox 691 871 809 954; x_wconf 86' lang='lat' dir='ltr'>praeda</span> <span class='ocrx_word' id='word_1_23' title='bbox 826 871 913 955; x_wconf 86' lang='lat' dir='ltr'>justa</span> <span class='ocrx_word' id='word_1_24' title='bbox 937 889 1084 953; x_wconf 92' lang='lat' dir='ltr'>puraque</span> <span class='ocrx_word' id='word_1_25' title='bbox 1108 871 1230 936; x_wconf 90' lang='lat' dir='ltr'>censeri</span> <span class='ocrx_word' id='word_1_26' title='bbox 1254 891 1330 953; x_wconf 91' lang='lat' dir='ltr'>pos-</span> 
     </span>
     <span class='ocr_line' id='line_1_4' title="bbox 154 981 1328 1065; baseline -0.003 -16"><span class='ocrx_word' id='word_1_27' title='bbox 154 997 218 1049; x_wconf 87' lang='lat' dir='ltr'><strong>set.</strong></span> <span class='ocrx_word' id='word_1_28' title='bbox 242 983 323 1049; x_wconf 87' lang='lat' dir='ltr'>Post</span> <span class='ocrx_word' id='word_1_29' title='bbox 341 982 500 1065; x_wconf 87' lang='lat' dir='ltr'>privatam</span> <span class='ocrx_word' id='word_1_30' title='bbox 514 1001 642 1062; x_wconf 87' lang='lat' dir='ltr'>causam</span> <span class='ocrx_word' id='word_1_31' title='bbox 655 982 820 1065; x_wconf 85' lang='lat' dir='ltr'>publicam</span> <span class='ocrx_word' id='word_1_32' title='bbox 834 982 999 1064; x_wconf 90' lang='lat' dir='ltr'>expende:</span> <span class='ocrx_word' id='word_1_33' title='bbox 1025 981 1057 1045; x_wconf 91' lang='lat' dir='ltr'>in</span> <span class='ocrx_word' id='word_1_34' title='bbox 1070 996 1210 1064; x_wconf 88' lang='lat' dir='ltr'>utraque</span> <span class='ocrx_word' id='word_1_35' title='bbox 1222 996 1328 1048; x_wconf 90' lang='lat' dir='ltr'>autem</span> 
     </span>
     <span class='ocr_line' id='line_1_5' title="bbox 154 1092 1329 1179; baseline -0.001 -20"><span class='ocrx_word' id='word_1_36' title='bbox 154 1094 305 1179; x_wconf 82' lang='lat' dir='ltr'><strong>inspice,</strong></span> <span class='ocrx_word' id='word_1_37' title='bbox 339 1093 422 1176; x_wconf 93' lang='lat' dir='ltr'>quid</span> <span class='ocrx_word' id='word_1_38' title='bbox 439 1093 518 1160; x_wconf 90' lang='lat' dir='ltr'>belli</span> <span class='ocrx_word' id='word_1_39' title='bbox 536 1094 728 1161; x_wconf 89' lang='lat' dir='ltr'>auctoribus</span> <span class='ocrx_word' id='word_1_40' title='bbox 750 1114 810 1177; x_wconf 89' lang='lat' dir='ltr'>pro</span> <span class='ocrx_word' id='word_1_41' title='bbox 834 1114 891 1173; x_wconf 92' lang='lat' dir='ltr'>se,</span> <span class='ocrx_word' id='word_1_42' title='bbox 916 1092 997 1175; x_wconf 92' lang='lat' dir='ltr'>quid</span> <span class='ocrx_word' id='word_1_43' title='bbox 1017 1109 1126 1160; x_wconf 90' lang='lat' dir='ltr'>autem</span> <span class='ocrx_word' id='word_1_44' title='bbox 1148 1114 1207 1177; x_wconf 92' lang='lat' dir='ltr'>pro</span> <span class='ocrx_word' id='word_1_45' title='bbox 1229 1093 1329 1159; x_wconf 92' lang='lat' dir='ltr'>sociis</span> 
     </span>
     <span class='ocr_line' id='line_1_6' title="bbox 155 1204 1329 1290; baseline 0 -20"><span class='ocrx_word' id='word_1_46' title='bbox 155 1204 304 1272; x_wconf 85' lang='lat' dir='ltr'><strong>licuerit:</strong></span> <span class='ocrx_word' id='word_1_47' title='bbox 329 1205 445 1271; x_wconf 91' lang='lat' dir='ltr'>deinde</span> <span class='ocrx_word' id='word_1_48' title='bbox 476 1205 518 1271; x_wconf 90' lang='lat' dir='ltr'>ad</span> <span class='ocrx_word' id='word_1_49' title='bbox 545 1205 696 1272; x_wconf 92' lang='lat' dir='ltr'>subditos</span> <span class='ocrx_word' id='word_1_50' title='bbox 719 1221 751 1271; x_wconf 94' lang='lat' dir='ltr'>te</span> <span class='ocrx_word' id='word_1_51' title='bbox 775 1220 929 1272; x_wconf 90' lang='lat' dir='ltr'>converte</span> <span class='ocrx_word' id='word_1_52' title='bbox 952 1221 985 1272; x_wconf 92' lang='lat' dir='ltr'>et</span> <span class='ocrx_word' id='word_1_53' title='bbox 1005 1205 1038 1270; x_wconf 91' lang='lat' dir='ltr'>in</span> <span class='ocrx_word' id='word_1_54' title='bbox 1062 1205 1202 1290; x_wconf 87' lang='lat' dir='ltr'>singulis</span> <span class='ocrx_word' id='word_1_55' title='bbox 1221 1204 1329 1271; x_wconf 89' lang='lat' dir='ltr'>omnia</span> 
     </span>
     <span class='ocr_line' id='line_1_7' title="bbox 155 1315 1328 1402; baseline 0 -19"><span class='ocrx_word' id='word_1_56' title='bbox 155 1336 325 1383; x_wconf 88' lang='lat' dir='ltr'>causarum</span> <span class='ocrx_word' id='word_1_57' title='bbox 350 1336 467 1402; x_wconf 87' lang='lat' dir='ltr'>genera</span> <span class='ocrx_word' id='word_1_58' title='bbox 490 1336 668 1399; x_wconf 89' lang='lat' dir='ltr'>omnesque</span> <span class='ocrx_word' id='word_1_59' title='bbox 683 1315 896 1384; x_wconf 87' lang='lat' dir='ltr'>definitiones</span> <span class='ocrx_word' id='word_1_60' title='bbox 915 1317 1070 1401; x_wconf 90' lang='lat' dir='ltr'>expende.</span> <span class='ocrx_word' id='word_1_61' title='bbox 1116 1318 1167 1382; x_wconf 90' lang='lat' dir='ltr'>Ac</span> <span class='ocrx_word' id='word_1_62' title='bbox 1188 1316 1328 1400; x_wconf 93' lang='lat' dir='ltr'>primum</span> 
     </span>
     <span class='ocr_line' id='line_1_8' title="bbox 155 1428 1329 1513; baseline 0.002 -19"><span class='ocrx_word' id='word_1_63' title='bbox 155 1429 198 1494; x_wconf 90' lang='lat' dir='ltr'>ad</span> <span class='ocrx_word' id='word_1_64' title='bbox 217 1447 371 1512; x_wconf 86' lang='lat' dir='ltr'>personas</span> <span class='ocrx_word' id='word_1_65' title='bbox 402 1429 493 1511; x_wconf 91' lang='lat' dir='ltr'>quod</span> <span class='ocrx_word' id='word_1_66' title='bbox 515 1428 633 1495; x_wconf 85' lang='lat' dir='ltr'>attinet</span> <span class='ocrx_word' id='word_1_67' title='bbox 657 1430 690 1509; x_wconf 90' lang='lat'>¹,</span> <span class='ocrx_word' id='word_1_68' title='bbox 714 1448 787 1494; x_wconf 92' lang='lat' dir='ltr'>cum</span> <span class='ocrx_word' id='word_1_69' title='bbox 810 1428 930 1513; x_wconf 88' lang='lat' dir='ltr'>privati</span> <span class='ocrx_word' id='word_1_70' title='bbox 954 1429 1032 1496; x_wconf 88' lang='lat' dir='ltr'>belli</span> <span class='ocrx_word' id='word_1_71' title='bbox 1053 1443 1248 1513; x_wconf 89' lang='lat' dir='ltr'>potestatem</span> <span class='ocrx_word' id='word_1_72' title='bbox 1272 1449 1329 1496; x_wconf 88' lang='lat' dir='ltr'>na-</span> 
     </span>
     <span class='ocr_line' id='line_1_9' title="bbox 155 1540 1327 1625; baseline 0.002 -21"><span class='ocrx_word' id='word_1_73' title='bbox 155 1554 230 1606; x_wconf 89' lang='lat' dir='ltr'>tura</span> <span class='ocrx_word' id='word_1_74' title='bbox 262 1540 333 1625; x_wconf 88' lang='lat' dir='ltr'>ejus</span> <span class='ocrx_word' id='word_1_75' title='bbox 361 1540 446 1625; x_wconf 83' lang='lat' dir='ltr'>juris</span> <span class='ocrx_word' id='word_1_76' title='bbox 477 1541 608 1607; x_wconf 89' lang='lat' dir='ltr'>domina</span> <span class='ocrx_word' id='word_1_77' title='bbox 638 1555 736 1624; x_wconf 87' lang='lat' dir='ltr'>atque</span> <span class='ocrx_word' id='word_1_78' title='bbox 769 1541 956 1625; x_wconf 81' lang='lat' dir='ltr'>imperatrix</span> <span class='ocrx_word' id='word_1_79' title='bbox 990 1541 1111 1606; x_wconf 92' lang='lat' dir='ltr'>nemini</span> <span class='ocrx_word' id='word_1_80' title='bbox 1142 1541 1327 1607; x_wconf 88' lang='lat' dir='ltr'>mortalium</span> 
     </span>
     <span class='ocr_line' id='line_1_10' title="bbox 157 1651 1328 1737; baseline -0.001 -19"><span class='ocrx_word' id='word_1_81' title='bbox 157 1667 277 1737; x_wconf 86' lang='lat' dir='ltr'>neget,</span> <span class='ocrx_word' id='word_1_82' title='bbox 302 1651 490 1719; x_wconf 85' lang='lat' dir='ltr'>societatem</span> <span class='ocrx_word' id='word_1_83' title='bbox 521 1652 668 1719; x_wconf 86' lang='lat' dir='ltr'>Indicam</span> <span class='ocrx_word' id='word_1_84' title='bbox 693 1653 822 1719; x_wconf 86' lang='lat' dir='ltr'>excludi</span> <span class='ocrx_word' id='word_1_85' title='bbox 843 1672 940 1719; x_wconf 92' lang='lat' dir='ltr'>nemo</span> <span class='ocrx_word' id='word_1_86' title='bbox 970 1652 1107 1718; x_wconf 86' lang='lat' dir='ltr'>dixerit:</span> <span class='ocrx_word' id='word_1_87' title='bbox 1133 1652 1224 1734; x_wconf 91' lang='lat' dir='ltr'>quod</span> <span class='ocrx_word' id='word_1_88' title='bbox 1243 1652 1328 1718; x_wconf 91' lang='lat' dir='ltr'>enim</span> 
     </span>
     <span class='ocr_line' id='line_1_11' title="bbox 157 1763 1177 1850; baseline 0 -21"><span class='ocrx_word' id='word_1_89' title='bbox 157 1764 297 1850; x_wconf 92' lang='lat' dir='ltr'>singulis</span> <span class='ocrx_word' id='word_1_90' title='bbox 321 1766 480 1847; x_wconf 85' lang='lat' dir='ltr'>seorsim,</span> <span class='ocrx_word' id='word_1_91' title='bbox 504 1765 590 1832; x_wconf 92' lang='lat' dir='ltr'>idem</span> <span class='ocrx_word' id='word_1_92' title='bbox 614 1764 815 1831; x_wconf 91' lang='lat' dir='ltr'>coniunctim</span> <span class='ocrx_word' id='word_1_93' title='bbox 839 1764 996 1847; x_wconf 65' lang='lat' dir='ltr'>pluribus*</span> <span class='ocrx_word' id='word_1_94' title='bbox 1011 1763 1094 1848; x_wconf 86' lang='lat' dir='ltr'>juris</span> <span class='ocrx_word' id='word_1_95' title='bbox 1118 1778 1177 1830; x_wconf 92' lang='lat' dir='ltr'>est.</span> 
     </span>
     <span class='ocr_line' id='line_1_12' title="bbox 200 1876 1329 1961; baseline 0.003 -21"><span class='ocrx_word' id='word_1_96' title='bbox 200 1876 341 1942; x_wconf 86' lang='lat' dir='ltr'>Causam</span> <span class='ocrx_word' id='word_1_97' title='bbox 370 1897 447 1961; x_wconf 86' lang='lat' dir='ltr'>ergo</span> <span class='ocrx_word' id='word_1_98' title='bbox 468 1877 556 1942; x_wconf 91' lang='lat' dir='ltr'>unde</span> <span class='ocrx_word' id='word_1_99' title='bbox 576 1877 697 1942; x_wconf 89' lang='lat' dir='ltr'>bellum</span> <span class='ocrx_word' id='word_1_100' title='bbox 721 1877 827 1943; x_wconf 90' lang='lat' dir='ltr'>oritur</span> <span class='ocrx_word' id='word_1_101' title='bbox 859 1876 941 1959; x_wconf 90' lang='lat' dir='ltr'>(hoc</span> <span class='ocrx_word' id='word_1_102' title='bbox 970 1876 1054 1940; x_wconf 90' lang='lat' dir='ltr'>enim</span> <span class='ocrx_word' id='word_1_103' title='bbox 1080 1876 1227 1959; x_wconf 85' lang='lat' dir='ltr'>proxime</span> <span class='ocrx_word' id='word_1_104' title='bbox 1251 1895 1329 1942; x_wconf 91' lang='lat' dir='ltr'>con-</span> 
     </span>
     <span class='ocr_line' id='line_1_13' title="bbox 156 1987 1329 2074; baseline 0 -20"><span class='ocrx_word' id='word_1_105' title='bbox 156 1987 327 2074; x_wconf 88' lang='lat' dir='ltr'>sequitur)</span> <span class='ocrx_word' id='word_1_106' title='bbox 358 1988 614 2073; x_wconf 86' lang='lat' dir='ltr'>investigemus:</span> <span class='ocrx_word' id='word_1_107' title='bbox 640 2003 672 2054; x_wconf 91' lang='lat' dir='ltr'>et</span> <span class='ocrx_word' id='word_1_108' title='bbox 691 1987 770 2070; x_wconf 92' lang='lat' dir='ltr'>quia</span> <span class='ocrx_word' id='word_1_109' title='bbox 795 1987 983 2054; x_wconf 91' lang='lat' dir='ltr'>monuimus</span> <span class='ocrx_word' id='word_1_110' title='bbox 1005 2007 1126 2070; x_wconf 91' lang='lat' dir='ltr'>supra,</span> <span class='ocrx_word' id='word_1_111' title='bbox 1150 2008 1233 2070; x_wconf 89' lang='lat' dir='ltr'>quae</span> <span class='ocrx_word' id='word_1_112' title='bbox 1251 2009 1329 2054; x_wconf 91' lang='lat' dir='ltr'>cau-</span> 
     </span>
     <span class='ocr_line' id='line_1_14' title="bbox 157 2097 1329 2184; baseline -0.002 -18"><span class='ocrx_word' id='word_1_113' title='bbox 157 2119 233 2180; x_wconf 92' lang='lat' dir='ltr'>sae,</span> <span class='ocrx_word' id='word_1_114' title='bbox 266 2099 294 2168; x_wconf 94' lang='lat' dir='ltr'>si</span> <span class='ocrx_word' id='word_1_115' title='bbox 325 2101 433 2184; x_wconf 85' lang='lat' dir='ltr'>justae</span> <span class='ocrx_word' id='word_1_116' title='bbox 468 2115 597 2182; x_wconf 87' lang='lat' dir='ltr'>essent,</span> <span class='ocrx_word' id='word_1_117' title='bbox 631 2100 753 2166; x_wconf 88' lang='lat' dir='ltr'>bellum</span> <span class='ocrx_word' id='word_1_118' title='bbox 785 2098 936 2182; x_wconf 87' lang='lat' dir='ltr'>petitoris</span> <span class='ocrx_word' id='word_1_119' title='bbox 967 2100 1093 2183; x_wconf 75' lang='lat' dir='ltr'>Justum</span> <span class='ocrx_word' id='word_1_120' title='bbox 1126 2098 1272 2165; x_wconf 89' lang='lat' dir='ltr'>facerent</span> <span class='ocrx_word' id='word_1_121' title='bbox 1293 2097 1329 2182; x_wconf 88' lang='lat'>²,</span> 
     </span>
     <span class='ocr_line' id='line_1_15' title="bbox 156 2208 1330 2297; baseline 0.001 -20"><span class='ocrx_word' id='word_1_122' title='bbox 156 2211 303 2292; x_wconf 88' lang='lat' dir='ltr'>easdem,</span> <span class='ocrx_word' id='word_1_123' title='bbox 316 2212 344 2277; x_wconf 91' lang='lat' dir='ltr'>si</span> <span class='ocrx_word' id='word_1_124' title='bbox 365 2212 399 2278; x_wconf 88' lang='lat' dir='ltr'>id</span> <span class='ocrx_word' id='word_1_125' title='bbox 416 2213 471 2297; x_wconf 86' lang='lat' dir='ltr'>jus</span> <span class='ocrx_word' id='word_1_126' title='bbox 493 2231 559 2278; x_wconf 90' lang='lat' dir='ltr'>non</span> <span class='ocrx_word' id='word_1_127' title='bbox 583 2226 669 2277; x_wconf 91' lang='lat' dir='ltr'>recte</span> <span class='ocrx_word' id='word_1_128' title='bbox 685 2208 760 2294; x_wconf 80' lang='lat' dir='ltr'>p‘rae</span> <span class='ocrx_word' id='word_1_129' title='bbox 774 2230 809 2275; x_wconf 93' lang='lat' dir='ltr'>se</span> <span class='ocrx_word' id='word_1_130' title='bbox 829 2209 961 2290; x_wconf 86' lang='lat' dir='ltr'>ferunt,</span> <span class='ocrx_word' id='word_1_131' title='bbox 972 2209 1133 2294; x_wconf 76' lang='lat' dir='ltr'>Justitiam</span> <span class='ocrx_word' id='word_1_132' title='bbox 1153 2211 1194 2277; x_wconf 93' lang='lat' dir='ltr'>ad</span> <span class='ocrx_word' id='word_1_133' title='bbox 1215 2211 1330 2278; x_wconf 90' lang='lat' dir='ltr'>defen·</span> 
     </span>
     <span class='ocr_line' id='line_1_16' title="bbox 156 2320 1329 2406; baseline -0.002 -16"><span class='ocrx_word' id='word_1_134' title='bbox 156 2343 262 2390; x_wconf 89' lang='lat' dir='ltr'>sorem</span> <span class='ocrx_word' id='word_1_135' title='bbox 281 2322 480 2404; x_wconf 83' lang='lat' dir='ltr'>transferre,</span> <span class='ocrx_word' id='word_1_136' title='bbox 501 2342 694 2406; x_wconf 89' lang='lat' dir='ltr'>quaeramus</span> <span class='ocrx_word' id='word_1_137' title='bbox 714 2323 753 2388; x_wconf 92' lang='lat' dir='ltr'>ab</span> <span class='ocrx_word' id='word_1_138' title='bbox 775 2321 855 2406; x_wconf 92' lang='lat' dir='ltr'>ipsis</span> <span class='ocrx_word' id='word_1_139' title='bbox 872 2320 1062 2403; x_wconf 89' lang='lat' dir='ltr'>Lusitanis,</span> <span class='ocrx_word' id='word_1_140' title='bbox 1078 2322 1158 2405; x_wconf 92' lang='lat' dir='ltr'>quid</span> <span class='ocrx_word' id='word_1_141' title='bbox 1177 2322 1220 2389; x_wconf 86' lang='lat' dir='ltr'>sit</span> <span class='ocrx_word' id='word_1_142' title='bbox 1239 2323 1329 2406; x_wconf 91' lang='lat' dir='ltr'>quod</span> 
     </span>
     <span class='ocr_line' id='line_1_17' title="bbox 157 2433 1327 2518; baseline 0.002 -20"><span class='ocrx_word' id='word_1_143' title='bbox 157 2434 204 2500; x_wconf 93' lang='lat' dir='ltr'>illi</span> <span class='ocrx_word' id='word_1_144' title='bbox 236 2455 254 2501; x_wconf 91' lang='lat' dir='ltr'>a</span> <span class='ocrx_word' id='word_1_145' title='bbox 285 2434 441 2502; x_wconf 91' lang='lat' dir='ltr'>societate</span> <span class='ocrx_word' id='word_1_146' title='bbox 474 2435 585 2500; x_wconf 89' lang='lat' dir='ltr'>Indica</span> <span class='ocrx_word' id='word_1_147' title='bbox 608 2436 788 2518; x_wconf 91' lang='lat' dir='ltr'>postulent.</span> <span class='ocrx_word' id='word_1_148' title='bbox 832 2433 913 2500; x_wconf 90' lang='lat' dir='ltr'>Non</span> <span class='ocrx_word' id='word_1_149' title='bbox 936 2433 1035 2500; x_wconf 90' lang='lat' dir='ltr'>dubie</span> <span class='ocrx_word' id='word_1_150' title='bbox 1062 2434 1327 2517; x_wconf 88' lang='lat' dir='ltr'>respondebunt,</span> 
     </span>
     <span class='ocr_line' id='line_1_18' title="bbox 155 2545 1327 2630; baseline -0.001 -18"><span class='ocrx_word' id='word_1_151' title='bbox 155 2548 219 2613; x_wconf 91' lang='lat' dir='ltr'>hoc</span> <span class='ocrx_word' id='word_1_152' title='bbox 240 2566 342 2613; x_wconf 92' lang='lat' dir='ltr'>unum</span> <span class='ocrx_word' id='word_1_153' title='bbox 365 2567 398 2613; x_wconf 93' lang='lat' dir='ltr'>se</span> <span class='ocrx_word' id='word_1_154' title='bbox 421 2549 605 2630; x_wconf 90' lang='lat' dir='ltr'>postulare,</span> <span class='ocrx_word' id='word_1_155' title='bbox 624 2565 663 2611; x_wconf 91' lang='lat' dir='ltr'>ne</span> <span class='ocrx_word' id='word_1_156' title='bbox 685 2545 760 2627; x_wconf 91' lang='lat' dir='ltr'>quis</span> <span class='ocrx_word' id='word_1_157' title='bbox 783 2559 909 2629; x_wconf 89' lang='lat' dir='ltr'>praeter</span> <span class='ocrx_word' id='word_1_158' title='bbox 928 2565 963 2612; x_wconf 90' lang='lat' dir='ltr'>se</span> <span class='ocrx_word' id='word_1_159' title='bbox 985 2547 1025 2612; x_wconf 93' lang='lat' dir='ltr'>ad</span> <span class='ocrx_word' id='word_1_160' title='bbox 1044 2547 1143 2613; x_wconf 87' lang='lat' dir='ltr'>Indos</span> <span class='ocrx_word' id='word_1_161' title='bbox 1164 2546 1327 2614; x_wconf 90' lang='lat' dir='ltr'>mercandi</span> 
     </span>
     <span class='ocr_line' id='line_1_19' title="bbox 156 2658 1330 2742; baseline 0.001 -18"><span class='ocrx_word' id='word_1_162' title='bbox 156 2679 253 2727; x_wconf 91' lang='lat' dir='ltr'>causa</span> <span class='ocrx_word' id='word_1_163' title='bbox 277 2659 425 2737; x_wconf 87' lang='lat' dir='ltr'>accedat:</span> <span class='ocrx_word' id='word_1_164' title='bbox 450 2659 541 2742; x_wconf 92' lang='lat' dir='ltr'>quod</span> <span class='ocrx_word' id='word_1_165' title='bbox 562 2659 656 2725; x_wconf 91' lang='lat' dir='ltr'>etiam</span> <span class='ocrx_word' id='word_1_166' title='bbox 683 2658 819 2725; x_wconf 88' lang='lat' dir='ltr'>sirecte</span> <span class='ocrx_word' id='word_1_167' title='bbox 841 2658 1024 2738; x_wconf 89' lang='lat' dir='ltr'>diceretur,</span> <span class='ocrx_word' id='word_1_168' title='bbox 1044 2672 1230 2725; x_wconf 89' lang='lat' dir='ltr'>nontamen</span> <span class='ocrx_word' id='word_1_169' title='bbox 1252 2678 1330 2725; x_wconf 88' lang='lat' dir='ltr'>con-</span> 
     </span>
     <span class='ocr_line' id='line_1_20' title="bbox 156 2768 1328 2854; baseline -0.001 -18"><span class='ocrx_word' id='word_1_170' title='bbox 156 2771 250 2837; x_wconf 90' lang='lat' dir='ltr'>tinuo</span> <span class='ocrx_word' id='word_1_171' title='bbox 283 2770 420 2838; x_wconf 86' lang='lat' dir='ltr'>insidiae</span> <span class='ocrx_word' id='word_1_172' title='bbox 453 2785 485 2836; x_wconf 90' lang='lat' dir='ltr'>et</span> <span class='ocrx_word' id='word_1_173' title='bbox 514 2769 637 2853; x_wconf 90' lang='lat' dir='ltr'>perfida</span> <span class='ocrx_word' id='word_1_174' title='bbox 670 2768 835 2851; x_wconf 87' lang='lat' dir='ltr'>facinora,</span> <span class='ocrx_word' id='word_1_175' title='bbox 865 2788 948 2852; x_wconf 90' lang='lat' dir='ltr'>quae</span> <span class='ocrx_word' id='word_1_176' title='bbox 981 2769 1079 2834; x_wconf 93' lang='lat' dir='ltr'>modo</span> <span class='ocrx_word' id='word_1_177' title='bbox 1102 2771 1328 2854; x_wconf 91' lang='lat' dir='ltr'>narravimus,</span> 
     </span>
     <span class='ocr_line' id='line_1_21' title="bbox 156 2880 1327 2964; baseline 0 -17"><span class='ocrx_word' id='word_1_178' title='bbox 156 2895 398 2950; x_wconf 87' lang='lat' dir='ltr'>excusarentur.</span> <span class='ocrx_word' id='word_1_179' title='bbox 443 2881 510 2948; x_wconf 87' lang='lat' dir='ltr'>Sed</span> <span class='ocrx_word' id='word_1_180' title='bbox 531 2897 638 2948; x_wconf 90' lang='lat' dir='ltr'>tamen</span> <span class='ocrx_word' id='word_1_181' title='bbox 659 2881 737 2964; x_wconf 87' lang='lat' dir='ltr'>quia</span> <span class='ocrx_word' id='word_1_182' title='bbox 769 2883 861 2947; x_wconf 91' lang='lat' dir='ltr'>color</span> <span class='ocrx_word' id='word_1_183' title='bbox 888 2881 943 2946; x_wconf 92' lang='lat' dir='ltr'>ille</span> <span class='ocrx_word' id='word_1_184' title='bbox 974 2880 1015 2945; x_wconf 94' lang='lat' dir='ltr'>ad</span> <span class='ocrx_word' id='word_1_185' title='bbox 1041 2882 1144 2946; x_wconf 90' lang='lat' dir='ltr'>multa</span> <span class='ocrx_word' id='word_1_186' title='bbox 1166 2881 1327 2964; x_wconf 91' lang='lat' dir='ltr'>pertinet,</span> 
     </span>
     <span class='ocr_line' id='line_1_22' title="bbox 155 2991 1460 3078; baseline 0.001 -20"><span class='ocrx_word' id='word_1_187' title='bbox 155 2993 189 3060; x_wconf 92' lang='lat' dir='ltr'>in</span> <span class='ocrx_word' id='word_1_188' title='bbox 212 2994 285 3078; x_wconf 93' lang='lat' dir='ltr'>ipso</span> <span class='ocrx_word' id='word_1_189' title='bbox 308 2993 399 3059; x_wconf 91' lang='lat' dir='ltr'>aditu</span> <span class='ocrx_word' id='word_1_190' title='bbox 432 2993 649 3076; x_wconf 89' lang='lat' dir='ltr'>explorandus</span> <span class='ocrx_word' id='word_1_191' title='bbox 676 3007 736 3059; x_wconf 90' lang='lat' dir='ltr'>est.</span> <span class='ocrx_word' id='word_1_192' title='bbox 781 2991 925 3057; x_wconf 88' lang='lat' dir='ltr'>Primum</span> <span class='ocrx_word' id='word_1_193' title='bbox 959 3011 1035 3076; x_wconf 84' lang='lat' dir='ltr'>ergo</span> <span class='ocrx_word' id='word_1_194' title='bbox 1069 2991 1152 3058; x_wconf 91' lang='lat' dir='ltr'>illud</span> <span class='ocrx_word' id='word_1_195' title='bbox 1181 2992 1327 3076; x_wconf 93' lang='lat' dir='ltr'>positum</span> <span class='ocrx_word' id='word_1_196' title='bbox 1341 3015 1422 3063; x_wconf 63' lang='lat' dir='ltr'>raon.</span> <span class='ocrx_word' id='word_1_197' title='bbox 1440 3014 1460 3059; x_wconf 92' lang='lat'>1.</span> 
     </span>
     <span class='ocr_line' id='line_1_23' title="bbox 156 3103 1329 3190; baseline -0.001 -19"><span class='ocrx_word' id='word_1_198' title='bbox 156 3106 198 3171; x_wconf 89' lang='lat' dir='ltr'>sit</span> <span class='ocrx_word' id='word_1_199' title='bbox 226 3106 301 3190; x_wconf 88' lang='lat' dir='ltr'>jure</span> <span class='ocrx_word' id='word_1_200' title='bbox 331 3105 477 3190; x_wconf 91' lang='lat' dir='ltr'>gentium</span> <span class='ocrx_word' id='word_1_201' title='bbox 507 3103 660 3188; x_wconf 90' lang='lat' dir='ltr'>primario</span> <span class='ocrx_word' id='word_1_202' title='bbox 688 3104 847 3190; x_wconf 88' lang='lat' dir='ltr'>jubente,</span> <span class='ocrx_word' id='word_1_203' title='bbox 880 3103 976 3188; x_wconf 83' lang='lat' dir='ltr'>qu&#39;us</span> <span class='ocrx_word' id='word_1_204' title='bbox 995 3103 1078 3169; x_wconf 92' lang='lat' dir='ltr'>ratio</span> <span class='ocrx_word' id='word_1_205' title='bbox 1102 3119 1257 3187; x_wconf 88' lang='lat' dir='ltr'>perpetua</span> <span class='ocrx_word' id='word_1_206' title='bbox 1280 3121 1329 3171; x_wconf 91' lang='lat' dir='ltr'>est</span> 
     </span>
     <span class='ocr_line' id='line_1_24' title="bbox 157 3215 1329 3301; baseline 0 -19"><span class='ocrx_word' id='word_1_207' title='bbox 157 3231 188 3282; x_wconf 92' lang='lat' dir='ltr'>et</span> <span class='ocrx_word' id='word_1_208' title='bbox 219 3215 456 3299; x_wconf 87' lang='lat' dir='ltr'>immutabilis,</span> <span class='ocrx_word' id='word_1_209' title='bbox 479 3216 578 3282; x_wconf 90' lang='lat' dir='ltr'>licere</span> <span class='ocrx_word' id='word_1_210' title='bbox 601 3215 732 3282; x_wconf 87' lang='lat' dir='ltr'>Batavis</span> <span class='ocrx_word' id='word_1_211' title='bbox 755 3215 931 3299; x_wconf 90' lang='lat' dir='ltr'>quibusvis</span> <span class='ocrx_word' id='word_1_212' title='bbox 960 3235 1033 3281; x_wconf 92' lang='lat' dir='ltr'>cum</span> <span class='ocrx_word' id='word_1_213' title='bbox 1055 3215 1208 3300; x_wconf 87' lang='lat' dir='ltr'>gentibus</span> <span class='ocrx_word' id='word_1_214' title='bbox 1227 3235 1329 3301; x_wconf 87' lang='lat' dir='ltr'>nego-</span> 
     </span>
     <span class='ocr_line' id='line_1_25' title="bbox 156 3305 1329 3413; baseline 0.001 -20"><span class='ocrx_word' id='word_1_215' title='bbox 156 3329 240 3395; x_wconf 92' lang='lat' dir='ltr'>tiari.</span> <span class='ocrx_word' id='word_1_216' title='bbox 272 3328 503 3395; x_wconf 91' lang='lat' dir='ltr'>Noluit-enim</span> <span class='ocrx_word' id='word_1_217' title='bbox 525 3305 616 3393; x_wconf 86' lang='lat' dir='ltr'>Deus</span> <span class='ocrx_word' id='word_1_218' title='bbox 638 3347 675 3393; x_wconf 90' lang='lat' dir='ltr'>ea</span> <span class='ocrx_word' id='word_1_219' title='bbox 690 3318 834 3409; x_wconf 84' lang='lat' dir='ltr'>cuncta,</span> <span class='ocrx_word' id='word_1_220' title='bbox 859 3325 981 3410; x_wconf 89' lang='lat' dir='ltr'>quibus</span> <span class='ocrx_word' id='word_1_221' title='bbox 1002 3325 1070 3393; x_wconf 88' lang='lat' dir='ltr'>vita</span> <span class='ocrx_word' id='word_1_222' title='bbox 1091 3326 1240 3413; x_wconf 83' lang='lat' dir='ltr'>indiget,</span> <span class='ocrx_word' id='word_1_223' title='bbox 1260 3348 1329 3394; x_wconf 93' lang='lat' dir='ltr'>om-</span> 
     </span>
     <span class='ocr_line' id='line_1_26' title="bbox 154 3438 1328 3525; baseline 0 -19"><span class='ocrx_word' id='word_1_224' title='bbox 154 3441 254 3507; x_wconf 91' lang='lat' dir='ltr'>nibus</span> <span class='ocrx_word' id='word_1_225' title='bbox 274 3440 356 3507; x_wconf 91' lang='lat' dir='ltr'>locis</span> <span class='ocrx_word' id='word_1_226' title='bbox 373 3439 581 3524; x_wconf 87' lang='lat' dir='ltr'>suppeditare</span> <span class='ocrx_word' id='word_1_227' title='bbox 600 3453 763 3505; x_wconf 91' lang='lat' dir='ltr'>naturam:</span> <span class='ocrx_word' id='word_1_228' title='bbox 779 3438 903 3506; x_wconf 89' lang='lat' dir='ltr'>artibus</span> <span class='ocrx_word' id='word_1_229' title='bbox 921 3438 1017 3505; x_wconf 93' lang='lat' dir='ltr'>etiam</span> <span class='ocrx_word' id='word_1_230' title='bbox 1033 3438 1107 3508; x_wconf 89' lang='lat' dir='ltr'>aliis</span> <span class='ocrx_word' id='word_1_231' title='bbox 1123 3439 1200 3506; x_wconf 87' lang='lat' dir='ltr'>alias</span> <span class='ocrx_word' id='word_1_232' title='bbox 1217 3457 1328 3525; x_wconf 87' lang='lat' dir='ltr'>gentes</span> 
     </span>
     <span class='ocr_line' id='line_1_27' title="bbox 156 3550 1329 3640; baseline -0.001 -21"><span class='ocrx_word' id='word_1_233' title='bbox 156 3553 247 3619; x_wconf 92' lang='lat' dir='ltr'>dedit</span> <span class='ocrx_word' id='word_1_234' title='bbox 270 3554 438 3619; x_wconf 88' lang='lat' dir='ltr'>excellere.</span> <span class='ocrx_word' id='word_1_235' title='bbox 472 3553 550 3640; x_wconf 89' lang='lat' dir='ltr'>Quo</span> <span class='ocrx_word' id='word_1_236' title='bbox 571 3551 655 3633; x_wconf 88' lang='lat' dir='ltr'>ista,</span> <span class='ocrx_word' id='word_1_237' title='bbox 679 3551 742 3618; x_wconf 92' lang='lat' dir='ltr'>nisi</span> <span class='ocrx_word' id='word_1_238' title='bbox 762 3550 854 3635; x_wconf 93' lang='lat' dir='ltr'>quod</span> <span class='ocrx_word' id='word_1_239' title='bbox 873 3550 982 3618; x_wconf 91' lang='lat' dir='ltr'>voluit</span> <span class='ocrx_word' id='word_1_240' title='bbox 999 3565 1112 3618; x_wconf 92' lang='lat' dir='ltr'>mutua</span> <span class='ocrx_word' id='word_1_241' title='bbox 1133 3566 1276 3638; x_wconf 87' lang='lat' dir='ltr'>egestate</span> <span class='ocrx_word' id='word_1_242' title='bbox 1297 3568 1329 3618; x_wconf 92' lang='lat' dir='ltr'>et</span> 
     </span>
     <span class='ocr_line' id='line_1_28' title="bbox 155 3662 1327 3748; baseline 0 -18"><span class='ocrx_word' id='word_1_243' title='bbox 155 3665 250 3748; x_wconf 91' lang='lat' dir='ltr'>copia</span> <span class='ocrx_word' id='word_1_244' title='bbox 263 3665 422 3731; x_wconf 88' lang='lat' dir='ltr'>humanas</span> <span class='ocrx_word' id='word_1_245' title='bbox 438 3663 545 3731; x_wconf 90' lang='lat' dir='ltr'>foveri</span> <span class='ocrx_word' id='word_1_246' title='bbox 562 3662 741 3745; x_wconf 90' lang='lat' dir='ltr'>amicitias,</span> <span class='ocrx_word' id='word_1_247' title='bbox 759 3683 799 3729; x_wconf 89' lang='lat' dir='ltr'>ne</span> <span class='ocrx_word' id='word_1_248' title='bbox 815 3663 937 3748; x_wconf 82' lang='lat' dir='ltr'>singuli</span> <span class='ocrx_word' id='word_1_249' title='bbox 955 3682 989 3729; x_wconf 91' lang='lat' dir='ltr'>se</span> <span class='ocrx_word' id='word_1_250' title='bbox 1004 3676 1159 3746; x_wconf 89' lang='lat' dir='ltr'>putantes</span> <span class='ocrx_word' id='word_1_251' title='bbox 1171 3664 1235 3730; x_wconf 90' lang='lat' dir='ltr'>sibi</span> <span class='ocrx_word' id='word_1_252' title='bbox 1248 3664 1327 3747; x_wconf 92' lang='lat' dir='ltr'>ipsis</span> 
     </span>
     <span class='ocr_line' id='line_1_29' title="bbox 154 3773 1328 3860; baseline -0.002 -18"><span class='ocrx_word' id='word_1_253' title='bbox 154 3775 325 3857; x_wconf 89' lang='lat' dir='ltr'>sufficere,</span> <span class='ocrx_word' id='word_1_254' title='bbox 349 3778 413 3843; x_wconf 85' lang='lat' dir='ltr'>hoc</span> <span class='ocrx_word' id='word_1_255' title='bbox 435 3777 507 3860; x_wconf 90' lang='lat' dir='ltr'>ipso</span> <span class='ocrx_word' id='word_1_256' title='bbox 531 3774 745 3842; x_wconf 90' lang='lat' dir='ltr'>redderentur</span> <span class='ocrx_word' id='word_1_257' title='bbox 766 3773 1000 3841; x_wconf 77' lang='lat' dir='ltr'>insociabiles?</span> <span class='ocrx_word' id='word_1_258' title='bbox 1017 3774 1119 3842; x_wconf 90' lang='lat' dir='ltr'>Nunc</span> <span class='ocrx_word' id='word_1_259' title='bbox 1138 3773 1261 3842; x_wconf 85' lang='lat' dir='ltr'>factum</span> <span class='ocrx_word' id='word_1_260' title='bbox 1279 3792 1328 3841; x_wconf 85' lang='lat' dir='ltr'>est</span> 
     </span>
     <span class='ocr_line' id='line_1_30' title="bbox 154 3885 1327 3974; baseline -0.003 -20"><span class='ocrx_word' id='word_1_261' title='bbox 154 3905 192 3956; x_wconf 92' lang='lat' dir='ltr'>ut</span> <span class='ocrx_word' id='word_1_262' title='bbox 222 3909 302 3974; x_wconf 88' lang='lat' dir='ltr'>gens</span> <span class='ocrx_word' id='word_1_263' title='bbox 334 3889 433 3954; x_wconf 91' lang='lat' dir='ltr'>altera</span> <span class='ocrx_word' id='word_1_264' title='bbox 466 3887 598 3954; x_wconf 91' lang='lat' dir='ltr'>alterius</span> <span class='ocrx_word' id='word_1_265' title='bbox 630 3890 797 3972; x_wconf 91' lang='lat' dir='ltr'>suppleret</span> <span class='ocrx_word' id='word_1_266' title='bbox 828 3886 995 3972; x_wconf 90' lang='lat' dir='ltr'>inopiam,</span> <span class='ocrx_word' id='word_1_267' title='bbox 1028 3885 1158 3954; x_wconf 89' lang='lat' dir='ltr'>divinae</span> <span class='ocrx_word' id='word_1_268' title='bbox 1180 3888 1327 3973; x_wconf 82' lang='lat' dir='ltr'>justitiae</span> 
     </span>
     <span class='ocr_line' id='line_1_31' title="bbox 155 3997 1326 4084; baseline -0.001 -20"><span class='ocrx_word' id='word_1_269' title='bbox 155 4000 334 4080; x_wconf 89' lang='lat' dir='ltr'>instituto,</span> <span class='ocrx_word' id='word_1_270' title='bbox 359 4015 396 4066; x_wconf 88' lang='lat' dir='ltr'>ut</span> <span class='ocrx_word' id='word_1_271' title='bbox 421 4021 459 4068; x_wconf 91' lang='lat' dir='ltr'>eo</span> <span class='ocrx_word' id='word_1_272' title='bbox 488 4000 587 4066; x_wconf 93' lang='lat' dir='ltr'>modo</span> <span class='ocrx_word' id='word_1_273' title='bbox 612 3999 719 4084; x_wconf 88' lang='lat' dir='ltr'>(sicut</span> <span class='ocrx_word' id='word_1_274' title='bbox 740 3999 867 4066; x_wconf 92' lang='lat' dir='ltr'>Plinius</span> <span class='ocrx_word' id='word_1_275' title='bbox 889 3997 901 4032; x_wconf 80' lang='lat'><strong>³</strong></span> <span class='ocrx_word' id='word_1_276' title='bbox 924 3997 1047 4084; x_wconf 87' lang='lat' dir='ltr'>dicit),</span> <span class='ocrx_word' id='word_1_277' title='bbox 1071 4000 1162 4082; x_wconf 91' lang='lat' dir='ltr'>quod</span> <span class='ocrx_word' id='word_1_278' title='bbox 1183 3999 1326 4084; x_wconf 88' lang='lat' dir='ltr'>genitum</span> 
     </span>
    </p>
   </div>
   <div class='ocr_carea' id='block_1_3' title="bbox 153 4167 351 4178">
    <p class='ocr_par' dir='ltr' id='par_1_3' title="bbox 153 4167 351 4178">
     <span class='ocr_line' id='line_1_32' title="bbox 153 4167 351 4178; baseline 0.015 -3"><span class='ocrx_word' id='word_1_279' title='bbox 153 4167 351 4178; x_wconf 52' lang='grc' dir='ltr'>Ἦ...-</span> 
     </span>
    </p>
   </div>
   <div class='ocr_carea' id='block_1_4' title="bbox 154 4271 1325 4521">
    <p class='ocr_par' dir='ltr' id='par_1_4' title="bbox 154 4271 1325 4521">
     <span class='ocr_line' id='line_1_33' title="bbox 189 4271 1325 4336; baseline -0.002 -14"><span class='ocrx_word' id='word_1_280' title='bbox 189 4271 198 4304; x_wconf 91' lang='lat'>¹</span> <span class='ocrx_word' id='word_1_281' title='bbox 215 4287 248 4322; x_wconf 86' lang='lat' dir='ltr'>ex</span> <span class='ocrx_word' id='word_1_282' title='bbox 267 4275 433 4324; x_wconf 86' lang='lat' dir='ltr'>conclusione</span> <span class='ocrx_word' id='word_1_283' title='bbox 451 4275 553 4336; x_wconf 90' lang='lat' dir='ltr'>quinta,</span> <span class='ocrx_word' id='word_1_284' title='bbox 569 4274 677 4324; x_wconf 87' lang='lat' dir='ltr'>articulo</span> <span class='ocrx_word' id='word_1_285' title='bbox 695 4274 798 4336; x_wconf 87' lang='lat' dir='ltr'>priore,</span> <span class='ocrx_word' id='word_1_286' title='bbox 815 4272 945 4334; x_wconf 87' lang='lat' dir='ltr'>inprimis</span> <span class='ocrx_word' id='word_1_287' title='bbox 962 4272 1047 4322; x_wconf 85' lang='lat' dir='ltr'>verbis</span> <span class='ocrx_word' id='word_1_288' title='bbox 1066 4283 1090 4320; x_wconf 91' lang='lat' dir='ltr'>et</span> <span class='ocrx_word' id='word_1_289' title='bbox 1109 4284 1173 4331; x_wconf 87' lang='lat' dir='ltr'>quae</span> <span class='ocrx_word' id='word_1_290' title='bbox 1191 4273 1222 4320; x_wconf 91' lang='lat' dir='ltr'>ad</span> <span class='ocrx_word' id='word_1_291' title='bbox 1237 4274 1325 4321; x_wconf 87' lang='lat' dir='ltr'>horam</span> 
     </span>
     <span class='ocr_line' id='line_1_34' title="bbox 154 4362 1324 4428; baseline 0 -16"><span class='ocrx_word' id='word_1_292' title='bbox 154 4365 395 4414; x_wconf 89' lang='lat' dir='ltr'>demonstrationem</span> <span class='ocrx_word' id='word_1_293' title='bbox 418 4377 457 4415; x_wconf 90' lang='lat' dir='ltr'>aut</span> <span class='ocrx_word' id='word_1_294' title='bbox 479 4366 677 4427; x_wconf 88' lang='lat' dir='ltr'>explicationem</span> <span class='ocrx_word' id='word_1_295' title='bbox 695 4365 821 4428; x_wconf 90' lang='lat' dir='ltr'>pertinent</span> <span class='ocrx_word' id='word_1_296' title='bbox 839 4379 895 4425; x_wconf 90' lang='lat' dir='ltr'>cap.</span> <span class='ocrx_word' id='word_1_297' title='bbox 913 4376 995 4415; x_wconf 87' lang='lat' dir='ltr'>sexto.</span> <span class='ocrx_word' id='word_1_298' title='bbox 1030 4362 1040 4397; x_wconf 80' lang='lat'><em>²</em></span> <span class='ocrx_word' id='word_1_299' title='bbox 1058 4363 1083 4411; x_wconf 91' lang='lat' dir='ltr'>in</span> <span class='ocrx_word' id='word_1_300' title='bbox 1100 4376 1124 4412; x_wconf 88' lang='lat' dir='ltr'>c.</span> <span class='ocrx_word' id='word_1_301' title='bbox 1143 4375 1166 4421; x_wconf 84' lang='lat'>7.</span> <span class='ocrx_word' id='word_1_302' title='bbox 1183 4376 1234 4411; x_wconf 89' lang='lat' dir='ltr'>non</span> <span class='ocrx_word' id='word_1_303' title='bbox 1249 4365 1324 4423; x_wconf 78' lang='lat' dir='ltr'>longe</span> 
     </span>
     <span class='ocr_line' id='line_1_35' title="bbox 154 4456 683 4521; baseline 0.008 -19"><span class='ocrx_word' id='word_1_304' title='bbox 154 4469 168 4502; x_wconf 88' lang='lat' dir='ltr'>a</span> <span class='ocrx_word' id='word_1_305' title='bbox 183 4456 324 4517; x_wconf 86' lang='lat' dir='ltr'>principio.</span> <span class='ocrx_word' id='word_1_306' title='bbox 358 4456 476 4517; x_wconf 78' lang='lat' dir='ltr'>³Paneg.</span> <span class='ocrx_word' id='word_1_307' title='bbox 494 4457 532 4519; x_wconf 89' lang='lat' dir='ltr'>(c.</span> <span class='ocrx_word' id='word_1_308' title='bbox 550 4472 589 4520; x_wconf 84' lang='lat'>29.</span> <span class='ocrx_word' id='word_1_309' title='bbox 607 4461 628 4517; x_wconf 76' lang='lat'>§-</span> <span class='ocrx_word' id='word_1_310' title='bbox 646 4456 683 4521; x_wconf 71' lang='grc' dir='ltr'>α.)</span> 
     </span>
    </p>
   </div>
   <div class='ocr_carea' id='block_1_5' title="bbox 0 0 1668 5506">
    <p class='ocr_par' dir='ltr' id='par_1_5' title="bbox 0 0 1668 5506">
     <span class='ocr_line' id='line_1_36' title="bbox 0 0 1668 5506; baseline 0 0"><span class='ocrx_word' id='word_1_311' title='bbox 0 0 1668 5506; x_wconf 95' lang='lat' dir='ltr'> </span> 
     </span>
    </p>
   </div>
  </div>
 </body>
</html>
