3310 5482
458 645 504 691 nu
529 645 621 710 Juuu
648 645 832 692 rutenus.
858 645 940 690 cnr.
965 641 1015 688 vr.
1277 623 1315 686 61

149 827 218 877 sent
234 811 430 894 prohibere,
455 811 538 876 laedi
563 811 704 893 aliquem
728 811 932 894 permiserint
954 814 975 877 ¹.
1021 811 1086 878 Sed
1115 825 1147 876 et
1173 825 1321 878 auctores

149 937 179 987 et
206 923 378 989 auxiliares
413 938 513 1006 agunt
536 922 570 987 vi
596 943 675 1003 sua,
708 923 755 988 illi
786 922 915 1005 quidem
940 921 991 989 sui
1026 921 1152 1004 ipsius,
1185 921 1219 986 hi
1243 942 1321 987 vero

149 1034 282 1100 alterius
317 1033 429 1118 gratia.
474 1034 693 1100 Instrumenta
730 1049 928 1100 autemnon
961 1049 1062 1118 agunt
1093 1032 1233 1113 suavi,
1266 1032 1323 1099 sed

150 1147 218 1230 ejus
249 1145 308 1227 qui
337 1158 449 1211 movet
471 1141 496 1210 ².
544 1145 654 1210 Habet
681 1146 765 1211 enim
792 1144 1041 1210 instrumentum
1065 1144 1220 1210 rationem
1240 1164 1322 1226 quo-

150 1256 322 1322 dammodo
345 1255 466 1338 partis:
489 1275 563 1339 pars
593 1269 698 1321 autem
721 1256 782 1322 toti
809 1255 998 1322 naturaliter
1018 1255 1204 1322 famulatur.
1236 1255 1323 1321 Hinc

150 1386 264 1433 manus
285 1371 402 1452 ὄργανον
425 1369 574 1451 ὀργάνων,
605 1367 697 1449 quasi
726 1367 1015 1434 instrumentorum
1036 1366 1180 1434 omnium
1204 1366 1320 1434 instru-

150 1493 318 1558 mentum,
342 1477 428 1543 unde
449 1474 589 1559 poeta³2

233 1586 346 1654 Arma
375 1593 519 1674 antiqua
552 1611 689 1667 manus,
720 1589 830 1656 dentes
852 1611 1039 1676 unguesque
1054 1588 1214 1673 fuerunt.

191 1699 444 1791 Armavieissim
461 1720 574 1767 manus
589 1701 716 1767 militis.
742 1702 815 1767 Nos
829 1716 934 1768 autem
952 1720 1025 1765 cum
1041 1701 1082 1765 de
1101 1699 1324 1768 instrumentis

153 1810 228 1876 belli
253 1809 435 1893 loquimur,
461 1789 528 1878 non
551 1827 712 1878 tormenta
733 1828 790 1878 aut
809 1811 934 1897 gladios
959 1825 1017 1877 aut
1044 1811 1152 1877 hastas
1170 1813 1324 1877 volumus

154 1920 306 2006 intelligi:
331 1921 392 1988 ista
412 1920 496 1987 enirn
523 1922 562 1987 ad
585 1922 731 2008 justitiae
755 1922 977 2005 quaestionem
996 1943 1108 2004 parum
1144 1921 1324 2004 pertinent:

153 2033 208 2097 sed
237 2032 329 2116 ipsos
355 2032 525 2112 homines,
550 2054 690 2116 quorum
702 2050 816 2116 ‘opera
845 2034 906 2100 sub
937 2034 1073 2099 aliorum
1097 2032 1234 2115 imperio
1265 2048 1324 2099 est.

152 2143 344 2226 Exemplum
363 2143 408 2209 sit
426 2143 458 2208 in
477 2143 590 2226 filim,
613 2145 670 2228 qui
696 2127 899 2212 naturaliter¹
910 2164 984 2226 pars
1012 2144 1169 2226 quaedam
1194 2159 1242 2209 est
1269 2165 1325 2226 pa-

154 2255 233 2335 tris,
258 2275 370 2319 cuma
392 2249 482 2337 patre
502 2257 565 2321 hoc
581 2257 687 2338 ipsum
710 2257 800 2339 quod
821 2271 870 2322 est
887 2255 1055 2338 acceperit.
1078 2255 1124 2320 Et
1141 2254 1174 2320 in
1186 2259 1324 2336 servo⁵‚

153 2385 224 2432 nam
259 2380 292 2430 et
323 2365 377 2430 hie
412 2386 485 2448 pars
521 2367 764 2449 quodammodo
790 2365 914 2433 domini
939 2381 1010 2447 est,
1033 2382 1071 2432 ut
1094 2365 1230 2448 quaevis
1250 2386 1326 2448 pos-

154 2477 267 2543 sessio.
314 2476 397 2542 Nam
428 2476 516 2542 sicut
542 2498 615 2560 pars
648 2499 715 2545 non
744 2492 869 2544 tantum
904 2498 977 2560 pars
1011 2493 1059 2544 est
1084 2477 1188 2542 totius
1215 2477 1323 2542 eadem

154 2587 309 2654 relatione
333 2608 398 2670 qua
429 2603 533 2654 totum
561 2604 610 2655 est
633 2603 739 2655 totum
766 2589 892 2671 partis,
915 2588 974 2655 sed
1002 2589 1066 2655 hoc
1098 2589 1203 2671 ipsum
1236 2589 1325 2671 quod

155 2713 215 2765 est·
235 2698 340 2765 totius
373 2715 445 2780 est,
478 2699 523 2764 ita
555 2701 718 2783 possessio
751 2714 800 2767 est
824 2700 950 2782 aliquid
982 2699 1085 2782 ipsius
1114 2699 1325 2782 possidentis.

154 2809 405 2877 Democritus⁶:
429 2815 619 2896 sinirnensis
641 2815 738 2895 μέρεσι
760 2821 810 2880 τοῦ
830 2815 943 2890 amireos
962 2820 1023 2895 χρῶ
1044 2811 1129 2894 ἄλλῳ
1151 2815 1218 2895 πρὸς
1239 2812 1324 2880 ἄλλο.

156 2921 189 2985 h.
208 2941 235 2986 e.
251 2921 399 3004 famulis
422 2935 593 3006 tamquam
614 2922 769 3006 partibus
793 2924 939 3007 corporis
962 2921 1041 2985 aliis
1057 2919 1325 2986 adaliudutere.

155 3030 226 3096 Nec
262 3033 346 3096 male
380 3031 504 3097 dictum
540 3031 739 3098 Aristoteli⁷
765 3031 922 3112 quosdam
953 3049 1022 3096 esse
1048 3045 1162 3096 natura
1188 3050 1324 3111 servos,

155 3159 219 3207 non
254 3121 333 3225 quia
364 3163 429 3208 non
459 3120 623 3208 hominem
651 3142 744 3209 Deus
778 3141 916 3208 liberum
944 3140 1124 3223 creaverit,
1158 3141 1216 3208 sed
1249 3139 1326 3223 quia

155 3343 346 3356 ——u—-u

189 3459 246 3508 ¹V.
265 3463 296 3509 ad
313 3474 364 3520 reg.
383 3475 405 3509 2.
423 3463 489 3510 Bait.
507 3462 533 3510 in
549 3464 565 3509 l.
581 3474 607 3510 ut
624 3462 685 3510 vim.
705 3463 730 3510 ff.
741 3463 771 3510 dc
780 3461 839 3519 just.
849 3474 874 3510 et
889 3461 952 3519 jure.
973 3462 1017 3524 [D.
1040 3475 1060 3510 1.
1076 3462 1113 3523 3.]
1134 3473 1187 3518 n.7
1207 3473 1231 3508 ct
1242 3464 1266 3508 8.
1276 3463 1326 3525 Jas.

157 3550 191 3597 ib.
207 3564 233 3599 n.
253 3566 293 3613 29.
329 3553 408 3601 Castr.
427 3555 489 3610 ad5.
506 3551 543 3609 jus
560 3553 670 3612 gentium
687 3551 719 3615 [§.
737 3552 764 3616 4]
785 3555 802 3600 l.
824 3567 845 3600 1.
863 3567 894 3600 eo
912 3565 959 3600 tot.
977 3566 1001 3600 n.
1023 3567 1060 3600 10.
1082 3566 1119 3600 ιι.
1142 3566 1178 3600 11.
1213 3553 1278 3599 nare.
1295 3553 1326 3601 ad

158 3642 173 3687 l.
189 3643 285 3690 hostes.
301 3641 327 3688 ff.
351 3643 382 3690 de
401 3655 466 3702 capt.
486 3643 531 3704 [D.
548 3657 588 3704 49.
610 3655 646 3698 15.
666 3643 717 3704 14.]
737 3657 761 3690 n.
779 3657 803 3704 9.
840 3645 894 3690 Inn.
911 3645 942 3691 ad
960 3657 982 3691 e.
1000 3644 1074 3691 sicut.
1092 3644 1123 3690 de
1141 3639 1244 3698 iureiur.
1263 3643 1325 3704 [De-

157 3735 240 3779 cretal.
273 3746 296 3779 2.
322 3745 361 3792 24.
385 3733 437 3794 29.]
464 3745 488 3780 et
515 3733 541 3779 in
566 3747 586 3779 o.
610 3733 680 3780 olim.
707 3734 737 3781 de
762 3745 821 3781 rest.
845 3733 934 3793 spolils
966 3734 1102 3795 [Decretal.
1130 3747 1152 3780 1.
1173 3732 1326 3796 13.12.]et

158 3822 250 3870 ibidem
259 3825 318 3870 Pan.
336 3837 360 3868 n.
382 3835 418 3877 15.
437 3823 499 3871 silv.
517 3823 543 3870 in
553 3839 578 3870 v.
588 3825 685 3871 Bellum
704 3839 727 3871 2.
744 3825 765 3885 §.
784 3828 806 3872 8.
825 3826 915 3872 Thom.
937 3837 957 3871 1.
976 3838 998 3871 2.
1017 3838 1041 3883 q.
1050 3835 1091 3885 47.
1109 3835 1154 3871 art.
1175 3837 1195 3871 1.
1214 3825 1277 3871 Gen.
1290 3837 1327 3884 14.

157 3923 211 3959 toto
226 3926 280 3971 cap.
305 3914 381 3960 Prov.
407 3926 447 3973 24.
468 3926 505 3959 11.
531 3915 570 3961 Ps.
589 3915 629 3961 82.
646 3927 670 3974 4.
705 3915 790 3974 Dynus
809 3914 835 3961 in
853 3929 873 3960 c.
891 3927 942 3960 non
959 3925 996 3962 est
1013 3913 1078 3962 sine.
1103 3913 1241 3974 [Decretal.
1259 3914 1284 3961 in
1303 3915 1326 3971 6,

159 4013 180 4056 5.
207 4016 244 4049 11.
262 4015 314 4062 reg.
336 4002 388 4064 19.]
409 4003 470 4051 silv.
488 4003 514 4050 in
531 4018 556 4051 v.
575 4003 673 4052 Homic.
691 4017 715 4050 n.
736 4017 775 4051 10.
803 4007 858 4052 Son.
879 4016 919 4064 ep.
937 4016 977 4066 95.
1012 4001 1117 4052 ²Arist.
1135 4006 1166 4052 de
1190 4017 1243 4063 rep.
1261 4005 1278 4051 l.
1307 4018 1328 4054 1.

157 4106 217 4154 14.
238 4091 275 4155 [p.
297 4103 369 4150 1253.
387 4107 410 4140 2.
437 4107 474 4141 vs.
502 4105 542 4150 27.
567 4091 634 4155 sqq]
671 4091 1018 4156 3[Ι.1111.1.5.111.1181.]
1064 4093 1110 4141 ⁴l.
1129 4094 1288 4142 eumscimus
1306 4095 1327 4156 §.

163 4194 182 4229 1.
202 4184 232 4229 C.
251 4184 282 4230 de
301 4183 376 4242 agric.
395 4194 419 4231 et
437 4197 505 4232 oens.
532 4183 574 4244 [C.
596 4197 633 4231 11.
652 4196 693 4244 47.
712 4183 756 4244 22]
782 4185 858 4232 Arist.
877 4187 908 4233 de
926 4199 990 4233 mor.
1008 4185 1039 4232 ad
1055 4183 1155 4232 Nicom.
1174 4186 1191 4230 l.
1209 4196 1231 4239 5.
1249 4199 1269 4232 c.
1289 4198 1327 4232 10.

161 4269 197 4333 [p.
221 4285 292 4333 1¹³4·
311 4287 334 4320 2.
350 4287 388 4321 vs.
410 4272 459 4336 ιο]
485 4272 593 4333 Applica
609 4285 641 4321 ex
668 4276 685 4321 l.
712 4276 843 4323 Gracchus.
862 4277 891 4322 C.
909 4278 940 4324 de
956 4277 1032 4323 adult.
1052 4273 1095 4336 [C.
1113 4287 1137 4335 9.
1154 4287 1179 4334 9.
1197 4272 1236 4336 4.]
1272 4277 1327 4320 sen.

159 4373 235 4409 contr.
262 4365 278 4410 l.
309 4376 329 4410 1.
352 4377 377 4422 4.
411 4362 544 4423 ⁵Appliea
567 4377 598 4411 cx
619 4366 635 4411 1.
659 4377 714 4410 cum
740 4367 808 4413 dom.
833 4363 859 4413 ff.
887 4368 918 4414 de
943 4369 966 4413 S.
988 4367 1016 4412 C.
1043 4365 1085 4411 Sil.
1112 4361 1154 4424 [D.
1173 4375 1212 4423 29.
1231 4375 1253 4417 5.
1274 4361 1325 4426 19.]

158 4449 238 4514 ⁶[ap.
254 4453 323 4500 Stob.
350 4452 374 4500 in
394 4453 467 4500 floril.
490 4456 506 4500 l.
532 4453 572 4501 62.
599 4469 623 4502 n.
642 4453 696 4517 45.]
732 4452 791 4503 7de
814 4469 867 4514 rep.
886 4459 902 4502 l.
924 4470 944 4504 1.
962 4471 982 4502 e.
1000 4467 1021 4510 5.
1043 4453 1079 4516 [p.
1101 4466 1170 4514 1254.
1190 4467 1212 4500 2.
1231 4467 1267 4501 vs.
1289 4455 1325 4501 16.

161 4542 225 4607 sm]
