3316 5494
453 621 501 669 nr
523 621 618 688 June
644 594 828 670 runcone.
853 621 933 670 cur.
958 623 992 672 x.
1246 622 1304 690 151

134 783 184 848 cla
199 775 290 863 ipat,
312 775 404 856 nihil
416 797 613 864 quemquam
632 797 673 842 cx
689 775 822 864 pracda
839 778 1128 860 interuersurura,
1147 775 1307 863 sedfidera

21 895 23 904 '
135 890 360 976 rereligione
382 891 587 954 sacramenti
607 901 834 958 seruaturum.
867 888 1051 977 Quoforte
1068 889 1180 958 referri
1199 905 1308 974 potest

135 1000 279 1068 formula
308 1000 524 1087 iurisiurandi
558 1001 645 1084 apud
677 999 857 1068 Gelliuml
886 1021 952 1083 qua
979 1001 1076 1073 militi
1108 1002 1308 1086 imperatur,

135 1133 176 1180 ne
209 1113 417 1195 quid·tollat
449 1113 482 1178 in
514 1111 659 1188 exercitu
681 1111 860 1195 decemque
880 1111 983 1178 millia
1002 1131 1158 1196 passuum
1180 1133 1307 1197 prope,

137 1223 230 1307 quod
247 1223 353 1308 pluris
375 1223 419 1290 sit
435 1224 559 1290 nummi
581 1223 747 1309 argentei,
781 1238 839 1290 aut
859 1223 887 1290 si
910 1224 1101 1307 sustulerit,
1126 1224 1167 1290 ad
1189 1243 1308 1292 consu·

136 1338 199 1404 lem
222 1334 388 1419 proferat,
412 1349 470 1406 aut
493 1335 603 1404 triduo
626 1335 778 1418 proximo
800 1335 1005 1419 profiteatur.
1053 1335 1142 1404 Hinc
1170 1334 1310 1420 intelligi

138 1463 250 1532 potest
270 1448 353 1530 quid
375 1448 441 1529 sit,
468 1448 559 1531 quod
582 1446 929 1517 Modestinus¹dicitt
952 1450 1063 1534 isqui
1077 1448 1244 1536 praedam
1268 1448 1310 1518 ab

138 1559 285 1626 hostibus
317 1563 490 1647 surripuit
514 1557 692 1646 peculatus
722 1572 866 1629 tenetur.
910 1559 1018 1644 Cujus
1041 1558 1105 1629 locl
1134 1560 1188 1628 vel
1211 1556 1310 1627 unico

139 1686 333 1756 argumento
356 1670 468 1738 induci
490 1670 671 1746 debuerant
690 1670 774 1755 juris
803 1670 906 1742 nostri
926 1669 1150 1758 professores,
1181 1684 1220 1744 ut
1242 1688 1311 1736 cre-

138 1783 255 1850 decent
282 1783 432 1866 praedam
453 1782 652 1866 proprietate
672 1782 836 1867 publicam
861 1801 940 1849 esse.
985 1783 1072 1852 Nam
1096 1801 1162 1854 nnn
1186 1796 1234 1851 est
1256 1800 1313 1864 pe·

139 1896 270 1963 culatus
301 1893 365 1961 nisi
397 1894 431 1967 in
463 1914 497 1963 re
528 1894 662 1978 publica
689 1909 746 1963 aut
766 1913 856 1962 sacra
876 1909 933 1962 aut
954 1893 1110 1980 religiosa
1129 1889 1154 1965 ⁸.
1199 1892 1245 1963 Et
1266 1893 1313 1961 sic

140 2005 302 2074 Romanis
325 2005 358 2070 in
386 2006 448 2073 hac
477 2020 568 2089 parte
587 2026 662 2073 cum
686 2005 823 2074 Graecis
845 2006 985 2089 aliisque
1005 2007 1127 2090 optime
1147 2005 1313 2076 convenit.

140 2118 225 2186 Cum
256 2116 357 2203 igitur
386 2117 473 2200 apud
495 2136 607 2184 omnes
628 2115 778 2194 nationes
798 2118 916 2201 praeda
943 2137 1009 2188 non
1029 2117 1149 2201 privati
1174 2117 1231 2184 sed
1252 2138 1314 2200 pu-

142 2211 219 2298 blici
247 2228 332 2313 juris
361 2231 544 2310 habeatur,
569 2228 694 2298 etiamsi
720 2230 784 2296 hoc
814 2228 921 2313 ipsum
950 2249 990 2296 ex
1020 2228 1160 2302 naturali
1189 2228 1315 2298 ratione

141 2341 398 2411 demonstratum
430 2360 496 2406 non
530 2356 638 2422 esset,
673 2356 780 2411 tamen
814 2356 853 2408 ut
883 2343 954 2426 lege
987 2355 1154 2424 receptum
1188 2339 1315 2406 admitti

141 2453 290 2520 debebat.
337 2451 494 2521 Omnium
527 2453 612 2528 enim
642 2452 954 2537 jurisconsultorum
985 2454 1110 2520 calculo
1134 2455 1146 2494 ⁴
1167 2471 1317 2535 compro·

142 2566 254 2632 batum
289 2563 408 2635 estiis
440 2563 480 2630 de
511 2564 631 2646 rebus,
665 2585 749 2647 quae
782 2564 929 2633 nondum
963 2564 1117 2647 cuiquam
1150 2563 1316 2647 quaesitae

141 2691 244 2758 sunt,
277 2675 349 2748 sed,
367 2674 479 2758 quaeri
511 2675 619 2744 cuivis
647 2690 811 2760 possunt,
843 2675 1044 2748 liberrimum
1068 2693 1137 2744 esse
1158 2675 1317 2758 reipubli-

143 2807 197 2856 cae
232 2787 427 2870 arbitrium,
467 2787 512 2856 ita
545 2802 583 2855 ut
616 2787 722 2872 possit
746 2788 827 2862 ,illas
860 2788 915 2854 cui
948 2786 1055 2857 visum
1090 2802 1139 2857 est
1169 2786 1316 2854 addicere

144 2915 200 2972 aut
233 2899 331 2972 etiam
365 2898 428 2968 sibi
465 2899 639 2983 applicare.
697 2899 760 2972 Est
794 2899 879 2966 enim
910 2900 966 2984 jus
1000 2899 1092 2968 istud
1125 2897 1316 2981 acquirendi

143 3030 318 3080 commune
346 3011 608 3095 quodammodo,
642 3010 675 3078 in
697 3011 893 3086 ,communia
920 3026 1028 3078 autem
1055 3011 1110 3095 jus
1140 3025 1190 3082 est
1207 3008 1317 3092 reipu-

144 3123 258 3196 blicae.
303 3123 352 3190 Ita
374 3123 525 3190 videmus
556 3123 704 3207 plurimis
737 3123 770 3188 in
799 3122 881 3202 locis
910 3122 965 3207 jus
997 3120 1151 3205 aucupii,
1174 3120 1318 3212 piscatu-

76 3225 80 3234 ‘
144 3255 220 3316 rae,
255 3234 463 3316 venationis,
506 3235 760 3316 thesaurorum,
796 3233 1026 3305 derelictorum
1061 3247 1093 3300 et
1126 3231 1319 3317 hujusmodi

144 3367 252 3414 rerum
284 3348 474 3418 menolatum
507 3346 548 3412 ad
570 3347 823 3430 rempublicam,
855 3357 888 3413 et
906 3365 924 3410 a
943 3344 1109 3432 republica
1132 3344 1173 3412 ad
1194 3343 1320 3410 Princi-

145 3479 229 3543 pem.
266 3457 410 3524 Omnino
433 3457 535 3542 igitur
553 3458 641 3524 belli
654 3458 784 3545 publici
804 3461 991 3542 susceptrix
1012 3455 1200 3544 respublica
1216 3471 1319 3542 prae·
1332 3484 1410 3550 emp,
1425 3483 1471 3530 rat.

146 3569 223 3636 dam
247 3572 399 3656 acquirit
423 3590 524 3656 usquc
543 3569 591 3636 ad
601 3570 697 3655 juris
719 3571 772 3633 sui
792 3568 1066 3652 satisfactionem.
1101 3566 1167 3633 Sed
1187 3581 1220 3632 et
1240 3537 1455 3656 huicfflf'

146 3681 212 3748 non
235 3680 344 3748 minus
367 3701 464 3763 quam
487 3680 624 3765 privatis
647 3680 726 3747 licet
747 3680 887 3764 alienare
909 3694 1037 3774 etpost
1058 3693 1184 3746 etante
1207 3677 1319 3760 acqui·

145 3792 310 3858 sitionem.
339 3773 418 3860 Post
437 3792 711 3875 acquisitionem,
734 3807 773 3858 ut
791 3812 864 3858 cum
888 3790 1003 3858 emtori
1024 3790 1140 3874 praeda
1163 3811 1181 3856 a
1204 3811 1321 3873 quaes·

147 3918 216 3971 tore
246 3903 409 3971 addicitur
434 3919 492 3970 aut
510 3903 608 3971 alicui
633 3905 793 3986 donatur,
818 3919 857 3970 ut
878 3903 1103 3970 sacerdotibus
1127 3923 1146 3968 a
1167 3902 1319 3984 Dauide,

145 4015 308 4083 militibus
338 4035 355 4081 a
386 4016 524 4096 Caesare
553 4016 734 4096 dictatore,
772 4014 959 4099 imperatori
989 4015 1195 4099 erepublica
1225 4033 1320 4098 saepe
1406 4021 1418 4050 ’

148 4127 282 4194 virtutis
313 4147 400 4212 ergo.
447 4127 522 4194 Hoc
555 4127 653 4194 modo
684 4127 771 4211 capti
807 4149 845 4193 ex
877 4126 1029 4194 hostibus
1057 4126 1124 4212 agri
1157 4125 1322 4194 veteranis

182 4450 232 4500 ι1.
260 4451 298 4502 ι6.
322 4464 347 4499 c.
370 4464 396 4511 4.
430 4448 482 4500 ¹1.
504 4463 564 4512 pen.
590 4453 621 4502 ad
645 4453 662 4502 1.
686 4453 736 4516 Jul.
763 4463 821 4514 pec.
841 4451 884 4514 [D.
903 4454 945 4513 48.
966 4463 1004 4509 1³.
1028 4448 1079 4513 ra]
1116 4445 1162 4496 Ι1.
1183 4462 1204 4500 1·
1223 4461 1265 4499 eo.
1283 4447 1323 4499 tit.

149 4539 160 4573 ⁴
176 4543 282 4592 Coram.
300 4540 326 4590 ln
344 4543 368 4591 d.
386 4555 438 4604 reg.
456 4553 598 4603 peecatum.
615 4557 641 4604 p.
659 4556 683 4605 4.
702 4547 724 4604 ς.
743 4557 766 4593 a.
784 4542 854 4592 circa
872 4540 956 4592 linem.
