3362 5504
466 613 512 658 DE
536 611 630 678 JURE
656 611 841 658 Pannona.
868 611 951 659 CAP·
976 612 1052 659 XIV.
1281 613 1340 676 311

167 771 215 834 ibi
239 771 339 834 socios
363 770 560 853 quaeratis,
597 767 654 830 ubi
678 766 871 852 Saguntina
894 766 1004 832 clades
1026 771 1142 852 ignota
1166 781 1223 832 est.
1270 768 1342 850 Ita,

167 880 248 946 mihi
283 878 428 958 credite,
464 878 537 944 vela
572 877 836 958 Hollandorum,
869 877 914 944 ita
948 880 1107 961 appulsus
1141 878 1213 944 Indi
1249 879 1343 961 quasi

166 990 279 1058 fatales
303 1011 339 1056 ac
362 989 515 1056 funestos
539 989 808 1069 exhorruissent,
842 989 887 1054 ita
909 1005 1082 1056 contactus
1101 989 1191 1072 ipsos
1212 1006 1269 1056 aut
1289 989 1343 1057 fu·

167 1119 280 1189 gerent
308 1101 481 1183 homines,
507 1116 563 1166 aut
588 1100 684 1167 etiam
709 1099 881 1185 fugarent,
902 1101 936 1167 111
949 1101 1058 1168 visum
1083 1117 1167 1167 esset
1188 1103 1261 1168 Deo
1283 1103 1342 1168 Ba-

168 1231 275 1280 tavam
297 1213 452 1279 virtutem
472 1233 530 1295 per
548 1213 714 1295 Europam
736 1233 864 1280 omnem
880 1213 1112 1293 clarissimam,
1137 1214 1237 1280 Asiae
1247 1213 1342 1281 etiam

168 1326 322 1413 gentibus
355 1325 526 1393 ostendere
559 1340 591 1391 et
621 1325 736 1410 ingens
771 1325 846 1390 dare
882 1329 1090 1408 exemplum,
1114 1325 1247 1392 minime
1269 1326 1343 1392 illos

167 1438 298 1522 decipi,
323 1437 381 1520 qui
405 1438 601 1504 Batavorum
625 1436 853 1503 fortitudinem
869 1452 900 1502 et
913 1437 1010 1503 fidem
1022 1458 1098 1520 prae
1110 1438 1343 1505 Lusitanorum

168 1551 306 1636 perfidia
329 1566 361 1616 et
383 1549 504 1615 ferocia
536 1564 730 1632 sequuntur.
778 1549 829 1613 Ac
858 1569 911 1632 me
936 1569 1012 1616 sane
1041 1570 1246 1633 peromnem
1267 1551 1344 1616 belli

168 1664 265 1730 istius
295 1661 487 1741 historiam,
512 1661 604 1743 quod
627 1663 712 1726 ultra
732 1660 933 1727 tricesimum
954 1681 1072 1728 annum
1093 1665 1157 1748 jam
1180 1663 1343 1743 trahitur,

168 1777 259 1842 nulla
294 1774 397 1860 magis
433 1775 581 1856 exempla
616 1774 780 1854 ducunt,
803 1794 900 1856 quam
936 1773 1013 1840 fidei
1048 1774 1192 1841 socialis.
1250 1775 1344 1841 Hanc

168 1889 431 1972 Lugdunenses,
452 1887 608 1953 exhausta
624 1885 717 1952 malis
742 1886 882 1969 civitas,
902 1885 988 1954 inter
1018 1887 1162 1953 hostium
1195 1907 1282 1952 arma
1313 1901 1345 1952 et

170 2000 360 2066 deficientes
379 1999 472 2065 cibos
486 2013 517 2063 et
530 1998 695 2081 quidquid
715 1997 824 2063 cibum
846 2013 971 2082 egestas
993 1998 1138 2079 fecerat,
1151 2015 1257 2065 tamen
1278 2019 1344 2063 non

170 2112 396 2196 prodiderunt.
444 2111 515 2175 Hac
544 2110 626 2176 moti
657 2109 801 2176 vicissim
833 2109 950 2179 caeteri
977 2110 1009 2175 irr
1030 2131 1088 2177 sua
1106 2131 1183 2176 arva
1202 2131 1345 2192 suasque

169 2225 282 2308 fruges
303 2241 460 2288 oceanum
480 2236 692 2288 vocaverunt.
742 2222 830 2286 Haec
851 2237 899 2287 est
919 2241 1003 2304 quae
1014 2222 1168 2306 Angliam
1180 2222 1345 2289 communi

169 2337 280 2402 Marte
305 2333 471 2403 defendit:
496 2335 575 2399 haec
596 2334 706 2399 eadem
729 2333 857 2400 Galliae
874 2334 1034 2400 laboranti
1048 2335 1168 2401 auxilia
1181 2334 1344 2402 submisit.

171 2449 263 2514 Haec
292 2447 381 2512 domi
410 2446 524 2526 utilis,
557 2446 645 2529 apud
667 2445 833 2512 finitimos
857 2447 1016 2527 honesta,
1041 2461 1073 2511 at
1094 2447 1127 2512 111
1147 2447 1265 2513 ultimo
1287 2448 1345 2514 illo

168 2575 326 2625 terrarum
356 2576 487 2624 recessu
515 2558 612 2624 etiam
640 2557 821 2626 necessaria
851 2572 921 2638 est,
946 2558 1003 2625 ubi
1036 2559 1168 2643 ignotos
1191 2575 1264 2626 ante
1282 2561 1346 2627 nisi

170 2693 228 2755 per
256 2671 396 2736 virtutes
424 2669 516 2736 nosci
545 2689 611 2734 11011
639 2669 803 2735 convenit.
849 2670 929 2734 Non
957 2685 1006 2735 est
1035 2670 1167 2752 quidem
1187 2691 1261 2736 cum
1281 2672 1346 2739 illis

170 2783 323 2869 gentibus
345 2781 590 2867 religionis,ue
610 2780 781 2848 foederum
805 2781 936 2863 quidem
959 2781 1119 2861 societas,
1145 2783 1202 2848 sed
1222 2797 1271 2848 est
1291 2783 1346 2849 illa

170 2896 329 2962 naturalis
356 2896 440 2962 inter
460 2894 610 2961 homines
632 2894 862 2975 necessitud0,
889 2909 937 2960 est
958 2894 1053 2959 etiam
1075 2894 1238 2977 peculiare
1258 2916 1346 2962 com·

172 3008 350 3088 mercium,
395 3009 545 3073 columen
578 3007 661 3073 illud
691 3005 891 3090 reipublicae
924 3005 1037 3088 reique
1067 3004 1246 3074 familiaris.
1301 3007 1348 3073 Et

171 3142 248 3188 sane
276 3121 304 3186 si
334 3119 529 3204 sperandum
557 3134 606 3185 est
629 3119 699 3185 lieri
718 3138 835 3202 posse,
860 3133 897 3183 ut
917 3117 1146 3200 resipiscentes
1169 3118 1347 3201 aliquando

173 3232 394 3308 Christianam
425 3231 586 3314 accipiant
618 3230 882 3312 institutionem,
907 3251 973 3296 uon
998 3251 1032 3296 ea
1057 3250 1130 3313 spes
1154 3230 1186 3295 in
1210 3231 1346 3298 excidiis

174 3346 325 3424 urbium,
358 3343 529 3426 suppliciis
564 3345 785 3426 populorum,
811 3343 869 3408 sed
891 3342 967 3408 fidei
993 3356 1025 3408 et
1048 3341 1205 3408 bonitatis
1229 3359 1261 3408 et
1284 3346 1347 3409 cle·

173 3457 313 3523 mentiare
338 3456 494 3538 exemplis
509 3455 571 3520 sita
591 3470 651 3524 111.
695 3455 767 3540 Jam
789 3476 866 3521 vero
886 3455 913 3520 si
934 3455 1170 3521 Lusitanorum
1190 3475 1230 3520 ex
1248 3457 1347 3521 altera

174 3585 264 3653 parte
289 3567 454 3654 ingenium
480 3566 696 3650 respicimus,
727 3567 804 3649 quis
828 3583 901 3648 est,
925 3567 983 3649 qui
1007 3586 1123 3651 negare
1146 3566 1252 3649 possit
1274 3566 1348 3634 illos

173 3680 310 3748 summis
332 3680 528 3754 batavorum
553 3678 721 3760 beneficiis
742 3679 836 3745 etiam
856 3694 933 3763 post
951 3679 1086 3764 injurias
1101 3679 1256 3745 invitatos
1268 3679 1347 3744 adeo

173 3793 257 3864 nihil
269 3792 431 3859 remisisse
445 3811 484 3858 ex
496 3790 599 3857 veteri
614 3791 766 3864 saevitia,
790 3806 827 3856 ut
840 3791 895 3858 illa
907 3791 976 3874 ipsa
989 3791 1135 3856 bonitate
1147 3810 1212 3857 non
1225 3790 1258 3856 in
1271 3811 1348 3856 con-

77 3914 81 3920 '
173 3919 311 3978 temtum
334 3904 450 3981 mod0‚
474 3902 531 3968 sed
551 3902 583 3967 111
597 3902 739 3984 perfidos
752 3903 848 3968 etiam
863 3918 1000 3969 conatus
1012 3903 1110 3969 toties
1123 3903 1347 3968 abuterentur:

174 4017 219 4083 ita
242 4031 280 4082 ut
302 4035 369 4082 non
391 4013 512 4085 frustra
545 4015 842 4097 praestantissimus
871 4015 1028 4081 historiae
1051 4029 1166 4080 auctor
1186 4019 1195 4052 ¹
1216 4014 1347 4080 affirma-

174 4129 282 4208 verit,
316 4127 391 4194 illos
421 4125 620 4210 praecipue,
655 4127 713 4208 qui
745 4129 834 4196 nulla
867 4127 906 4192 de
940 4147 1037 4192 causa
1064 4126 1207 4209 aliquem
1230 4125 1348 4210 injuria

173 4253 419 4323 provocarunt,
458 4237 559 4306 nullis
601 4253 715 4320 postea
754 4237 933 4304 benefactis
974 4238 1138 4322 mitigari,
1172 4237 1349 4319 quominus

208 4499 215 4530 ¹
236 4500 352 4558 Thucyd.
371 4499 416 4546 lib.
437 4511 459 4554 3.
481 4495 517 4560 [c.
536 4510 577 4558 40.
597 4495 715 4560 11111111]
