3326 5506
362 633 423 694 228
675 645 721 692 nn
745 645 837 711 June
865 643 1049 693 runcone.
1073 644 1153 691 car.
1178 643 1242 691 xn.

360 799 508 884 undique
540 799 754 866 excludimur.
799 798 890 886 Quin
917 813 949 864 et
979 797 1028 865 illi
1057 799 1115 882 qui
1145 813 1302 866 terrarum
1332 800 1445 866 orbem
1467 799 1535 865 cir·

360 911 524 980 cumvecti
547 925 643 990 sunt,
663 925 769 977 totum
793 909 854 975 sibi
868 929 1025 976 oceanum
1046 911 1264 993 acquisivisse
1283 911 1412 977 dicendi
1425 926 1532 977 erunt.

361 1024 425 1089 Sed
454 1041 549 1090 nemo
572 1021 677 1090 nescit
697 1040 812 1088 navem
834 1041 891 1104 pet
912 1041 999 1088 mare
1026 1035 1245 1090 transeuntem
1269 1041 1334 1089 non
1355 1024 1431 1105 plus
1448 1022 1533 1107 juris

360 1154 456 1217 quam
486 1133 618 1217 vestigii
649 1127 842 1215 relinquere.
888 1131 1012 1198 Verum
1045 1131 1140 1199 etiam
1170 1135 1261 1216 quod
1284 1132 1346 1199 sibi
1377 1147 1534 1213 sumunt,

360 1246 520 1312 neminem
550 1260 623 1310 ante
656 1244 745 1327 ipsos
766 1264 840 1310 eum
862 1264 1020 1310 oceanum
1043 1245 1236 1330 navigasse,
1261 1245 1295 1312 id
1318 1245 1451 1311 minime
1476 1266 1534 1311 ve-

359 1377 430 1424 rum
462 1373 521 1423 est.
563 1357 687 1440 Magna
714 1355 798 1421 eninr
822 1375 896 1438 pars
915 1357 987 1440 ejus
1008 1357 1048 1422 de
1070 1375 1138 1438 quo
1161 1356 1269 1442 agitur
1288 1356 1386 1423 maris
1408 1357 1535 1422 ambitu
1635 1359 1661 1414 Ν

359 1467 579 1536 Mauritaniae
609 1469 674 1552 jam
705 1468 783 1532 olim
816 1467 968 1552 navigata
991 1482 1041 1532 est
1062 1471 1091 1532 ¹:
1116 1467 1252 1535 ulterior
1272 1469 1355 1534 etin
1374 1468 1534 1534 orientem

359 1600 497 1666 vergens
526 1579 677 1646 victoriis
700 1577 808 1664 magni
833 1578 1013 1644 Alexandri
1036 1580 1174 1644 lustrata
1196 1595 1246 1646 est
1267 1601 1371 1663 usque
1394 1580 1428 1646 in
1451 1581 1536 1645 Ara-

360 1691 469 1758 bicum
492 1691 613 1758 sinum.
661 1689 750 1755 Olim
772 1704 880 1755 autern
901 1691 985 1756 hanc
1004 1690 1245 1775 navigationem
1268 1690 1441 1758 Gaditanis
1462 1711 1535 1774 per·

360 1803 522 1889 cognitam
546 1801 650 1869 fuisse
671 1804 774 1868 multa
795 1815 987 1886 argumento
1000 1815 1094 1868 sunt:
1119 1802 1203 1868 Caio
1215 1803 1369 1881 Caesare,
1386 1803 1536 1887 Augusti

362 1914 452 1996 filio,
477 1915 510 1980 in
528 1913 671 1980 Arabico
694 1912 769 1978 sinu
788 1932 839 1980 res
860 1927 992 1997 gerente
1013 1913 1103 1999 sigua
1124 1913 1257 1980 navium
1279 1933 1318 1978 ex
1337 1913 1538 1997 Hispanien-

361 2026 452 2091 sibus
482 2024 662 2110 naufragiis
694 2023 825 2109 agnita,
859 2038 892 2090 et
914 2025 1005 2108 quod
1025 2023 1161 2092 Caelius
1182 2025 1356 2109 Antipater
1375 2025 1536 2107 tradidit,

360 2137 483 2204 vidisse
514 2157 548 2202 se
576 2136 633 2219 qui
664 2156 703 2202 ex
727 2135 888 2219 Hispania
918 2136 951 2201 in
974 2135 1187 2219 Aethiopiam
1222 2136 1408 2202 commercii
1433 2136 1537 2221 gratia

361 2249 556 2333 navigasset.
603 2247 712 2314 Etiam
741 2247 928 2313 Arabibus:
959 2245 986 2314 si
1011 2266 1126 2314 verum
1157 2261 1206 2313 est
1237 2247 1328 2329 quod
1357 2247 1538 2314 Comelius

360 2359 477 2443 Nepos
509 2359 661 2438 tradidit,
685 2358 863 2424 Eudoxum
895 2358 1067 2442 quemdam
1097 2377 1156 2424 sua
1188 2372 1290 2425 aetate
1310 2379 1383 2424 cum
1408 2359 1537 2444 Lathy-

362 2491 457 2553 rum,
501 2491 609 2557 regem
641 2469 881 2552 Alexandriae,
915 2469 1045 2555 fugeret
1076 2469 1222 2538 Arabico
1255 2469 1330 2537 sinu
1367 2489 1536 2555 egressum

363 2583 474 2649 Gades
508 2601 614 2665 usque
648 2596 847 2665 pervectum.
892 2581 1022 2648 Poenos
1052 2595 1184 2664 autem,
1219 2580 1277 2664 qui
1308 2602 1342 2647 re
1374 2581 1538 2648 maritima

360 2695 539 2779 plurimum
577 2695 777 2775 valuerunt,
821 2713 894 2759 eum
934 2712 1090 2759 oceanum
1127 2711 1194 2759 non
1235 2692 1401 2778 ignorasse
1437 2696 1538 2778 longe

361 2806 576 2873 certissimum
610 2821 680 2885 est,
713 2823 786 2870 cunr
818 2804 938 2870 Hanno
973 2803 1184 2890 Carthaginis
1216 2803 1363 2887 potentia
1395 2804 1538 2870 florente

361 2918 601 2986 circumvectus
631 2937 648 2982 a
682 2915 833 2983 Gadibus
867 2915 908 2981 ad
939 2914 1036 2980 finem
1064 2915 1229 2995 Arabiae,
1252 2915 1537 3001 praetemavigato

361 3029 486 3097 scilicet
508 3027 734 3112 promontorio
758 3027 850 3111 quod
870 3046 957 3092 nunc
975 3027 1083 3093 Bonae
1107 3026 1185 3111 Spei
1208 3027 1330 3092 dicitur
1352 3027 1471 3111 (vetus
1486 3028 1540 3094 vi·

362 3141 457 3207 detur
486 3159 604 3206 nomen
636 3139 821 3223 Hesperion
852 3139 953 3206 Ceras
984 3137 1106 3225 fuisse)
1137 3159 1232 3205 omne
1265 3139 1299 3205 id
1326 3138 1389 3205 iter
1411 3138 1539 3223 scripto

361 3252 552 3333 complexus
587 3251 651 3332 sit,
684 3265 889 3332 testatusque
921 3250 962 3316 ad
991 3250 1143 3323 ultimum
1172 3269 1238 3316 non
1258 3271 1345 3317 mate
1368 3249 1455 3328 sibi,
1479 3251 1540 3317 sed

362 3376 575 3427 commeatum
608 3361 765 3430 defuisse.
820 3361 874 3428 Ab
906 3361 1049 3430 Arabico
1084 3376 1191 3428 autem
1225 3361 1300 3427 sinu
1334 3361 1374 3427 ad
1407 3363 1538 3428 Indiam

361 3473 534 3555 Indicique
557 3473 669 3540 oceani
691 3473 815 3540 insulas
836 3488 869 3539 et
892 3493 1019 3541 auream
1033 3493 1138 3556 usque
1151 3473 1414 3553 Chersonesum,
1436 3493 1538 3556 quam

362 3605 432 3653 esse
460 3585 614 3671 Japanem
648 3585 784 3652 credunt
814 3584 980 3669 plerique,
1015 3573 1111 3651 etiam
1144 3605 1178 3651 re
1214 3584 1363 3650 Romana
1398 3585 1539 3652 florente

361 3697 507 3782 navigari
542 3696 695 3779 solitum,
731 3696 792 3763 iter
818 3717 836 3762 a
864 3695 972 3764 Plinio
996 3693 1007 3729 ²
1030 3695 1251 3779 descriptum,
1284 3695 1466 3781 legationes
1499 3698 1540 3762 ab

362 3808 452 3874 Indis
475 3808 515 3875 ad
527 3809 737 3894 Augustum,
762 3809 803 3874 ad
815 3808 993 3875 Claudium
1017 3807 1112 3874 etiam
1137 3827 1176 3872 ex
1189 3806 1387 3890 Taprobane
1410 3807 1538 3890 insula,

363 3919 479 3985 deinde
514 3934 603 4004 gesta
637 3918 771 4004 Trajani
807 3933 839 3985 et
866 3920 996 3986 tabulae
1028 3917 1206 3986 Ptolemaei
1237 3920 1318 3986 satis
1347 3921 1537 3986 ostendunt.

359 4029 430 4117 Jam
455 4050 515 4097 suo
539 4045 686 4114 tempore
710 4031 829 4097 Strabo
852 4032 864 4068 ⁸
888 4030 1186 4097 Alexandrinorum
1214 4045 1431 4097 mercatorum
1455 4034 1537 4098 clas·

363 4159 428 4208 sem
453 4161 492 4208 ex
516 4140 661 4208 Arabico
685 4141 759 4207 sinu
783 4157 821 4207 ut
841 4142 1039 4226 Aethiopiae
1062 4141 1195 4216 ultima,
1224 4141 1270 4207 ita
1293 4159 1325 4210 et
1346 4142 1459 4209 Indiae
1482 4163 1536 4226 pe-

398 4401 406 4434 ¹
432 4415 464 4450 ex
488 4401 571 4450 Plinio
596 4405 612 4450 l.
638 4416 661 4451 a.
685 4417 708 4451 c.
725 4403 765 4466 ⁶9·
783 4415 807 4452 et
826 4407 843 4452 1.
861 4405 885 4452 ό.
903 4418 925 4453 c.
945 4417 984 4462 ar.
1002 4415 1027 4452 et
1045 4406 1123 4452 Mela.
1142 4407 1159 4454 1.
1178 4417 1201 4462 s.
1221 4405 1256 4467 [c.
1275 4403 1312 4469 9.]
1348 4401 1395 4454 ²1.
1413 4405 1437 4452 ό.
1454 4417 1476 4452 c.
1494 4413 1532 4458 as.

362 4490 409 4540 ⁸1.
427 4507 451 4540 a.
472 4490 509 4556 [p.
530 4504 583 4556 179·
602 4507 623 4541 a.
641 4493 759 4558 casaub]
780 4507 803 4543 er
822 4497 838 4542 l.
859 4508 897 4552 17.
917 4493 955 4558 [p.
976 4507 1047 4556 ¹149·
1066 4494 1101 4556 c.]
