3316 5494
361 652 400 714 86
648 670 695 716 ne
717 671 811 737 June
836 670 1021 720 octenae.
1046 671 1128 720 cxc.
1153 669 1236 717 v111.

359 836 427 886 tum
452 822 559 904 ultio,
590 837 621 888 et
642 847 664 890 a
691 825 891 892 contumelia
922 847 986 892 uon
1013 827 1155 894 multum
1178 822 1293 912 differt
1314 825 1381 888 nisi
1400 820 1531 888 ordine.

360 928 427 1016 Qui
444 933 587 1000 dolorem
607 940 734 1022 regerit
752 949 886 1002 tantum
906 942 1098 1005 excusatius
1116 949 1243 1024 peccat.
1289 935 1450 1022 Quaeque
1468 933 1533 999 alia

358 1059 390 1110 et
414 1044 605 1128 philosophi
624 1043 634 1080 ¹
653 1060 687 1112 et
707 1045 910 1114 Christiani²
925 1065 1036 1116 contra
1056 1048 1215 1115 ultionem
1236 1045 1346 1112 dixere
1368 1044 1433 1110 huc
1456 1063 1532 1127 per·

358 1156 475 1222 tinent.
520 1155 619 1223 Unde
648 1156 769 1224 dicitur
798 1158 1004 1247 Quintiliano
1025 1161 1037 1196 ³
1057 1161 1209 1246 injuriae
1229 1157 1445 1242 compensatio
1466 1176 1534 1220 non

260 1255 264 1262 ’
359 1268 461 1333 solum
475 1269 558 1352 juri
579 1270 718 1334 inimica
740 1267 797 1334 sed
810 1273 902 1355 paci.
948 1271 1013 1337 Est
1036 1275 1121 1338 enim
1146 1270 1222 1351 less,
1239 1267 1378 1353 forum,
1394 1264 1532 1352 judex:

358 1382 425 1444 uisi
453 1400 547 1465 quem
569 1379 653 1462 jure
673 1378 847 1448 uindicari
862 1381 978 1467 pudet.
1022 1382 1112 1448 Idem
1134 1380 1261 1448 scilicet
1290 1378 1345 1444 hic
1370 1376 1534 1454 traditur,

358 1487 449 1572 quod
466 1505 497 1556 et
516 1490 657 1556 Romani
681 1491 891 1574 Imperatoris
920 1493 1077 1577 rescripto
1100 1499 1112 1537 ⁴
1134 1491 1346 1572 continetur,
1379 1493 1482 1555 etiam
1504 1490 1535 1553 si

357 1600 482 1686 aliquis
502 1602 677 1668 sceleribus
700 1605 745 1668 sit
773 1603 978 1689 implicitus,
998 1604 1123 1671 idcirco
1146 1602 1355 1687 judiciorum
1384 1603 1534 1686 uigorem

349 1713 509 1798 jurisque
529 1713 661 1800 publici
692 1715 834 1781 tutelam
857 1718 894 1780 io
912 1714 1016 1781 medio
1037 1735 1101 1781 esse
1120 1717 1362 1793 constitutam,
1384 1733 1423 1776 ue
1441 1714 1534 1796 quis-

357 1846 458 1910 quam
481 1826 545 1890 sibi
569 1829 634 1911 ipsi
647 1828 846 1911 permittere
864 1826 994 1894 caleret
1014 1826 1183 1892 ultionem.
1215 1824 1262 1891 Et
1280 1821 1532 1890 Theodericus·

359 1936 391 2000 in
415 1935 558 2002 eamdem
580 1935 773 2002 sententiam
784 1959 791 2000 ε
804 1937 894 2002 Hinc
911 1951 959 2003 est
976 1935 1066 2024 quod
1083 1935 1191 2025 legum
1209 1948 1345 2022 reperta
1364 1947 1411 1999 est
1431 1952 1535 1998 sacra

358 2050 572 2128 reuerentia,
603 2060 641 2112 ut
672 2047 902 2130 ottilonem,
933 2049 1024 2115 nihil
1033 2053 1175 2135 proprio
1199 2059 1361 2134 ageretur
1376 2043 1535 2130 impulsu.

359 2157 405 2222 Et
424 2171 530 2224 tamen
551 2173 693 2240 quatuor
709 2159 823 2228 iisdem
842 2179 882 2225 ex
904 2158 1128 2242 causis,quas
1148 2179 1235 2224 nunc
1252 2155 1442 2242 attigimus,
1463 2157 1535 2222 bel·

359 2269 427 2333 lum
445 2268 523 2334 oriri
538 2269 683 2354 justum,
705 2271 797 2352 quod
816 2285 923 2337 tamen
943 2271 1107 2354 privatum
1127 2270 1190 2351 sit,
1207 2272 1272 2356 jam
1295 2270 1390 2335 ante⁸
1406 2266 1535 2334 anobis

360 2381 616 2447 demonstratum
646 2396 705 2446 est.
751 2379 892 2464 Oportet
922 2381 1023 2467 igitur
1050 2383 1155 2468 legem
1181 2399 1299 2447 nonam
1323 2394 1355 2448 et
1377 2378 1536 2446 duodeci-

360 2512 444 2557 mam
464 2511 589 2557 cessare
610 2491 772 2558 interdum
795 2508 852 2558 aut
863 2492 1100 2577 potiussopiri.
1121 2492 1212 2560 Facit
1229 2507 1336 2557 autem
1359 2492 1422 2556 hoc
1439 2491 1536 2576 juxta

360 2603 441 2688 legis
469 2601 609 2670 decimae
629 2603 743 2669 tertiae
771 2623 916 2671 normam
938 2604 1136 2686 necessitas,
1155 2603 1335 2670 secundum
1356 2604 1444 2688 leges
1465 2601 1536 2687 dig-

361 2715 486 2781 niores:
516 2734 601 2798 quae
628 2729 698 2781 tum
726 2734 797 2782 esse
819 2714 1014 2800 intelligitur
1036 2736 1110 2781 cum
1131 2716 1171 2782 ad
1192 2715 1458 2796 consequendum
1480 2713 1536 2799 jus
1644 2699 1645 2704 ἵ

362 2841 508 2893 nostrum
528 2825 653 2912 judicia
675 2824 843 2892 deficiunt.
888 2826 1060 2913 Quatenus
1083 2825 1167 2893 enim
1189 2827 1251 2893 ista
1270 2825 1429 2891 deficiunt
1450 2840 1537 2891 eate-

300 2955 350 3003 us.
362 2958 425 3006 nus
447 2939 519 3018 vis,
540 2939 604 3006 hoc
634 2952 685 3004 est
705 2937 832 3021 privata
859 2937 1038 3004 secundum
1068 2952 1214 3004 naturam
1237 2937 1424 3012 exsecutio,
1446 2937 1537 3021 justa

364 3065 413 3117 est
431 3049 455 3117 ⁷.
502 3049 709 3132 Simulatque
730 3070 809 3115 vero
830 3049 942 3116 haberi
964 3064 1120 3133 possunt,
1141 3063 1179 3115 ut
1204 3050 1245 3116 ad
1260 3050 1347 3134 leges
1370 3047 1535 3127 diximus,

232 3182 301 3228 Nova
316 3180 353 3247 310-
364 3163 473 3228 omnia
492 3162 566 3246 jura
587 3161 707 3244 pariter
729 3160 931 3228 observanda
950 3175 1040 3228 sunt.
1085 3161 1278 3227 Notandum
1308 3181 1388 3228 vero
1409 3175 1460 3226 est
1481 3160 1536 3226 de·

233 3237 340 3282 ‘Imm'
365 3272 488 3338 fectum
509 3271 626 3357 judicii
658 3272 819 3338 interdum
849 3287 1133 3355 momentaneum,
1157 3273 1318 3339 interdum
1342 3271 1435 3354 quasi
1458 3290 1537 3337 con·

365 3383 493 3450 tinuum
515 3403 584 3450 esse
598 3383 620 3449 ⁸.
666 3383 919 3450 Momentaneus
947 3399 996 3451 est
1014 3403 1089 3450 cum
1122 3385 1214 3450 salvo
1242 3385 1316 3469 jure
1344 3397 1459 3450 nostro
1486 3403 1538 3450 res
1642 3421 1643 3453 s

366 3517 434 3563 eant
457 3496 645 3564 dilationem
668 3515 736 3562 non
755 3496 902 3579 patitur,
923 3516 1007 3578 quae
1031 3496 1071 3561 ad
1088 3494 1250 3580 judicium
1263 3494 1441 3561 neccssaria
1452 3509 1502 3562 est
1512 3492 1536 3560 ⁹.

364 3609 509 3676 Primum
540 3607 641 3692 igitur
670 3627 709 3674 eo
739 3627 816 3675 casu
841 3609 881 3673 ad
910 3606 1134 3674 defensionem
1167 3621 1333 3684 nostram,
1356 3620 1395 3672 ut
1416 3606 1538 3672 Baldus

365 3721 449 3787 dixit
467 3719 515 3803 ¹⁰,
535 3734 662 3786 tantum
680 3718 790 3802 dicet,
814 3733 973 3801 quantum
1002 3718 1141 3802 expedit.
1188 3719 1286 3784 Vitae
1312 3717 1398 3783 enim
1422 3717 1537 3783 discri-

368 3911 562 3926 ..pu———ae

400 4028 407 4060 ¹
425 4031 496 4078 Plato
515 4027 578 4076 Crit.
600 4028 638 4090 [p.
657 4041 699 4091 49.
720 4028 759 4092 b.]
782 4027 882 4076 Arrian.
901 4027 986 4088 Epict.
1002 4029 1019 4076 1.
1039 4041 1063 4076 t.
1075 4040 1101 4078 c.
1120 4041 1159 4077 to.
1192 4023 1538 4076 ²Lactant.1nstit.l.6.c.
1640 4025 1641 4036 ¹

368 4123 405 4169 18.
439 4118 579 4169 ³Declam.
599 4132 637 4177 13.
660 4120 750 4181 [Lugd.
771 4121 824 4168 Bat.
843 4119 915 4174 1665.
937 4133 963 4179 p.
983 4131 1038 4180 190.
1053 4119 1132 4180 med]
1167 4117 1312 4166 ⁴1.nu11us
1331 4118 1361 4165 C.
1379 4117 1537 4180 deJudaeis.

366 4212 409 4272 [C.
426 4224 446 4258 1.
463 4225 487 4273 9.
505 4210 556 4272 14.]
575 4211 649 4259 Adde
667 4212 682 4257 1.
699 4223 720 4267 5.
737 4210 763 4258 ff.
780 4212 843 4260 adl.
861 4211 948 4270 Aquil.
966 4210 1010 4272 [D.
1024 4224 1048 4272 9.
1064 4209 1100 4271 2.]
1122 4220 1147 4257 et
1164 4211 1180 4257 l.
1198 4211 1244 4257 ult.
1262 4209 1292 4258 0.
1309 4210 1340 4257 de
1360 4206 1466 4256 malefic.
1493 4209 1539 4270 [C.

365 4302 497 4364 9.18.9.]
532 4299 677 4350 ⁶cassiod.
694 4302 752 4350 Var.
770 4303 787 4348 1.
802 4314 826 4362 4.
844 4314 887 4361 ep.
906 4314 945 4350 10.
977 4299 1051 4348 θαι-ι.
1070 4313 1091 4348 1.
1109 4314 1134 4361 q.
1156 4300 1180 4348 6.
1214 4297 1307 4348 'Bata
1325 4300 1356 4348 de
1376 4311 1485 4360 repress.
1506 4301 1539 4348 ad
1639 4347 1640 4364 ἢ

365 4407 417 4442 sec.
430 4407 455 4440 n.
469 4393 493 4440 6.
502 4390 582 4448 cajet.
597 4393 628 4440 ad
644 4395 734 4440 summ.
748 4393 838 4440 Thom.
851 4405 875 4440 a.
890 4405 913 4440 2.
929 4405 954 4452 q.
970 4392 1012 4440 66.
1026 4402 1070 4439 art.
1087 4394 1110 4439 8.
1125 4391 1178 4450 ibi,
1193 4404 1225 4440 ex
1238 4391 1319 4440 dictis·
1329 4401 1412 4439 autem
1425 4401 1505 4450 patet.
1521 4393 1538 4438 l.

365 4485 504 4544 quemadm.
521 4487 543 4542 5.
562 4497 582 4532 1.
595 4482 621 4532 ff.
637 4485 668 4532 ad
683 4485 699 4531 1.
717 4482 804 4544 Aquil.
820 4483 864 4545 [D.
879 4497 903 4546 9.
917 4497 939 4531 α.
955 4481 1006 4545 au]
1043 4482 1054 4514 ⁸
1071 4484 1139 4532 Bald.
1154 4483 1215 4530 adl.
1235 4496 1256 4530 1.
1274 4484 1303 4530 C.
1320 4483 1387 4530 unde
1403 4481 1430 4530 vi
1450 4482 1495 4543 [C.
1514 4485 1536 4530 8.

366 4575 402 4636 4]
415 4574 523 4624 maxime
537 4587 562 4624 n.
577 4577 615 4633 ³8·
630 4586 654 4623 et
670 4587 712 4636 40.
737 4573 748 4606 ⁹
766 4575 826 4624 silv.
842 4574 868 4622 in
885 4590 910 4623 v.
921 4576 1027 4623 Bellum.
1044 4587 1069 4622 n.
1083 4586 1108 4630 3.
1122 4572 1248 4634 ibi‚unde
1258 4572 1327 4623 dico.
1345 4571 1367 4607 ¹⁰
1384 4573 1410 4621 in
1420 4574 1444 4623 d.
1454 4575 1503 4634 leg.
1517 4587 1538 4621 1.
