3316 5494
362 591 423 656 150
684 594 732 642 DE
755 593 850 660 Juxta
874 591 1059 640 PRAEDAB.
1083 592 1165 642 CAP.
1189 595 1225 640 X.

357 762 451 832 capta
491 761 600 816 essent
641 763 767 829 castra,
808 747 957 832 praedam
1001 745 1222 816 vendiderunt
1261 747 1539 835 diviseruntque,

357 859 487 927 donatis
507 879 647 942 quorum
670 879 768 944 opera
789 858 895 928 fuerat
915 860 1100 946 singularis.
1145 858 1276 928 Acilius
1299 873 1393 944 capta
1419 860 1540 928 Lamia

356 971 475 1055 partim
495 970 632 1054 divisit,
655 971 772 1056 partim
790 971 941 1039 vendidit
961 971 1126 1056 praedam.
1152 971 1216 1038 Cn.
1238 971 1386 1038 Manlius
1405 974 1416 1014 ¹
1434 969 1538 1040 victis

357 1081 606 1168 Gallograecis,
636 1083 851 1152 concrematis
885 1103 925 1151 ex
958 1083 1106 1152 Romana
1129 1080 1364 1182 superstitione
1386 1084 1537 1152 hostium

356 1192 470 1273 armis,
494 1207 650 1262 caeteram
677 1194 828 1277 praedam
858 1191 1007 1262 conferre
1035 1213 1148 1263 omnes
1168 1193 1269 1280 jussit
1289 1209 1322 1260 et
1341 1207 1398 1260 aut
1418 1194 1539 1264 vendi·

356 1304 428 1387 dit,
448 1305 539 1388 quod
559 1305 631 1390 ejus
653 1305 686 1372 in
708 1305 879 1390 publicum
901 1305 1114 1390 redigendum
1135 1320 1204 1374 erat
1217 1303 1252 1387 ²,
1269 1319 1326 1372 aut
1342 1323 1416 1372 cum
1434 1325 1536 1390 cura,

355 1431 394 1484 ut
416 1437 513 1500 quarn
540 1415 737 1500 aequissima
758 1430 862 1497 esset,
880 1437 939 1501 per
963 1417 1085 1486 milites
1109 1415 1235 1486 divisit.
1264 1417 1387 1484 Paulus
1407 1417 1420 1454 ⁸
1441 1417 1536 1484 victo

354 1529 473 1596 Perseo
505 1529 610 1613 spolia
625 1529 762 1613 jacentis
784 1527 946 1596 exercitus
965 1526 1133 1612 peditibus
1155 1527 1335 1607 concessit,
1359 1528 1535 1610 equitibus

355 1641 504 1724 praedam
532 1640 732 1727 circumjecti
762 1640 847 1726 agri:
877 1657 955 1708 mox
986 1639 1139 1709 confecto
1170 1642 1259 1708 bello
1288 1640 1461 1726 pecuniam
1483 1661 1536 1710 re·

355 1752 440 1837 giam
464 1771 504 1820 ex
526 1752 693 1836 triumpho
723 1750 757 1818 in
789 1751 947 1820 aerarium
976 1752 1067 1820 tulit.
1114 1751 1166 1818 Ex
1203 1752 1257 1820 his
1283 1773 1367 1835 quae
1387 1733 1537 1822 diximus

355 1877 488 1947 apparet
517 1863 667 1947 praedam
697 1864 771 1948 jure
805 1864 957 1933 Romano
990 1862 1155 1948 publicam
1188 1884 1276 1932 csse:
1316 1865 1535 1950 dispensatio-

354 1993 427 2040 nem
454 1975 525 2061 eJ'us
546 1974 795 2060 imperatoribus
818 1977 1028 2061 permissam,
1061 1974 1106 2043 ita
1128 1991 1235 2044 tamen
1259 1992 1296 2044 ut
1323 1976 1352 2044 si
1377 1978 1555 2046 commis·

355 2105 427 2152 sum
453 2086 517 2154 sibi
537 2087 706 2156 arbitrium
725 2088 760 2156 in
781 2109 848 2155 rem
869 2094 960 2156 suada
982 2087 1205 2155 fraudulenter
1225 2089 1363 2158 traxisse
1381 2088 1534 2158 diceren-

354 2213 433 2281 tur,
456 2199 583 2285 legibus
606 2201 830 2286 subjacerent:
854 2201 945 2283 quod
966 2214 1056 2284 patet
1085 2201 1127 2266 L.
1159 2199 1324 2284 Scipionis
1356 2202 1532 2284 exemplo,

355 2311 415 2394 qui
439 2310 610 2378 damnatus
637 2326 686 2380 est
707 2312 879 2396 peculatus
905 2312 1054 2397 iudicio,
1086 2327 1125 2378 ut
1151 2313 1305 2378 Valerius
1329 2311 1534 2382 Maximus·

355 2436 514 2503 testatur,
546 2422 784 2508 quadringenta
816 2422 985 2508 octoginta
1006 2423 1129 2509 argenti
1149 2425 1226 2508 plus
1247 2422 1408 2508 accepisse
1432 2443 1533 2506 quam

353 2532 387 2598 in
418 2532 578 2600 aerarium
609 2533 795 2602 retulisset:
819 2534 968 2617 itemque
987 2554 1124 2617 eorum,
1150 2553 1236 2618 quos
1259 2551 1357 2618 supra
1378 2533 1533 2602 nomina·

352 2643 462 2712 vimus
494 2643 685 2712 ambitiosae
717 2644 901 2731 largitionis
931 2665 1016 2714 reos.
1074 2646 1126 2712 M.
1159 2646 1253 2714 etiam
1287 2646 1372 2712 Cato
1402 2645 1437 2712 in
1459 2665 1534 2712 ora·

353 2756 443 2824 tione
467 2775 564 2840 quam
594 2756 633 2824 de
645 2756 779 2844 praeda
809 2757 963 2842 scripsit,
994 2749 1245 2826 vehementibus
1267 2770 1367 2840 atque
1389 2756 1532 2822 illustri·

352 2869 416 2935 bus
450 2867 563 2938 verbis
596 2870 636 2936 de
672 2869 866 2954 impunitate
899 2871 1093 2954 peculatus,
1129 2883 1167 2934 ut
1196 2868 1306 2952 inquit
1337 2867 1472 2936 Gellius
1494 2867 1531 2950 ⁸,

351 2995 451 3063 atque
483 2980 616 3048 licentia
648 2995 849 3065 conquestus
881 2995 942 3049 est.
987 2980 1087 3048 Unde
1120 2981 1204 3047 illud
1238 2979 1391 3046 affertur:
1417 2980 1529 3046 Fures

345 3096 564 3180 priuatorum
589 3092 771 3178 furtorum
803 3097 840 3158 in
872 3113 990 3161 neruo-
1008 3105 1111 3178 atquc
1144 3090 1348 3178 compedibus
1381 3104 1529 3158 aetatem

351 3216 478 3289 agunt,
494 3204 597 3286 sures
622 3203 754 3290 publici
783 3207 820 3269 in
849 3225 935 3270 auro
962 3217 1065 3290 atquc
1081 3218 1257 3291 purpura.
1303 3203 1392 3271 Idem
1414 3207 1426 3243 ⁸
1448 3203 1530 3270 alibi

350 3312 495 3380 dixerat:
518 3317 646 3380 mirari
674 3334 707 3378 sc
735 3313 861 3381 audere
883 3336 1079 3402 quemquam
1105 3328 1207 3401 capta
1233 3313 1315 3380 bello
1345 3318 1445 3401 signa
1462 3329 1530 3401 pro

350 3423 552 3510 supellectile
580 3422 669 3490 domi
697 3438 860 3494 statuere.
903 3415 954 3494 Ut
984 3442 1017 3493 et
1045 3426 1143 3494 Verri
1167 3425 1324 3492 invidiam
1353 3427 1530 3509 peculatus

349 3551 448 3620 auget
467 3534 625 3618 Cicero²,
649 3536 740 3619 quod
763 3536 893 3623 signum
914 3538 1103 3606 sustulisset
1126 3551 1158 3604 et
1179 3536 1310 3620 quidem
1330 3551 1463 3621 captum
1485 3537 1528 3604 de

349 3647 468 3731 praeda
485 3646 644 3715 hostiurn.
690 3647 785 3716 Sicut
804 3664 911 3716 autem
932 3649 1143 3733 imperatores
1166 3649 1211 3716 ita
1230 3663 1263 3716 et
1281 3648 1401 3716 milites
1424 3665 1527 3731 pecu-

349 3759 434 3824 latus
453 3760 672 3841 tenebantur‚
696 3759 754 3843 qui
777 3761 926 3844 praedam
949 3781 1016 3828 non
1036 3760 1250 3830 detulissent:
1275 3759 1397 3844 quippe
1419 3778 1526 3826 sacra-

348 3883 458 3954 mento
489 3890 600 3938 ornnes
630 3871 866 3958 adigebantur,
899 3886 982 3939 teste
1011 3871 1154 3958 Polybio
1175 3867 1211 3954 ⁸,
1242 3875 1384 3956 περὶτοῦ
1412 3875 1526 3955 μηδένα

236 3997 244 4020 ·
347 3984 527 4070 νοσφίζεσθαι
544 3987 632 4066 μηδὲν
650 3993 705 4052 τῶν
724 3986 757 4051 ἐκ
773 3995 826 4063 τῆς
844 3989 1022 4070 διαρπαγῆς,
1040 3988 1125 4055 inst
1143 3995 1236 4068 captiv
1253 3986 1306 4061 risu
1326 3986 1423 4051 πίστιν
1442 3987 1526 4052 κατὰ

381 4310 465 4360 ¹le.
482 4312 499 4360 l.
518 4323 558 4370 37.
577 4311 614 4374 [c.
632 4312 669 4374 3.]
705 4309 837 4362 ¹1ren11.
856 4316 897 4371 38.
917 4312 953 4376 [c.
971 4313 1026 4378 33]
1062 4314 1242 4378 ⁸1.iv.l.44.
1262 4313 1369 4380 [aaa]
1407 4313 1451 4364 ⁴1.
1465 4327 1489 4374 s.
1499 4330 1522 4390 c·

348 4415 371 4462 3.
389 4414 414 4452 et
430 4401 488 4452 Liv.
504 4404 522 4451 l.
540 4405 580 4460 38.
600 4398 637 4467 [c.
655 4402 708 4466 33]
743 4401 754 4434 ⁵
771 4405 790 4452 1.
807 4417 846 4453 rr.
860 4418 884 4456 c.
904 4407 942 4454 ιθ.
976 4406 1147 4458 ‘Priscianus
1163 4406 1224 4456 citat
1238 4409 1256 4455 l.
1274 4419 1298 4468 7.
1317 4407 1353 4470 [e.
1374 4422 1412 4472 ¹9·
1424 4410 1447 4468 5.
1463 4406 1519 4472 ps]

347 4490 359 4527 ⁷
374 4493 401 4544 in
417 4495 488 4544 Verr.
504 4495 529 4544 6.
545 4494 575 4558 [l.
593 4507 618 4556 4.
634 4506 657 4543 c.
671 4506 712 4554 33.
730 4497 856 4546 secundae
874 4493 1006 4560 actionis]
1039 4495 1051 4530 ⁸
1068 4501 1086 4548 l.
1103 4511 1142 4550 ro.
1161 4497 1197 4562 [e.
1218 4496 1269 4564 ro]
