3326 5506
355 608 417 674 232
654 610 701 656 DE
724 609 817 676 JURE
843 608 1028 656 PRAEDAE.
1053 611 1135 658 CAP.
1160 611 1226 658 xll.

245 850 252 862 1
355 777 512 843 quantum
530 763 601 848 ejus
621 783 728 830 rerum
744 762 964 847 spiritualium
977 763 1153 832 necessitas
1171 764 1329 846 requirit,
1341 763 1404 830 ista
1421 775 1527 827 autem

354 872 394 937 de
424 873 546 955 quibus
574 893 662 941 nunc
686 874 835 960 agimus,
859 894 945 940 mare
974 873 1100 940 scilicet
1126 890 1158 941 et
1178 876 1233 960 jus
1255 873 1455 959 navigandi,
1479 873 1529 936 lu·

355 1003 444 1050 crum
471 999 503 1050 et
532 1000 707 1068 quaestum
729 1005 877 1066 merum,
901 1005 967 1051 non
987 985 1118 1068 pictatis
1139 986 1307 1072 negotium
1330 983 1530 1068 respiciant,

354 1094 448 1176 sequi
477 1096 600 1162 nullam
629 1096 746 1163 bacin
773 1116 808 1161 re
838 1094 940 1162 fuisse
962 1094 1053 1162 illius
1074 1110 1280 1179 potestatem.
1325 1095 1419 1184 Quid
1440 1094 1531 1178 quod

353 1224 394 1270 ne
413 1205 583 1289 Principes
603 1207 756 1289 quidem,
779 1207 843 1274 hoc
864 1221 914 1272 est
934 1206 1058 1273 domini
1070 1210 1286 1291 temporales,
1307 1222 1449 1291 possunt
1461 1207 1530 1272 ullo

353 1318 452 1384 modo
472 1338 490 1384 a
517 1317 726 1404 navigatione
749 1317 891 1401 aliquem
923 1317 1121 1401 prohibere,
1145 1340 1219 1384 cunr
1244 1318 1273 1385 si
1296 1319 1389 1402 quod
1409 1319 1532 1383 habent

350 1430 405 1513 ius
426 1428 459 1493 in
481 1429 584 1510 mari,
607 1428 642 1495 id
661 1429 705 1495 sit
723 1444 849 1496 tantum
871 1428 1111 1514 jurisdictionis
1132 1449 1168 1496 ac
1188 1428 1432 1512 protectionis?
1458 1426 1533 1494 Eti-

354 1560 403 1605 am
433 1539 517 1607 illud
545 1539 753 1608 notissimum
785 1555 835 1607 est
863 1541 952 1624 apud
979 1559 1116 1622 omnes,
1140 1541 1182 1607 ad
1210 1562 1247 1606 ea
1268 1540 1418 1608 facienda
1447 1559 1528 1623 quae

353 1671 427 1718 cum
447 1653 518 1736 lege
539 1665 674 1718 naturae
695 1665 866 1737 pugnant,
888 1653 1012 1718 nullam
1037 1669 1108 1718 esse
1131 1653 1236 1734 Papae
1256 1651 1485 1718 auctoritatem
1508 1656 1527 1714 ¹.

351 1764 482 1847 Pugnat
501 1777 609 1829 autem
629 1783 703 1829 curn
724 1764 795 1848 lege
813 1777 966 1846 naturae,
991 1777 1030 1828 ut
1046 1782 1133 1828 mare
1153 1776 1211 1828 aut
1229 1761 1299 1846 ejus
1321 1778 1418 1826 usum
1440 1759 1528 1842 quis·

355 1892 452 1954 quam
483 1874 600 1939 habeat
629 1873 692 1940 sibi
724 1873 914 1958 proprium,
948 1887 986 1940 ut
1012 1875 1078 1958 jam
1109 1872 1189 1940 satis
1220 1870 1527 1939 demonstravimus.

353 1983 438 2050 Cum
470 1984 614 2066 denique
641 1985 696 2070 jus
727 2005 823 2051 suum
856 1984 985 2051 auferre
1014 1983 1113 2051 alicui
1142 1985 1227 2067 Papa
1248 1981 1380 2048 minime
1401 1982 1528 2066 possit,

353 2094 518 2179 quaeerit
539 2094 616 2161 facti
637 2095 734 2162 istius
755 2094 920 2174 defensi0‚
946 2095 976 2162 si
998 2110 1049 2163 tot
1068 2097 1210 2179 populos
1234 2094 1461 2174 immerentes,
1481 2092 1527 2157 in·

352 2208 544 2287 damnatos,
575 2205 731 2273 innoxios
762 2208 802 2274 ab
836 2228 874 2273 eo
901 2210 999 2293 jure,
1031 2207 1122 2290 quod
1149 2208 1190 2273 ad
1220 2206 1309 2288 ipsos
1331 2224 1398 2270 non
1421 2204 1528 2270 minus

345 2337 449 2408 ‘quam
479 2317 519 2382 ad
547 2318 713 2401 Hispanos
743 2317 949 2401 pertinebat,
974 2337 1041 2384 uno
1074 2319 1175 2384 vcrbo
1195 2316 1305 2384 voluit
1327 2313 1525 2382 excludere?

352 2431 426 2494 Aut
455 2428 556 2514 igitur
586 2429 760 2496 dicendum
787 2444 859 2510 est,
882 2431 1005 2496 nullam
1025 2448 1094 2494 esse
1114 2428 1182 2495 vim
1202 2427 1363 2512 ejusmodi
1382 2446 1528 2510 pronun·

351 2539 499 2608 tiationis
529 2553 608 2620 aut,
634 2539 724 2621 quod
754 2559 819 2604 non
851 2540 960 2606 minus
983 2539 1138 2605 credibile
1160 2553 1232 2619 est,
1255 2559 1329 2604 eum
1356 2535 1528 2604 Pontificis

353 2651 495 2719 animum
526 2650 653 2732 fuisse,
688 2665 727 2717 ut
756 2650 1015 2717 Castellanornm
1049 2664 1082 2715 et
1113 2649 1347 2716 Lusitanorum
1380 2649 1468 2714 inter
1494 2666 1527 2712 se

352 2761 520 2830 certamini
550 2761 764 2829 intercessum
786 2761 953 2844 voluerit,
978 2761 1115 2828 aliorum
1145 2774 1251 2826 autem
1279 2759 1347 2846 juri
1367 2759 1453 2827 nihil
1474 2759 1528 2825 de·

351 2873 527 2940 minutum.

394 2984 557 3052 Ultimum
581 2983 765 3067 iniquitatis
785 2982 1002 3066 patrocinium
1024 2983 1057 3048 in
1075 2982 1331 3066 praescriptione
1352 2983 1439 3049 solet
1460 3000 1527 3046 csse

349 3112 407 3164 aut
430 3087 698 3164 consuetudine.¹
724 3095 770 3162 Et
799 3097 865 3162 huc
897 3094 997 3180 igitur
1018 3095 1171 3161 Lusitani
1194 3115 1229 3160 se
1253 3092 1447 3160 conferunt:
1471 3091 1529 3158 sed

351 3191 531 3290 utrumque
558 3207 623 3272 illis
655 3205 853 3289 praesidium
885 3205 1065 3272 certissima
1095 3206 1180 3290 juris
1216 3204 1299 3270 ratio
1333 3201 1527 3286 praecludit.

350 3317 438 3383 Nam
467 3317 681 3401 praescriptio
704 3338 722 3382 a
742 3318 815 3402 iure
845 3333 895 3384 est
923 3316 1038 3399 civili,
1064 3317 1150 3382 unde
1175 3319 1286 3384 locum
1309 3316 1430 3380 habere
1461 3332 1527 3378 nou

351 3442 460 3512 potest
489 3428 574 3494 inter
603 3446 696 3512 reges
727 3441 784 3492 aut
815 3427 901 3493 inter
925 3429 1067 3511 populos
1089 3428 1209 3493 liberos
1231 3424 1263 3492 ²:
1287 3428 1393 3492 multo
1418 3439 1527 3490 autem

350 3539 458 3606 minus
485 3538 543 3604 ubi
560 3539 622 3623 ius
649 3553 784 3605 naturae
808 3551 865 3604 aut
888 3537 1034 3623 gentium
1056 3538 1202 3618 resistit,
1227 3537 1319 3619 quod
1337 3539 1411 3621 jure
1436 3533 1528 3601 civili

350 3670 478 3733 semper
503 3649 645 3717 validius
668 3663 727 3715 est.
772 3648 864 3736 Quin
888 3649 1011 3732 etipsa
1034 3651 1086 3714 lex
1106 3649 1215 3716 civilis
1237 3646 1527 3731 praescriptionem

350 3761 405 3827 hic
436 3760 571 3845 impedit
598 3768 620 3827 ⁸.
666 3760 815 3842 Usucapi
838 3760 922 3826 enim
942 3774 1000 3826 aut
1022 3760 1278 3844 praescriptione
1301 3757 1430 3840 acquiri
1452 3777 1529 3840 pro-

350 3872 528 3952 hibentur,
561 3891 645 3953 quae
675 3869 828 3936 inbonis
855 3889 925 3936 esse
957 3890 1024 3936 non
1056 3887 1197 3955 possunt
1226 3868 1258 3935 ⁴:
1295 3869 1414 3948 deinde
1443 3887 1527 3950 quae

358 4109 539 4122 ——n-n-

384 4259 472 4308 ¹si1v.
497 4259 523 4308 in
547 4275 573 4308 v.
597 4263 670 4322 Papa.
695 4275 719 4309 n.
741 4263 779 4310 16.
814 4260 919 4322 ¹Vasq.
938 4277 961 4312 c.
981 4277 1020 4318 51.
1054 4263 1184 4313 ⁸Donell.
1203 4267 1219 4312 l.
1239 4275 1261 4319 5.
1280 4266 1380 4313 Comm.
1400 4278 1423 4312 c.
1442 4277 1481 4312 aa.
1499 4275 1524 4309 et

349 4364 402 4410 seq.
436 4349 447 4380 ⁴
472 4352 489 4398 l.
514 4353 558 4400 sed
583 4353 680 4401 Celsus.
705 4354 731 4400 ff.
754 4356 785 4403 de
810 4365 879 4402 cont.
907 4367 965 4402 emt.
985 4356 1029 4416 [D.
1050 4357 1088 4403 18.
1109 4370 1129 4403 ι.
1147 4355 1183 4419 6.]
1204 4358 1220 4403 l.
1239 4356 1433 4416 usucapionem.
1450 4355 1475 4402 ff.
1492 4355 1524 4401 de

349 4454 452 4502 usucap.
479 4441 522 4504 [D.
544 4455 585 4502 41.
611 4454 633 4499 s.
657 4443 693 4505 9.]
