3326 5506
324 602 386 644 200
634 603 680 648 uu
703 602 796 668 June
823 601 1005 648 annania.
1030 601 1111 648 cna.
1137 600 1186 646 xr.

324 753 460 821 dimittit
491 756 658 839 donatque
689 756 785 822 armis
809 771 841 821 et
863 768 1066 834 commeato,
1099 773 1140 820 ne
1160 751 1354 818 beneficium
1375 751 1445 815 ulla
1464 748 1497 814 in

324 880 413 948 parte
435 867 641 934 claudicaret.
688 868 771 952 Spes
795 883 862 933 erat
885 866 1035 950 quamvis
1056 865 1145 932 feros
1169 865 1295 930 animos
1318 855 1418 946 posse
1441 858 1499 926 tali

324 980 472 1061 exemplo
492 980 653 1046 emendari
682 979 869 1061 mollirique
906 994 938 1044 et
967 978 1080 1044 induci
1104 976 1273 1055 vicissim,
1299 976 1391 1040 utin
1416 973 1500 1037 Am-

324 1089 485 1156 bonenses
514 1091 704 1158 clementius
734 1092 965 1170 consulerent,
999 1109 1074 1154 cum
1102 1087 1246 1154 victores
1274 1083 1389 1151 batavi
1419 1081 1501 1165 ipsis

324 1214 388 1265 tam
408 1203 584 1268 clementer
609 1215 833 1284 temperarent.
880 1200 947 1266 Sed
975 1199 1068 1266 aliter
1087 1199 1228 1279 cecidit,
1253 1213 1285 1262 et
1303 1199 1380 1280 plus
1401 1213 1501 1276 quam

323 1312 422 1394 periit
452 1314 515 1378 boc
547 1312 742 1380 beneficium
772 1311 860 1395 apud
890 1310 1040 1378 homines
1064 1309 1313 1392 iniquissimos,
1337 1306 1397 1389 qui
1423 1305 1501 1372 sim-

322 1423 501 1506 plicitatem
534 1424 707 1491 stultitiam
743 1439 774 1489 et
798 1422 991 1490 modestiam
1015 1421 1226 1489 timiditatem
1247 1434 1378 1487 vocant.
1404 1418 1501 1483 Prae-

323 1550 470 1617 terquam
491 1535 592 1620 igitur
611 1535 704 1618 quod
721 1534 805 1600 nihil
817 1534 1026 1618 impetratum
1039 1548 1111 1616 est,
1135 1534 1200 1600 hoc
1213 1531 1310 1598 etiam
1323 1528 1501 1596 audentius

324 1648 445 1712 scelera
463 1647 757 1726 continuaverunt,
773 1646 865 1729 quod
882 1645 967 1712 nihil
987 1665 1020 1712 se
1040 1663 1107 1711 non
1128 1644 1260 1728 impune
1279 1645 1406 1709 laturos
1426 1654 1503 1724 post

324 1773 449 1825 tantum
483 1757 725 1825 misericordiae
760 1757 925 1840 specimen
960 1755 1174 1824 confiderent.
1223 1755 1289 1821 Sed
1321 1767 1501 1836 postquam

179 1881 248 1924 Anno
262 1878 310 1926 eod·
324 1869 357 1935 in
392 1869 545 1936 Ambona
577 1870 642 1954 jam
675 1883 707 1934 et
737 1868 922 1952 rapinarum
956 1883 989 1934 et
1020 1865 1225 1933 crudelitatis
1257 1865 1392 1931 materia
1426 1863 1502 1929 illos

323 1979 462 2046 deficere
492 1995 666 2064 coeperat,
699 1995 822 2063 septem
856 1998 930 2046 cum
963 1979 1104 2046 navibus
1138 1977 1265 2043 bellicis
1299 1991 1333 2042 et
1363 1974 1505 2060 galeotis

324 2106 466 2174 quatuor
490 2106 522 2156 et
544 2091 712 2158 caracollis
735 2091 863 2173 aliquot
886 2091 926 2156 ad
950 2090 1103 2157 Maciana
1125 2093 1289 2174 pergunt,
1303 2106 1402 2154 unam
1423 2087 1505 2152 Mo·

322 2206 500 2270 luctarum.
524 2203 677 2269 Saevitur
696 2202 731 2268 in
749 2201 897 2268 homines
916 2201 1130 2279 eruciatibus,
1154 2200 1188 2265 in
1208 2219 1303 2283 agros
1321 2198 1502 2277 vastitate,

325 2314 358 2380 in
370 2313 466 2380 aedes
478 2313 647 2382 incendiis.
671 2314 761 2380 Urbs
773 2313 891 2393 etiarn,
905 2313 1032 2380 insulae
1044 2327 1163 2395 caput,
1177 2310 1332 2377 Tabosos
1345 2309 1504 2389 nomine,

325 2424 577 2492 incendentibus
607 2425 776 2492 Lusitanis
797 2425 882 2490 sedit
905 2424 938 2490 in
962 2424 1098 2490 cineres.
1145 2423 1209 2488 Est
1232 2437 1340 2488 autem
1364 2421 1504 2487 Macian

326 2556 400 2601 cum
433 2535 658 2621 adjacentibus
690 2535 806 2604 insulis
830 2535 863 2600 in
886 2535 1013 2601 ditione
1035 2535 1121 2620 regis
1146 2531 1381 2612 Ternatensis,
1407 2532 1507 2616 cujus

328 2667 365 2712 eo
398 2661 543 2730 tempore
574 2647 714 2730 plurima
744 2647 778 2713 in
809 2660 938 2731 gentem
970 2646 1167 2713 Batavorum
1199 2643 1358 2710 beneficia
1393 2657 1506 2709 erant:

321 2739 412 2840 'quae
444 2777 540 2825 causa
562 2757 733 2826 Lusitanis
764 2757 830 2824 irae
861 2757 1046 2840 incolisque
1076 2755 1223 2824 miseriae
1256 2754 1334 2821 fuit.
1388 2756 1507 2836 Atque

328 2869 407 2935 adeo
421 2884 499 2936 tunc
511 2870 608 2936 etiam
628 2892 646 2936 e
665 2873 766 2936 classe
778 2868 976 2952 Wolphardi
987 2867 1081 2934 navis
1091 2887 1154 2934 una
1167 2915 1179 2949 ,
1190 2866 1324 2932 minima
1335 2866 1506 2944 omnium,

328 2981 520 3065 Trajectum
548 2981 700 3061 nomine,
732 3000 806 3045 cum
834 2981 942 3045 celoce
971 2978 1162 3063 negotiandi
1191 2997 1287 3044 causa
1309 2977 1400 3060 apud
1422 2977 1507 3043 Ter-

328 3107 436 3158 natam
468 3093 663 3159 morabatur.
710 3090 958 3169 Maciauenses‚
993 3104 1030 3154 ut
1054 3090 1114 3171 qui
1137 3087 1352 3155 defendendis
1374 3089 1508 3155 civibus

330 3218 545 3286 comparatam
558 3202 781 3268 meminissent
792 3201 913 3285 regiam
926 3200 1133 3286 dignitatem,
1157 3200 1297 3266 veniunt
1307 3199 1507 3278 Ternatarn,

329 3317 450 3383 adeunt
467 3313 651 3396 Principem
672 3332 790 3393 suum,
814 3313 987 3378 obsecrant
1006 3327 1044 3377 ut
1063 3327 1190 3395 ereptas
1215 3311 1308 3377 sedes
1329 3311 1508 3392 restituat,

258 3407 261 3414 ¹
330 3440 387 3493 aut
418 3425 524 3492 tutius
559 3423 695 3506 aliquod
728 3424 855 3491 miseris
887 3424 1076 3509 perfugium
1098 3423 1279 3508 largiatur.
1327 3424 1403 3488 Rex
1438 3423 1510 3490 suis

331 3535 478 3603 subsidio
498 3533 815 3619 prosectusBatavos
835 3535 946 3613 etiam,
967 3555 1166 3617 quamquam
1184 3555 1298 3618 parum
1316 3533 1351 3600 in
1363 3535 1509 3602 navibus

329 3649 388 3715 vix
422 3647 550 3714 duabus
584 3647 741 3714 adversus
774 3661 877 3712 totam
913 3647 1046 3712 classem
1081 3646 1195 3711 auxilii
1230 3660 1324 3727 erat,
1368 3660 1409 3711 ut
1444 3645 1509 3712 sibi

330 3757 480 3824 adessent
506 3772 627 3824 exorat.
672 3755 770 3821 Vecti
802 3756 939 3840 propius
970 3756 1084 3824 vident
1115 3757 1332 3826 miserabilem
1364 3755 1508 3823 insulam

330 3870 492 3934 lucentem
508 3865 735 3947 incendiis,et
753 3886 829 3931 mox
849 3868 1003 3934 acerrimo
1025 3888 1099 3934 cum
1112 3869 1237 3952 impetu
1260 3883 1396 3934 ruentes
1416 3869 1452 3934 in
1474 3887 1507 3936 se

330 3975 521 4043 Lusitanos.
569 3976 749 4043 Creverant
770 3977 853 4043 enim
876 3978 941 4044 illis
962 3977 1075 4062 animi,
1099 3980 1177 4061 quia
1198 3999 1272 4045 cum
1296 3979 1393 4046 Indis
1418 3999 1508 4047 com-

331 4087 448 4152 missos
476 4107 511 4151 se
540 4086 718 4168 videbant,
753 4108 893 4170 quorum
922 4103 1077 4156 centenos
1109 4090 1167 4156 vix
1196 4090 1338 4176 singulis
1369 4110 1507 4157 suorum

331 4199 438 4264 solent
459 4215 662 4279 componere.
697 4199 817 4265 Partim
839 4215 946 4265 tamen
970 4201 1169 4268 Batavorum
1191 4201 1362 4282 consiliis,
1387 4203 1506 4285 partim

332 4309 463 4374 illorum
492 4306 737 4393 indignatione,
770 4311 827 4394 qui
861 4326 964 4378 tantas
998 4311 1133 4396 injurias
1156 4329 1348 4396 acceperant
1373 4328 1406 4379 et
1431 4314 1506 4396 quia

334 4417 421 4485 vinci
444 4438 538 4499 posse
561 4419 739 4489 Lusitanos
766 4403 960 4490 Batavorum
992 4422 1122 4491 fortuna
1150 4426 1216 4510 jam
1242 4425 1338 4491 fidem
1364 4424 1504 4504 fecerat,
