3326 5506
462 611 509 656 ns
533 611 627 678 Juus
653 593 837 658 sunnone.
864 585 944 682 cau,
970 614 1022 658 xr.
1270 615 1326 677 191

158 763 268 830 inulti.
293 764 394 852 Quod
414 784 493 830 vero
515 751 604 830 nunc
628 764 732 830 dicam
755 769 888 846 nesel0,
912 785 952 832 an
975 785 1041 832 non
1055 767 1151 832 etiam
1165 768 1331 834 crudelius

158 875 219 952 sit,
235 876 397 942 Undecim
421 876 585 957 reliquos,
612 896 751 957 quorum
775 876 901 941 scilicet
919 896 1005 942 mors
1025 879 1220 944 occultanda
1240 895 1328 959 erat,

156 1007 203 1052 ne.
227 988 347 1070 prioris
375 987 415 1053 ad
443 989 585 1071 legatum
615 987 776 1052 mendacii
809 988 1099 1068 convincerentur,
1135 1006 1173 1054 ut
1205 991 1329 1056 intuitu

158 1099 254 1164 etiam
284 1113 317 1164 et
344 1098 568 1165 misericordia
597 1096 766 1164 hominum
797 1097 1003 1178 fraudarent,
1035 1103 1133 1166 noem
1161 1101 1267 1167 media
1297 1102 1330 1166 in

158 1209 244 1276 idem
268 1209 352 1275 illud
375 1209 490 1286 littus,
514 1209 547 1274 in
571 1209 662 1290 quod
685 1224 860 1292 conspecto
883 1210 973 1292 pacis
996 1210 1091 1296 signo
1115 1213 1330 1291 advenerant,

157 1321 289 1387 vinctos
308 1321 496 1404 producunt
518 1337 551 1386 et
571 1320 659 1386 saxis
683 1335 837 1386 oneratos
860 1321 893 1386 in
917 1341 1002 1388 mare
1025 1325 1237 1404 provolvunt.
1284 1326 1332 1390 At

159 1432 230 1513 illi,
264 1431 352 1497 sicut
385 1432 542 1497 credibile
566 1446 636 1514 est,
665 1452 738 1497 cum
760 1432 825 1516 jam
850 1432 995 1498 ultimam
1019 1436 1168 1500 tellurem
1190 1436 1331 1517 pedibus

159 1546 344 1623 calcarent,
370 1559 427 1610 aut
460 1543 544 1610 inter
576 1544 680 1610 undas
710 1543 914 1610 semianimes
937 1547 1167 1624 volverentur,
1199 1565 1266 1612 non
1295 1561 1332 1612 ut

158 1655 259 1722 vitam
280 1655 488 1736 obtinerent,
514 1675 596 1736 quae
616 1655 733 1720 merito
757 1637 887 1720 cunctis
906 1655 1095 1722 dulcissima
1115 1672 1184 1736 est,
1208 1677 1272 1722 nou
1295 1672 1332 1724 ut

158 1769 272 1834 saltem
301 1767 423 1849 optima
443 1767 475 1832 in
496 1767 598 1850 patria
626 1769 806 1852 conjugum
827 1767 1032 1848 liberumque
1051 1768 1202 1836 manibus
1220 1784 1330 1835 tumu-

157 1882 320 1958 larentur,
343 1878 401 1944 sed
423 1898 525 1943 unum
549 1879 612 1944 hoc
634 1878 805 1944 deficiente
822 1877 887 1962 jam
908 1878 1045 1960 spiritu,
1068 1899 1109 1944 ne
1128 1879 1186 1945 diu
1199 1865 1330 1946 'tantum

159 1991 267 2054 scelus
298 1991 432 2071 lateret,
458 1989 683 2056 inclamabant.
730 1989 872 2055 Audiuit
894 1989 1010 2070 Deus,
1039 1990 1193 2057 audivere
1217 2007 1248 2057 et
1271 1993 1332 2058 ho-

157 2101 273 2166 mines.
319 2103 367 2166 Ac
399 2101 539 2183 primurn
573 2102 725 2168 Sinenses
756 2116 873 2168 nautae
898 2117 1039 2182 quatuor
1062 2102 1253 2168 Bantamum
1277 2104 1331 2168 ad-

158 2211 327 2277 uenientes
361 2212 494 2291 omnia,
528 2227 565 2277 ut
597 2211 684 2278 facta
717 2227 830 2293 erant,
866 2213 1137 2279 renuntiaverunt
1167 2235 1238 2280 cum
1261 2215 1332 2282 aliis

158 2323 296 2404 multis,
317 2339 387 2388 tum
409 2323 589 2406 Lacmoni,
614 2344 709 2406 quem
736 2339 809 2390 ante
831 2324 1095 2406 nominavimuS,
1121 2326 1247 2391 bomini
1271 2327 1331 2392 im-

158 2434 272 2517 primis
291 2435 427 2517 potenti.
463 2436 521 2501 Ille
543 2436 682 2500 Batavos
706 2435 860 2516 edocuit,
886 2451 917 2501 et
934 2435 1032 2500 simul
1045 2435 1129 2502 fama
1141 2458 1199 2520 per
1215 2438 1344 2522 Javam'

158 2565 338 2629 omnesque
370 2546 469 2612 Indos
501 2546 656 2612 latissime
688 2562 839 2630 evagata:
875 2547 933 2612 ubi
957 2548 1040 2614 illud
1062 2549 1327 2633 vulgatissimum

160 2673 249 2740 erat,
275 2657 433 2739 quosdam
457 2658 697 2724 Hollandorum
716 2679 734 2724 a
754 2658 923 2723 Lusitanis
942 2673 1053 2724 contra
1074 2658 1171 2726 fidem
1194 2679 1332 2743 suspen·

162 2769 218 2835 dio
237 2771 303 2855 jam
324 2770 527 2855 destinatos,
553 2790 589 2834 ea
609 2789 691 2834 voce
714 2789 797 2852 quae
821 2769 960 2852 intelligi
982 2785 1118 2852 posset,
1141 2769 1332 2838 Lusitanica

160 2880 339 2961 nimirum,
372 2895 520 2963 precatos
555 2899 713 2946 memores
740 2879 792 2946 sui
824 2879 977 2964 supplicii
997 2883 1181 2963 populares.
1225 2883 1274 2949 Ita
1295 2899 1332 2949 ut

160 2992 233 3058 Indi
274 3012 387 3058 omnes
422 2991 591 3059 atrocitate
622 2990 775 3058 facinoris
810 2990 986 3070 commoti,
1025 3013 1100 3058 cum
1132 2992 1331 3060 Wibrandus

160 3103 357 3170 Warwicius
378 3123 417 3170 eo
439 3103 608 3183 venisset,
632 3102 784 3186 indignos
805 3102 886 3167 caeli
907 3102 1058 3185 lucisque
1082 3120 1215 3186 aspectu
1236 3104 1330 3172 Bata·

159 3235 222 3282 vos
248 3215 413 3296 dicerent,
438 3215 471 3280 ni
496 3216 591 3280 talem
615 3213 785 3296 perfidiam
810 3212 907 3298 digne
931 3214 1176 3282 ulciscerentur.
1201 3217 1275 3284 Nec
1299 3217 1333 3282 id

160 3326 251 3393 satis.
297 3325 433 3392 Testem
465 3327 558 3392 Deus
590 3325 623 3392 in
656 3325 797 3392 Batavos
828 3325 1031 3405 transmisit,
1061 3326 1120 3408 qui
1144 3327 1204 3395 ista
1223 3328 1332 3396 omnia

160 3437 278 3522 partim
301 3437 370 3519 ipse
390 3437 500 3518 vidit,
523 3437 639 3519 partim
662 3457 702 3502 ex
725 3436 805 3520 ipsis
827 3436 994 3504 Lusitanis
1018 3437 1077 3519 qui
1103 3437 1270 3522 fecerant,
1293 3461 1332 3508 ex

161 3549 233 3614 aliis
256 3548 314 3631 qui
337 3547 508 3628 viderant,
532 3548 760 3614 certoauditu
783 3548 939 3631 percepit.
963 3549 995 3615 Is
1015 3563 1087 3629 est,
1113 3569 1210 3632 quem
1234 3551 1332 3618 modo

158 3660 326 3738 dicebam,
351 3660 518 3725 Martinus
541 3658 673 3741 Apius,
699 3659 757 3741 qui
781 3651 867 3724 unus
885 3680 901 3724 e
918 3659 1093 3726 miserabili
1121 3661 1217 3727 turba
1238 3681 1332 3742 prae-

159 3787 208 3836 ter
238 3790 359 3854 pueros
390 3771 475 3837 duos
507 3789 665 3835 annorum
697 3769 941 3853 septendecim,
963 3770 1029 3854 jam
1054 3771 1247 3852 damnatus,
1267 3773 1333 3856 jam

159 3882 367 3964 productus,
401 3881 607 3948 sacerdotum
637 3881 870 3947 Lusitanorum
903 3881 1073 3964 precibus:
1108 3884 1200 3964 quod
1230 3903 1334 3968 genus

161 3993 239 4059 alias
271 3993 402 4060 Batavis
434 3992 694 4059 inimicissimum
726 4007 797 4074 est,
829 4009 867 4059 ut
899 4007 931 4060 et
962 3991 1015 4057 hic
1046 3995 1184 4062 caeleste
1209 3994 1333 4060 benefi-

161 4105 248 4170 cium
279 4103 374 4169 liceat
402 4123 597 4188 agnoscere:
621 4123 688 4170 non
712 4117 883 4186 servatus,
908 4104 966 4169 sed
990 4119 1096 4172 tamen
1119 4105 1241 4172 dilatus
1270 4119 1331 4170 est.

161 4217 341 4282 Malaccam
375 4215 449 4280 inde
474 4229 505 4280 et
528 4216 676 4281 Malacca
698 4214 805 4282 Goam
827 4216 992 4296 mittitur,
1017 4216 1074 4282 ubi
1098 4236 1170 4280 cum
1188 4216 1333 4284 'reniten-

164 4328 254 4393 tibus
276 4326 399 4392 frustra
421 4326 666 4410 magistratibus
687 4348 704 4391 a
724 4327 872 4409 praeside
890 4327 990 4394 vitam
1011 4327 1233 4409 impetrasset,
1258 4348 1333 4410 pro·

165 4436 271 4505 fectus
296 4437 329 4502 in
353 4436 580 4518 Lusitaniam,
606 4437 745 4522 IlaJ'onae
768 4438 801 4505 in
821 4439 986 4504 Callaecia
1010 4457 1136 4504 rursum
1158 4438 1332 4504 detinetur.
