<?xml version="1.0" encoding="UTF-8"?>
<!DOCTYPE html PUBLIC "-//W3C//DTD XHTML 1.0 Transitional//EN"
    "http://www.w3.org/TR/xhtml1/DTD/xhtml1-transitional.dtd">
<html xmlns="http://www.w3.org/1999/xhtml" xml:lang="en" lang="en">
 <head>
  <title>
</title>
<meta http-equiv="Content-Type" content="text/html;charset=utf-8" />
  <meta name='ocr-system' content='tesseract 3.04.00' />
  <meta name='ocr-capabilities' content='ocr_page ocr_carea ocr_par ocr_line ocrx_word'/>
</head>
<body>
  <div class='ocr_page' id='page_1' title='image "./ledroitdeprised01hamagoog_0202.png"; bbox 0 0 3326 5506; ppageno 0'>
   <div class='ocr_carea' id='block_1_1' title="bbox 368 616 1227 696">
    <p class='ocr_par' dir='ltr' id='par_1_1' title="bbox 368 616 1227 696">
     <span class='ocr_line' id='line_1_1' title="bbox 368 616 1227 696; baseline -0.002 -20"><span class='ocrx_word' id='word_1_1' title='bbox 368 616 428 677; x_wconf 82' lang='lat'><strong>180</strong></span> <span class='ocrx_word' id='word_1_2' title='bbox 675 629 722 675; x_wconf 82' lang='lat' dir='ltr'><strong>nr.</strong></span> <span class='ocrx_word' id='word_1_3' title='bbox 745 629 839 696; x_wconf 82' lang='lat' dir='ltr'><strong>Junr</strong></span> <span class='ocrx_word' id='word_1_4' title='bbox 865 629 1047 676; x_wconf 69' lang='lat' dir='ltr'><strong>antenna.</strong></span> <span class='ocrx_word' id='word_1_5' title='bbox 1074 629 1154 676; x_wconf 78' lang='lat' dir='ltr'><strong>cnr.</strong></span> <span class='ocrx_word' id='word_1_6' title='bbox 1179 629 1227 674; x_wconf 89' lang='lat' dir='ltr'><strong>xr.</strong></span> 
     </span>
    </p>
   </div>
   <div class='ocr_carea' id='block_1_2' title="bbox 362 782 1648 1869">
    <p class='ocr_par' dir='ltr' id='par_1_2' title="bbox 362 782 1648 1869">
     <span class='ocr_line' id='line_1_2' title="bbox 365 782 1538 866; baseline -0.004 -15"><span class='ocrx_word' id='word_1_7' title='bbox 365 785 491 851; x_wconf 90' lang='lat' dir='ltr'><strong>animus</strong></span> <span class='ocrx_word' id='word_1_8' title='bbox 512 783 729 864; x_wconf 84' lang='lat' dir='ltr'>abhorrebat,</span> <span class='ocrx_word' id='word_1_9' title='bbox 752 783 937 866; x_wconf 90' lang='lat' dir='ltr'><strong>pracsertim</strong></span> <span class='ocrx_word' id='word_1_10' title='bbox 961 803 1035 849; x_wconf 89' lang='lat' dir='ltr'><strong>cnm</strong></span> <span class='ocrx_word' id='word_1_11' title='bbox 1060 784 1172 849; x_wconf 91' lang='lat' dir='ltr'><strong>eodem</strong></span> <span class='ocrx_word' id='word_1_12' title='bbox 1194 782 1284 848; x_wconf 89' lang='lat' dir='ltr'><strong>facto</strong></span> <span class='ocrx_word' id='word_1_13' title='bbox 1307 796 1339 848; x_wconf 91' lang='lat' dir='ltr'><strong>et</strong></span> <span class='ocrx_word' id='word_1_14' title='bbox 1359 783 1482 865; x_wconf 89' lang='lat' dir='ltr'><strong>praeda</strong></span> <span class='ocrx_word' id='word_1_15' title='bbox 1501 801 1538 846; x_wconf 85' lang='lat' dir='ltr'><strong>ex</strong></span> 
     </span>
     <span class='ocr_line' id='line_1_3' title="bbox 365 894 1539 979; baseline -0.003 -18"><span class='ocrx_word' id='word_1_16' title='bbox 365 896 496 963; x_wconf 90' lang='lat' dir='ltr'><strong>Batavis</strong></span> <span class='ocrx_word' id='word_1_17' title='bbox 527 911 559 962; x_wconf 93' lang='lat' dir='ltr'><strong>et</strong></span> <span class='ocrx_word' id='word_1_18' title='bbox 588 895 728 979; x_wconf 88' lang='lat' dir='ltr'><strong>pretium</strong></span> <span class='ocrx_word' id='word_1_19' title='bbox 752 916 770 960; x_wconf 91' lang='lat' dir='ltr'><strong>a</strong></span> <span class='ocrx_word' id='word_1_20' title='bbox 793 895 963 960; x_wconf 89' lang='lat' dir='ltr'><strong>Lusitanis</strong></span> <span class='ocrx_word' id='word_1_21' title='bbox 996 909 1192 979; x_wconf 82' lang='lat' dir='ltr'><strong>speraretur.</strong></span> <span class='ocrx_word' id='word_1_22' title='bbox 1238 895 1382 959; x_wconf 86' lang='lat' dir='ltr'><strong>Primum</strong></span> <span class='ocrx_word' id='word_1_23' title='bbox 1420 894 1539 958; x_wconf 77' lang='lat' dir='ltr'><strong>elicere</strong></span> 
     </span>
     <span class='ocr_line' id='line_1_4' title="bbox 364 1005 1538 1090; baseline -0.006 -15"><span class='ocrx_word' id='word_1_24' title='bbox 364 1027 506 1088; x_wconf 87' lang='lat' dir='ltr'><strong>merces,</strong></span> <span class='ocrx_word' id='word_1_25' title='bbox 530 1008 570 1075; x_wconf 91' lang='lat' dir='ltr'><strong>ad</strong></span> <span class='ocrx_word' id='word_1_26' title='bbox 592 1027 625 1074; x_wconf 85' lang='lat' dir='ltr'><strong>se</strong></span> <span class='ocrx_word' id='word_1_27' title='bbox 644 1009 792 1086; x_wconf 88' lang='lat' dir='ltr'><strong>trabere,</strong></span> <span class='ocrx_word' id='word_1_28' title='bbox 816 1007 1085 1089; x_wconf 85' lang='lat' dir='ltr'><strong>permutationem</strong></span> <span class='ocrx_word' id='word_1_29' title='bbox 1104 1007 1136 1072; x_wconf 90' lang='lat' dir='ltr'><strong>in</strong></span> <span class='ocrx_word' id='word_1_30' title='bbox 1149 1006 1239 1071; x_wconf 91' lang='lat' dir='ltr'><strong>aliud</strong></span> <span class='ocrx_word' id='word_1_31' title='bbox 1251 1020 1380 1088; x_wconf 89' lang='lat' dir='ltr'><strong>tempus</strong></span> <span class='ocrx_word' id='word_1_32' title='bbox 1393 1005 1538 1090; x_wconf 84' lang='lat' dir='ltr'><strong>rejicere.</strong></span> 
     </span>
     <span class='ocr_line' id='line_1_5' title="bbox 364 1117 1541 1203; baseline -0.004 -17"><span class='ocrx_word' id='word_1_33' title='bbox 364 1119 433 1186; x_wconf 89' lang='lat' dir='ltr'><strong>Ubi</strong></span> <span class='ocrx_word' id='word_1_34' title='bbox 466 1118 623 1185; x_wconf 91' lang='lat' dir='ltr'><strong>Hollandi</strong></span> <span class='ocrx_word' id='word_1_35' title='bbox 653 1122 748 1201; x_wconf 91' lang='lat' dir='ltr'><strong>plura</strong></span> <span class='ocrx_word' id='word_1_36' title='bbox 778 1139 925 1201; x_wconf 87' lang='lat' dir='ltr'><strong>promere</strong></span> <span class='ocrx_word' id='word_1_37' title='bbox 945 1119 1028 1203; x_wconf 83' lang='lat' dir='ltr'><strong>jussi</strong></span> <span class='ocrx_word' id='word_1_38' title='bbox 1052 1118 1312 1200; x_wconf 85' lang='lat' dir='ltr'><strong>cunctabantur,</strong></span> <span class='ocrx_word' id='word_1_39' title='bbox 1337 1132 1478 1182; x_wconf 89' lang='lat' dir='ltr'><strong>vocatos</strong></span> <span class='ocrx_word' id='word_1_40' title='bbox 1502 1117 1541 1180; x_wconf 90' lang='lat' dir='ltr'><strong>ad</strong></span> 
     </span>
     <span class='ocr_line' id='line_1_6' title="bbox 364 1228 1539 1314; baseline -0.003 -18"><span class='ocrx_word' id='word_1_41' title='bbox 364 1251 399 1297; x_wconf 91' lang='lat' dir='ltr'><strong>se</strong></span> <span class='ocrx_word' id='word_1_42' title='bbox 422 1231 516 1297; x_wconf 84' lang='lat' dir='ltr'><strong>navis</strong></span> <span class='ocrx_word' id='word_1_43' title='bbox 537 1228 722 1314; x_wconf 80' lang='lat' dir='ltr'><strong>praefectos</strong></span> <span class='ocrx_word' id='word_1_44' title='bbox 746 1229 1017 1310; x_wconf 89' lang='lat' dir='ltr'><strong>Houtmannum,</strong></span> <span class='ocrx_word' id='word_1_45' title='bbox 1041 1229 1259 1295; x_wconf 90' lang='lat' dir='ltr'><strong>Guilielmum</strong></span> <span class='ocrx_word' id='word_1_46' title='bbox 1290 1228 1539 1306; x_wconf 89' lang='lat' dir='ltr'><strong>Ludovicium,</strong></span> 
     </span>
     <span class='ocr_line' id='line_1_7' title="bbox 365 1340 1539 1427; baseline -0.003 -21"><span class='ocrx_word' id='word_1_47' title='bbox 365 1343 544 1427; x_wconf 88' lang='lat' dir='ltr'><strong>Aegidium</strong></span> <span class='ocrx_word' id='word_1_48' title='bbox 571 1341 804 1407; x_wconf 87' lang='lat' dir='ltr'><strong>Vallrenerium</strong></span> <span class='ocrx_word' id='word_1_49' title='bbox 833 1342 1012 1423; x_wconf 90' lang='lat' dir='ltr'><strong>decemque</strong></span> <span class='ocrx_word' id='word_1_50' title='bbox 1040 1342 1123 1408; x_wconf 90' lang='lat' dir='ltr'><strong>alios</strong></span> <span class='ocrx_word' id='word_1_51' title='bbox 1151 1341 1262 1408; x_wconf 89' lang='lat' dir='ltr'><strong>subito</strong></span> <span class='ocrx_word' id='word_1_52' title='bbox 1292 1340 1413 1405; x_wconf 86' lang='lat' dir='ltr'><strong>vinciri</strong></span> <span class='ocrx_word' id='word_1_53' title='bbox 1432 1341 1539 1424; x_wconf 88' lang='lat' dir='ltr'><strong>jubet.</strong></span> 
     </span>
     <span class='ocr_line' id='line_1_8' title="bbox 365 1450 1540 1536; baseline -0.003 -18"><span class='ocrx_word' id='word_1_54' title='bbox 365 1453 412 1519; x_wconf 85' lang='lat' dir='ltr'><strong>Et</strong></span> <span class='ocrx_word' id='word_1_55' title='bbox 429 1473 470 1520; x_wconf 90' lang='lat' dir='ltr'><strong>ne</strong></span> <span class='ocrx_word' id='word_1_56' title='bbox 489 1469 559 1518; x_wconf 90' lang='lat' dir='ltr'><strong>tum</strong></span> <span class='ocrx_word' id='word_1_57' title='bbox 579 1453 711 1536; x_wconf 89' lang='lat' dir='ltr'><strong>quidem</strong></span> <span class='ocrx_word' id='word_1_58' title='bbox 732 1451 956 1518; x_wconf 80' lang='lat' dir='ltr'><strong>dissimulabat</strong></span> <span class='ocrx_word' id='word_1_59' title='bbox 974 1452 1209 1518; x_wconf 88' lang='lat' dir='ltr'><strong>Lusitanorum</strong></span> <span class='ocrx_word' id='word_1_60' title='bbox 1228 1466 1346 1534; x_wconf 82' lang='lat' dir='ltr'><strong>rogatu</strong></span> <span class='ocrx_word' id='word_1_61' title='bbox 1366 1452 1430 1516; x_wconf 89' lang='lat' dir='ltr'><strong>ista</strong></span> <span class='ocrx_word' id='word_1_62' title='bbox 1452 1450 1540 1525; x_wconf 86' lang='lat' dir='ltr'><strong>lieri,</strong></span> 
     </span>
     <span class='ocr_line' id='line_1_9' title="bbox 363 1557 1648 1652; baseline -0.004 -21"><span class='ocrx_word' id='word_1_63' title='bbox 363 1566 424 1647; x_wconf 93' lang='lat' dir='ltr'><strong>qui</strong></span> <span class='ocrx_word' id='word_1_64' title='bbox 447 1580 589 1630; x_wconf 89' lang='lat' dir='ltr'><strong>metuere</strong></span> <span class='ocrx_word' id='word_1_65' title='bbox 611 1583 645 1629; x_wconf 91' lang='lat' dir='ltr'><strong>se</strong></span> <span class='ocrx_word' id='word_1_66' title='bbox 668 1562 856 1648; x_wconf 86' lang='lat' dir='ltr'><strong>lingebant,</strong></span> <span class='ocrx_word' id='word_1_67' title='bbox 879 1583 920 1628; x_wconf 91' lang='lat' dir='ltr'><strong>ne</strong></span> <span class='ocrx_word' id='word_1_68' title='bbox 936 1582 1051 1629; x_wconf 89' lang='lat' dir='ltr'><strong>navem</strong></span> <span class='ocrx_word' id='word_1_69' title='bbox 1064 1583 1155 1629; x_wconf 89' lang='lat' dir='ltr'><strong>suam</strong></span> <span class='ocrx_word' id='word_1_70' title='bbox 1168 1563 1313 1652; x_wconf 70' lang='lat' dir='ltr'><strong>inportu</strong></span> <span class='ocrx_word' id='word_1_71' title='bbox 1327 1557 1539 1644; x_wconf 86' lang='lat' dir='ltr'><strong>quaerentem</strong></span> <span class='ocrx_word' id='word_1_72' title='bbox 1647 1631 1648 1642; x_wconf 10' lang='grc' dir='ltr'>χ</span> 
     </span>
     <span class='ocr_line' id='line_1_10' title="bbox 365 1651 1648 1758; baseline -0.003 -16"><span class='ocrx_word' id='word_1_73' title='bbox 365 1675 489 1742; x_wconf 90' lang='lat' dir='ltr'><strong>exitum</strong></span> <span class='ocrx_word' id='word_1_74' title='bbox 521 1675 635 1742; x_wconf 91' lang='lat' dir='ltr'><strong>Batavi</strong></span> <span class='ocrx_word' id='word_1_75' title='bbox 667 1673 915 1758; x_wconf 87' lang='lat' dir='ltr'><strong>interciperent:</strong></span> <span class='ocrx_word' id='word_1_76' title='bbox 949 1676 1008 1740; x_wconf 90' lang='lat' dir='ltr'><strong>bac</strong></span> <span class='ocrx_word' id='word_1_77' title='bbox 1040 1675 1148 1758; x_wconf 91' lang='lat' dir='ltr'><strong>specie</strong></span> <span class='ocrx_word' id='word_1_78' title='bbox 1178 1674 1253 1740; x_wconf 92' lang='lat' dir='ltr'><strong>illos</strong></span> <span class='ocrx_word' id='word_1_79' title='bbox 1289 1677 1383 1741; x_wconf 89' lang='lat' dir='ltr'><strong>velut</strong></span> <span class='ocrx_word' id='word_1_80' title='bbox 1406 1674 1541 1740; x_wconf 92' lang='lat' dir='ltr'><strong>obsides</strong></span> <span class='ocrx_word' id='word_1_81' title='bbox 1647 1651 1648 1680; x_wconf 30' lang='lat' dir='ltr'><strong>i</strong></span> 
     </span>
     <span class='ocr_line' id='line_1_11' title="bbox 362 1785 1540 1869; baseline -0.003 -16"><span class='ocrx_word' id='word_1_82' title='bbox 362 1801 537 1854; x_wconf 90' lang='lat' dir='ltr'><strong>oraverant</strong></span> <span class='ocrx_word' id='word_1_83' title='bbox 554 1786 701 1852; x_wconf 87' lang='lat' dir='ltr'><strong>detineri.</strong></span> <span class='ocrx_word' id='word_1_84' title='bbox 726 1785 793 1852; x_wconf 90' lang='lat' dir='ltr'><strong>Sed</strong></span> <span class='ocrx_word' id='word_1_85' title='bbox 815 1801 848 1852; x_wconf 93' lang='lat' dir='ltr'><strong>et</strong></span> <span class='ocrx_word' id='word_1_86' title='bbox 870 1785 953 1852; x_wconf 91' lang='lat' dir='ltr'><strong>illud</strong></span> <span class='ocrx_word' id='word_1_87' title='bbox 967 1785 1107 1868; x_wconf 89' lang='lat' dir='ltr'><strong>captivis</strong></span> <span class='ocrx_word' id='word_1_88' title='bbox 1120 1786 1300 1866; x_wconf 85' lang='lat' dir='ltr'><strong>innuebat,</strong></span> <span class='ocrx_word' id='word_1_89' title='bbox 1321 1786 1396 1852; x_wconf 90' lang='lat' dir='ltr'><strong>dare</strong></span> <span class='ocrx_word' id='word_1_90' title='bbox 1406 1805 1540 1869; x_wconf 88' lang='lat' dir='ltr'><strong>operam</strong></span> 
     </span>
    </p>
   </div>
   <div class='ocr_carea' id='block_1_3' title="bbox 364 1881 1648 2204">
    <p class='ocr_par' dir='ltr' id='par_1_3' title="bbox 364 1881 1648 2204">
     <span class='ocr_line' id='line_1_12' title="bbox 364 1881 1648 1981; baseline -0.006 -17"><span class='ocrx_word' id='word_1_91' title='bbox 364 1898 452 1981; x_wconf 90' lang='lat' dir='ltr'><strong>apud</strong></span> <span class='ocrx_word' id='word_1_92' title='bbox 470 1918 505 1964; x_wconf 90' lang='lat' dir='ltr'><strong>se</strong></span> <span class='ocrx_word' id='word_1_93' title='bbox 523 1897 719 1979; x_wconf 88' lang='lat' dir='ltr'><strong>Lusitanos,</strong></span> <span class='ocrx_word' id='word_1_94' title='bbox 743 1911 781 1963; x_wconf 92' lang='lat' dir='ltr'><strong>ut</strong></span> <span class='ocrx_word' id='word_1_95' title='bbox 798 1913 963 1963; x_wconf 89' lang='lat' dir='ltr'><strong>numerata</strong></span> <span class='ocrx_word' id='word_1_96' title='bbox 982 1898 1128 1963; x_wconf 90' lang='lat' dir='ltr'><strong>mercede</strong></span> <span class='ocrx_word' id='word_1_97' title='bbox 1147 1911 1263 1980; x_wconf 88' lang='lat' dir='ltr'><strong>quater</strong></span> <span class='ocrx_word' id='word_1_98' title='bbox 1283 1897 1423 1962; x_wconf 91' lang='lat' dir='ltr'><strong>millium</strong></span> <span class='ocrx_word' id='word_1_99' title='bbox 1447 1917 1542 1963; x_wconf 89' lang='lat' dir='ltr'><strong>num-</strong></span> <span class='ocrx_word' id='word_1_100' title='bbox 1647 1881 1648 1956; x_wconf 69' lang='grc' dir='ltr'>ἶ</span> 
     </span>
     <span class='ocr_line' id='line_1_13' title="bbox 365 2007 1648 2098; baseline -0.001 -23"><span class='ocrx_word' id='word_1_101' title='bbox 365 2029 493 2075; x_wconf 92' lang='lat' dir='ltr'><strong>morum</strong></span> <span class='ocrx_word' id='word_1_102' title='bbox 517 2008 697 2093; x_wconf 85' lang='lat' dir='ltr'><strong>regalium,</strong></span> <span class='ocrx_word' id='word_1_103' title='bbox 721 2007 810 2091; x_wconf 89' lang='lat' dir='ltr'><strong>ipsos</strong></span> <span class='ocrx_word' id='word_1_104' title='bbox 835 2008 866 2072; x_wconf 93' lang='lat' dir='ltr'><strong>in</strong></span> <span class='ocrx_word' id='word_1_105' title='bbox 888 2029 978 2074; x_wconf 91' lang='lat' dir='ltr'><strong>suam</strong></span> <span class='ocrx_word' id='word_1_106' title='bbox 1001 2009 1183 2092; x_wconf 90' lang='lat' dir='ltr'><strong>acciperent</strong></span> <span class='ocrx_word' id='word_1_107' title='bbox 1203 2022 1416 2090; x_wconf 90' lang='lat' dir='ltr'><strong>potestatem:</strong></span> <span class='ocrx_word' id='word_1_108' title='bbox 1443 2009 1542 2074; x_wconf 91' lang='lat' dir='ltr'><strong>simul</strong></span> <span class='ocrx_word' id='word_1_109' title='bbox 1647 2079 1648 2098; x_wconf 13' lang='grc' dir='ltr'>χ</span> 
     </span>
     <span class='ocr_line' id='line_1_14' title="bbox 365 2118 1648 2204; baseline -0.002 -18"><span class='ocrx_word' id='word_1_110' title='bbox 365 2119 642 2186; x_wconf 87' lang='lat' dir='ltr'><strong>atrocissimorum</strong></span> <span class='ocrx_word' id='word_1_111' title='bbox 675 2119 911 2203; x_wconf 88' lang='lat' dir='ltr'><strong>suppliciorum</strong></span> <span class='ocrx_word' id='word_1_112' title='bbox 943 2135 1050 2185; x_wconf 86' lang='lat' dir='ltr'><strong>metus</strong></span> <span class='ocrx_word' id='word_1_113' title='bbox 1080 2119 1230 2201; x_wconf 91' lang='lat' dir='ltr'><strong>quotidie</strong></span> <span class='ocrx_word' id='word_1_114' title='bbox 1263 2119 1388 2184; x_wconf 90' lang='lat' dir='ltr'><strong>miseris</strong></span> <span class='ocrx_word' id='word_1_115' title='bbox 1412 2118 1542 2204; x_wconf 89' lang='lat' dir='ltr'><strong>injicie-</strong></span> <span class='ocrx_word' id='word_1_116' title='bbox 1647 2139 1648 2198; x_wconf 74' lang='lat'>3</span> 
     </span>
    </p>
   </div>
   <div class='ocr_carea' id='block_1_4' title="bbox 364 2230 1648 2537">
    <p class='ocr_par' dir='ltr' id='par_1_4' title="bbox 364 2230 1648 2537">
     <span class='ocr_line' id='line_1_15' title="bbox 364 2230 1648 2320; baseline -0.001 -23"><span class='ocrx_word' id='word_1_117' title='bbox 364 2233 471 2298; x_wconf 89' lang='lat' dir='ltr'><strong>batur.</strong></span> <span class='ocrx_word' id='word_1_118' title='bbox 495 2230 621 2296; x_wconf 89' lang='lat' dir='ltr'><strong>Eodem</strong></span> <span class='ocrx_word' id='word_1_119' title='bbox 642 2245 787 2314; x_wconf 89' lang='lat' dir='ltr'><strong>tempore</strong></span> <span class='ocrx_word' id='word_1_120' title='bbox 807 2230 944 2312; x_wconf 90' lang='lat' dir='ltr'><strong>accidit,</strong></span> <span class='ocrx_word' id='word_1_121' title='bbox 965 2246 1002 2296; x_wconf 94' lang='lat' dir='ltr'><strong>ut</strong></span> <span class='ocrx_word' id='word_1_122' title='bbox 1018 2231 1134 2315; x_wconf 89' lang='lat' dir='ltr'><strong>Javani</strong></span> <span class='ocrx_word' id='word_1_123' title='bbox 1146 2231 1382 2300; x_wconf 89' lang='lat' dir='ltr'><strong>Lusitanorum</strong></span> <span class='ocrx_word' id='word_1_124' title='bbox 1394 2230 1543 2314; x_wconf 86' lang='lat' dir='ltr'><strong>impulsu</strong></span> <span class='ocrx_word' id='word_1_125' title='bbox 1647 2275 1648 2320; x_wconf 24' lang='grc' dir='ltr'>ᾗ</span> 
     </span>
     <span class='ocr_line' id='line_1_16' title="bbox 364 2321 1648 2426; baseline -0.003 -16"><span class='ocrx_word' id='word_1_126' title='bbox 364 2343 501 2425; x_wconf 86' lang='lat' dir='ltr'><strong>scaphas</strong></span> <span class='ocrx_word' id='word_1_127' title='bbox 522 2343 720 2426; x_wconf 89' lang='lat' dir='ltr'><strong>cymbasque</strong></span> <span class='ocrx_word' id='word_1_128' title='bbox 743 2342 938 2407; x_wconf 91' lang='lat' dir='ltr'><strong>Batavorum</strong></span> <span class='ocrx_word' id='word_1_129' title='bbox 962 2357 1133 2425; x_wconf 89' lang='lat' dir='ltr'><strong>provectas</strong></span> <span class='ocrx_word' id='word_1_130' title='bbox 1154 2342 1286 2426; x_wconf 86' lang='lat' dir='ltr'><strong>longius</strong></span> <span class='ocrx_word' id='word_1_131' title='bbox 1312 2358 1541 2426; x_wconf 87' lang='lat' dir='ltr'><strong>oppugnatum</strong></span> <span class='ocrx_word' id='word_1_132' title='bbox 1647 2321 1648 2330; x_wconf 8' lang='grc' dir='ltr'>ἵ</span> 
     </span>
     <span class='ocr_line' id='line_1_17' title="bbox 364 2451 1543 2537; baseline -0.003 -17"><span class='ocrx_word' id='word_1_133' title='bbox 364 2455 532 2520; x_wconf 85' lang='lat' dir='ltr'><strong>venirent:</strong></span> <span class='ocrx_word' id='word_1_134' title='bbox 564 2473 649 2535; x_wconf 90' lang='lat' dir='ltr'><strong>quos</strong></span> <span class='ocrx_word' id='word_1_135' title='bbox 683 2473 756 2518; x_wconf 92' lang='lat' dir='ltr'><strong>cum</strong></span> <span class='ocrx_word' id='word_1_136' title='bbox 777 2452 908 2518; x_wconf 91' lang='lat' dir='ltr'><strong>fortiter</strong></span> <span class='ocrx_word' id='word_1_137' title='bbox 928 2451 975 2519; x_wconf 89' lang='lat' dir='ltr'><strong>illi</strong></span> <span class='ocrx_word' id='word_1_138' title='bbox 1000 2453 1218 2537; x_wconf 88' lang='lat' dir='ltr'><strong>repulissent,</strong></span> <span class='ocrx_word' id='word_1_139' title='bbox 1242 2452 1429 2535; x_wconf 86' lang='lat' dir='ltr'><strong>praefectus</strong></span> <span class='ocrx_word' id='word_1_140' title='bbox 1459 2455 1543 2518; x_wconf 91' lang='lat' dir='ltr'><strong>Ban-</strong></span> 
     </span>
    </p>
   </div>
   <div class='ocr_carea' id='block_1_5' title="bbox 365 2564 1542 2648">
    <p class='ocr_par' dir='ltr' id='par_1_5' title="bbox 365 2564 1542 2648">
     <span class='ocr_line' id='line_1_18' title="bbox 365 2564 1542 2648; baseline 0 -18"><span class='ocrx_word' id='word_1_141' title='bbox 365 2565 518 2632; x_wconf 91' lang='lat' dir='ltr'><strong>tamensis</strong></span> <span class='ocrx_word' id='word_1_142' title='bbox 545 2565 634 2630; x_wconf 91' lang='lat' dir='ltr'><strong>facto</strong></span> <span class='ocrx_word' id='word_1_143' title='bbox 667 2564 871 2643; x_wconf 92' lang='lat' dir='ltr'><strong>admonitus,</strong></span> <span class='ocrx_word' id='word_1_144' title='bbox 904 2583 970 2629; x_wconf 90' lang='lat' dir='ltr'><strong>non</strong></span> <span class='ocrx_word' id='word_1_145' title='bbox 992 2584 1062 2630; x_wconf 92' lang='lat' dir='ltr'><strong>esse</strong></span> <span class='ocrx_word' id='word_1_146' title='bbox 1084 2565 1352 2630; x_wconf 87' lang='lat' dir='ltr'><strong>contemnendam</strong></span> <span class='ocrx_word' id='word_1_147' title='bbox 1375 2565 1542 2648; x_wconf 88' lang='lat' dir='ltr'><strong>ejusmodi</strong></span> 
     </span>
    </p>
   </div>
   <div class='ocr_carea' id='block_1_6' title="bbox 365 2674 1543 2984">
    <p class='ocr_par' dir='ltr' id='par_1_6' title="bbox 365 2667 1648 2984">
     <span class='ocr_line' id='line_1_19' title="bbox 365 2674 1543 2760; baseline 0.001 -19"><span class='ocrx_word' id='word_1_148' title='bbox 365 2676 534 2742; x_wconf 89' lang='lat' dir='ltr'><strong>hominum</strong></span> <span class='ocrx_word' id='word_1_149' title='bbox 566 2676 767 2757; x_wconf 90' lang='lat' dir='ltr'><strong>bonitatem,</strong></span> <span class='ocrx_word' id='word_1_150' title='bbox 800 2674 992 2740; x_wconf 90' lang='lat' dir='ltr'><strong>concordiae</strong></span> <span class='ocrx_word' id='word_1_151' title='bbox 1025 2677 1166 2740; x_wconf 91' lang='lat' dir='ltr'><strong>rationes</strong></span> <span class='ocrx_word' id='word_1_152' title='bbox 1200 2675 1294 2741; x_wconf 90' lang='lat' dir='ltr'><strong>iniit:</strong></span> <span class='ocrx_word' id='word_1_153' title='bbox 1330 2678 1429 2760; x_wconf 90' lang='lat' dir='ltr'><strong>cujus</strong></span> <span class='ocrx_word' id='word_1_154' title='bbox 1465 2695 1543 2741; x_wconf 87' lang='lat' dir='ltr'><strong>con·</strong></span> 
     </span>
     <span class='ocr_line' id='line_1_20' title="bbox 365 2785 1543 2871; baseline -0.001 -18"><span class='ocrx_word' id='word_1_155' title='bbox 365 2789 506 2856; x_wconf 90' lang='lat' dir='ltr'><strong>ditiones</strong></span> <span class='ocrx_word' id='word_1_156' title='bbox 531 2788 591 2854; x_wconf 89' lang='lat' dir='ltr'><strong>etsi</strong></span> <span class='ocrx_word' id='word_1_157' title='bbox 614 2786 803 2871; x_wconf 90' lang='lat' dir='ltr'><strong>periniquac</strong></span> <span class='ocrx_word' id='word_1_158' title='bbox 827 2800 936 2867; x_wconf 89' lang='lat' dir='ltr'><strong>erant,</strong></span> <span class='ocrx_word' id='word_1_159' title='bbox 962 2800 994 2851; x_wconf 90' lang='lat' dir='ltr'><strong>et</strong></span> <span class='ocrx_word' id='word_1_160' title='bbox 1014 2785 1129 2852; x_wconf 87' lang='lat' dir='ltr'><strong>redimi</strong></span> <span class='ocrx_word' id='word_1_161' title='bbox 1154 2805 1210 2850; x_wconf 89' lang='lat' dir='ltr'><strong>cos</strong></span> <span class='ocrx_word' id='word_1_162' title='bbox 1230 2788 1393 2871; x_wconf 86' lang='lat' dir='ltr'><strong>jubebant</strong></span> <span class='ocrx_word' id='word_1_163' title='bbox 1409 2787 1543 2853; x_wconf 91' lang='lat' dir='ltr'><strong>duobus</strong></span> 
     </span>
     <span class='ocr_line' id='line_1_21' title="bbox 365 2896 1540 2984; baseline -0.003 -20"><span class='ocrx_word' id='word_1_164' title='bbox 365 2899 511 2966; x_wconf 90' lang='lat' dir='ltr'><strong>millibus</strong></span> <span class='ocrx_word' id='word_1_165' title='bbox 543 2899 719 2984; x_wconf 88' lang='lat' dir='ltr'><strong>regalium,</strong></span> <span class='ocrx_word' id='word_1_166' title='bbox 753 2897 810 2980; x_wconf 92' lang='lat' dir='ltr'><strong>qui</strong></span> <span class='ocrx_word' id='word_1_167' title='bbox 834 2917 874 2961; x_wconf 91' lang='lat' dir='ltr'><strong>ne</strong></span> <span class='ocrx_word' id='word_1_168' title='bbox 897 2898 1034 2962; x_wconf 90' lang='lat' dir='ltr'><strong>obtentu</strong></span> <span class='ocrx_word' id='word_1_169' title='bbox 1067 2896 1201 2977; x_wconf 91' lang='lat' dir='ltr'><strong>quidem</strong></span> <span class='ocrx_word' id='word_1_170' title='bbox 1233 2897 1318 2981; x_wconf 74' lang='lat' dir='ltr'><strong>iuris</strong></span> <span class='ocrx_word' id='word_1_171' title='bbox 1350 2898 1422 2962; x_wconf 91' lang='lat' dir='ltr'><strong>ullo</strong></span> <span class='ocrx_word' id='word_1_172' title='bbox 1456 2897 1540 2980; x_wconf 91' lang='lat' dir='ltr'><strong>capti</strong></span> 
     </span>
    </p>
   </div>
   <div class='ocr_carea' id='block_1_7' title="bbox 366 2999 1648 3093">
    <p class='ocr_par' dir='ltr' id='par_1_7' title="bbox 366 2999 1648 3093">
     <span class='ocr_line' id='line_1_22' title="bbox 366 2999 1648 3093; baseline -0.004 -16"><span class='ocrx_word' id='word_1_173' title='bbox 366 3027 476 3093; x_wconf 90' lang='lat' dir='ltr'><strong>erant,</strong></span> <span class='ocrx_word' id='word_1_174' title='bbox 499 3026 605 3076; x_wconf 90' lang='lat' dir='ltr'><strong>tamen</strong></span> <span class='ocrx_word' id='word_1_175' title='bbox 637 3010 852 3093; x_wconf 89' lang='lat' dir='ltr'><strong>accipiuntur.</strong></span> <span class='ocrx_word' id='word_1_176' title='bbox 899 3008 963 3073; x_wconf 90' lang='lat' dir='ltr'><strong>Sed</strong></span> <span class='ocrx_word' id='word_1_177' title='bbox 985 3027 1053 3090; x_wconf 92' lang='lat' dir='ltr'><strong>quo</strong></span> <span class='ocrx_word' id='word_1_178' title='bbox 1076 3027 1127 3072; x_wconf 89' lang='lat' dir='ltr'><strong>res</strong></span> <span class='ocrx_word' id='word_1_179' title='bbox 1151 3007 1290 3073; x_wconf 87' lang='lat' dir='ltr'><strong>Batavae</strong></span> <span class='ocrx_word' id='word_1_180' title='bbox 1312 3010 1388 3073; x_wconf 92' lang='lat' dir='ltr'><strong>loco</strong></span> <span class='ocrx_word' id='word_1_181' title='bbox 1412 3008 1542 3074; x_wconf 90' lang='lat' dir='ltr'><strong>meliori</strong></span> <span class='ocrx_word' id='word_1_182' title='bbox 1647 2999 1648 3008; x_wconf 68' lang='grc'>’</span> 
     </span>
    </p>
   </div>
   <div class='ocr_carea' id='block_1_8' title="bbox 364 3117 1549 4535">
    <p class='ocr_par' dir='ltr' id='par_1_8' title="bbox 364 3117 1549 4535">
     <span class='ocr_line' id='line_1_23' title="bbox 366 3117 1544 3204; baseline -0.002 -18"><span class='ocrx_word' id='word_1_183' title='bbox 366 3141 435 3187; x_wconf 92' lang='lat' dir='ltr'><strong>esse</strong></span> <span class='ocrx_word' id='word_1_184' title='bbox 467 3136 662 3203; x_wconf 89' lang='lat' dir='ltr'><strong>coeperant,</strong></span> <span class='ocrx_word' id='word_1_185' title='bbox 696 3121 758 3184; x_wconf 90' lang='lat' dir='ltr'><strong>hoc</strong></span> <span class='ocrx_word' id='word_1_186' title='bbox 790 3119 892 3204; x_wconf 85' lang='lat' dir='ltr'><strong>magis</strong></span> <span class='ocrx_word' id='word_1_187' title='bbox 925 3117 1076 3184; x_wconf 90' lang='lat' dir='ltr'><strong>Lusitani</strong></span> <span class='ocrx_word' id='word_1_188' title='bbox 1107 3119 1247 3201; x_wconf 91' lang='lat' dir='ltr'><strong>pretium</strong></span> <span class='ocrx_word' id='word_1_189' title='bbox 1268 3119 1475 3201; x_wconf 89' lang='lat' dir='ltr'><strong>proditionis</strong></span> <span class='ocrx_word' id='word_1_190' title='bbox 1495 3121 1544 3185; x_wconf 92' lang='lat' dir='ltr'><strong>in-</strong></span> 
     </span>
     <span class='ocr_line' id='line_1_24' title="bbox 364 3229 1544 3317; baseline 0 -23"><span class='ocrx_word' id='word_1_191' title='bbox 364 3231 510 3296; x_wconf 89' lang='lat' dir='ltr'><strong>tendere.</strong></span> <span class='ocrx_word' id='word_1_192' title='bbox 555 3229 658 3317; x_wconf 78' lang='lat' dir='ltr'><strong>Yenit</strong></span> <span class='ocrx_word' id='word_1_193' title='bbox 692 3230 777 3295; x_wconf 90' lang='lat' dir='ltr'><strong>enim</strong></span> <span class='ocrx_word' id='word_1_194' title='bbox 812 3231 960 3295; x_wconf 88' lang='lat' dir='ltr'><strong>Malacca</strong></span> <span class='ocrx_word' id='word_1_195' title='bbox 994 3231 1142 3314; x_wconf 79' lang='lat' dir='ltr'><strong>legatus:</strong></span> <span class='ocrx_word' id='word_1_196' title='bbox 1183 3229 1211 3294; x_wconf 94' lang='lat' dir='ltr'><strong>is</strong></span> <span class='ocrx_word' id='word_1_197' title='bbox 1242 3230 1329 3296; x_wconf 89' lang='lat' dir='ltr'><strong>dona</strong></span> <span class='ocrx_word' id='word_1_198' title='bbox 1363 3233 1470 3296; x_wconf 91' lang='lat' dir='ltr'><strong>multa</strong></span> <span class='ocrx_word' id='word_1_199' title='bbox 1505 3231 1544 3296; x_wconf 88' lang='lat' dir='ltr'><strong>ad</strong></span> 
     </span>
     <span class='ocr_line' id='line_1_25' title="bbox 364 3339 1543 3427; baseline 0.003 -22"><span class='ocrx_word' id='word_1_200' title='bbox 364 3339 561 3424; x_wconf 89' lang='lat' dir='ltr'><strong>praefectum</strong></span> <span class='ocrx_word' id='word_1_201' title='bbox 586 3357 618 3406; x_wconf 91' lang='lat' dir='ltr'><strong>et</strong></span> <span class='ocrx_word' id='word_1_202' title='bbox 641 3359 791 3422; x_wconf 90' lang='lat' dir='ltr'><strong>proceres</strong></span> <span class='ocrx_word' id='word_1_203' title='bbox 822 3340 947 3422; x_wconf 89' lang='lat' dir='ltr'><strong>adfert,</strong></span> <span class='ocrx_word' id='word_1_204' title='bbox 982 3356 1081 3422; x_wconf 89' lang='lat' dir='ltr'><strong>atque</strong></span> <span class='ocrx_word' id='word_1_205' title='bbox 1106 3341 1192 3406; x_wconf 92' lang='lat' dir='ltr'><strong>inter</strong></span> <span class='ocrx_word' id='word_1_206' title='bbox 1222 3356 1350 3406; x_wconf 88' lang='lat' dir='ltr'><strong>caetera</strong></span> <span class='ocrx_word' id='word_1_207' title='bbox 1383 3343 1543 3427; x_wconf 88' lang='lat' dir='ltr'><strong>regalium</strong></span> 
     </span>
     <span class='ocr_line' id='line_1_26' title="bbox 366 3448 1544 3531; baseline 0.003 -16"><span class='ocrx_word' id='word_1_208' title='bbox 366 3470 423 3515; x_wconf 85' lang='lat' dir='ltr'><strong>sex</strong></span> <span class='ocrx_word' id='word_1_209' title='bbox 457 3449 576 3529; x_wconf 88' lang='lat' dir='ltr'><strong>millia,</strong></span> <span class='ocrx_word' id='word_1_210' title='bbox 612 3448 733 3531; x_wconf 91' lang='lat' dir='ltr'><strong>quibus</strong></span> <span class='ocrx_word' id='word_1_211' title='bbox 764 3451 1004 3516; x_wconf 89' lang='lat' dir='ltr'><strong>Hollandorum</strong></span> <span class='ocrx_word' id='word_1_212' title='bbox 1038 3471 1150 3519; x_wconf 89' lang='lat' dir='ltr'><strong>necem</strong></span> <span class='ocrx_word' id='word_1_213' title='bbox 1185 3467 1396 3519; x_wconf 90' lang='lat' dir='ltr'><strong>mercaretur.</strong></span> <span class='ocrx_word' id='word_1_214' title='bbox 1444 3453 1544 3519; x_wconf 88' lang='lat' dir='ltr'><strong>Versi</strong></span> 
     </span>
     <span class='ocr_line' id='line_1_27' title="bbox 366 3558 1547 3644; baseline 0.002 -17"><span class='ocrx_word' id='word_1_215' title='bbox 366 3559 474 3627; x_wconf 91' lang='lat' dir='ltr'><strong>statim</strong></span> <span class='ocrx_word' id='word_1_216' title='bbox 499 3558 621 3640; x_wconf 91' lang='lat' dir='ltr'><strong>animi,</strong></span> <span class='ocrx_word' id='word_1_217' title='bbox 656 3579 811 3643; x_wconf 90' lang='lat' dir='ltr'><strong>suspensa</strong></span> <span class='ocrx_word' id='word_1_218' title='bbox 834 3563 1050 3644; x_wconf 89' lang='lat' dir='ltr'><strong>permutatio:</strong></span> <span class='ocrx_word' id='word_1_219' title='bbox 1084 3563 1179 3629; x_wconf 90' lang='lat' dir='ltr'><strong>etiam</strong></span> <span class='ocrx_word' id='word_1_220' title='bbox 1203 3563 1399 3629; x_wconf 90' lang='lat' dir='ltr'><strong>Sinensibus</strong></span> <span class='ocrx_word' id='word_1_221' title='bbox 1423 3584 1547 3629; x_wconf 90' lang='lat' dir='ltr'><strong>merca-</strong></span> 
     </span>
     <span class='ocr_line' id='line_1_28' title="bbox 364 3670 1546 3756; baseline 0.003 -21"><span class='ocrx_word' id='word_1_222' title='bbox 364 3670 511 3748; x_wconf 88' lang='lat' dir='ltr'><strong>toribus,</strong></span> <span class='ocrx_word' id='word_1_223' title='bbox 536 3670 593 3750; x_wconf 92' lang='lat' dir='ltr'><strong>qui</strong></span> <span class='ocrx_word' id='word_1_224' title='bbox 616 3671 761 3736; x_wconf 88' lang='lat' dir='ltr'><strong>Bantami</strong></span> <span class='ocrx_word' id='word_1_225' title='bbox 784 3689 978 3754; x_wconf 72' lang='lat' dir='ltr'><strong>versantur,</strong></span> <span class='ocrx_word' id='word_1_226' title='bbox 999 3674 1209 3740; x_wconf 89' lang='lat' dir='ltr'><strong>interdictum</strong></span> <span class='ocrx_word' id='word_1_227' title='bbox 1219 3693 1260 3740; x_wconf 94' lang='lat' dir='ltr'><strong>ne</strong></span> <span class='ocrx_word' id='word_1_228' title='bbox 1271 3674 1355 3756; x_wconf 89' lang='lat' dir='ltr'><strong>quid</strong></span> <span class='ocrx_word' id='word_1_229' title='bbox 1365 3674 1546 3740; x_wconf 92' lang='lat' dir='ltr'><strong>Hollandis</strong></span> 
     </span>
     <span class='ocr_line' id='line_1_29' title="bbox 365 3778 1548 3868; baseline 0.005 -25"><span class='ocrx_word' id='word_1_230' title='bbox 365 3778 557 3845; x_wconf 90' lang='lat' dir='ltr'><strong>venderent.</strong></span> <span class='ocrx_word' id='word_1_231' title='bbox 604 3781 650 3847; x_wconf 86' lang='lat' dir='ltr'><strong>Et</strong></span> <span class='ocrx_word' id='word_1_232' title='bbox 680 3783 758 3847; x_wconf 90' lang='lat' dir='ltr'><strong>haec</strong></span> <span class='ocrx_word' id='word_1_233' title='bbox 790 3803 855 3847; x_wconf 94' lang='lat' dir='ltr'><strong>non</strong></span> <span class='ocrx_word' id='word_1_234' title='bbox 888 3783 988 3849; x_wconf 90' lang='lat' dir='ltr'><strong>dubia</strong></span> <span class='ocrx_word' id='word_1_235' title='bbox 1020 3800 1110 3850; x_wconf 88' lang='lat' dir='ltr'><strong>erant</strong></span> <span class='ocrx_word' id='word_1_236' title='bbox 1142 3785 1333 3852; x_wconf 87' lang='lat' dir='ltr'><strong>inimicitiae</strong></span> <span class='ocrx_word' id='word_1_237' title='bbox 1364 3785 1481 3868; x_wconf 89' lang='lat' dir='ltr'><strong>signa,</strong></span> <span class='ocrx_word' id='word_1_238' title='bbox 1516 3800 1548 3850; x_wconf 91' lang='lat' dir='ltr'><strong>et</strong></span> 
     </span>
     <span class='ocr_line' id='line_1_30' title="bbox 366 3889 1547 3976; baseline 0.004 -21"><span class='ocrx_word' id='word_1_239' title='bbox 366 3889 463 3955; x_wconf 91' lang='lat' dir='ltr'><strong>simul</strong></span> <span class='ocrx_word' id='word_1_240' title='bbox 488 3889 527 3952; x_wconf 92' lang='lat' dir='ltr'><strong>ab</strong></span> <span class='ocrx_word' id='word_1_241' title='bbox 549 3890 681 3974; x_wconf 88' lang='lat' dir='ltr'><strong>hospite</strong></span> <span class='ocrx_word' id='word_1_242' title='bbox 713 3893 917 3958; x_wconf 88' lang='lat' dir='ltr'><strong>Bantamensi</strong></span> <span class='ocrx_word' id='word_1_243' title='bbox 948 3908 1045 3976; x_wconf 89' lang='lat' dir='ltr'><strong>atque</strong></span> <span class='ocrx_word' id='word_1_244' title='bbox 1075 3895 1147 3962; x_wconf 90' lang='lat' dir='ltr'><strong>aliis</strong></span> <span class='ocrx_word' id='word_1_245' title='bbox 1170 3895 1283 3962; x_wconf 90' lang='lat' dir='ltr'><strong>amicis</strong></span> <span class='ocrx_word' id='word_1_246' title='bbox 1305 3896 1547 3963; x_wconf 88' lang='lat' dir='ltr'><strong>nuntiabantur</strong></span> 
     </span>
     <span class='ocr_line' id='line_1_31' title="bbox 366 3998 1548 4094; baseline 0.006 -30"><span class='ocrx_word' id='word_1_247' title='bbox 366 3999 499 4064; x_wconf 88' lang='lat' dir='ltr'><strong>vendita</strong></span> <span class='ocrx_word' id='word_1_248' title='bbox 521 3998 689 4068; x_wconf 89' lang='lat' dir='ltr'><strong>Lusitanis</strong></span> <span class='ocrx_word' id='word_1_249' title='bbox 714 4003 833 4068; x_wconf 87' lang='lat' dir='ltr'><strong>ducum</strong></span> <span class='ocrx_word' id='word_1_250' title='bbox 857 4005 1000 4071; x_wconf 90' lang='lat' dir='ltr'><strong>omnium</strong></span> <span class='ocrx_word' id='word_1_251' title='bbox 1024 4006 1140 4088; x_wconf 91' lang='lat' dir='ltr'><strong>capita.</strong></span> <span class='ocrx_word' id='word_1_252' title='bbox 1188 4009 1299 4094; x_wconf 89' lang='lat' dir='ltr'><strong>Quare</strong></span> <span class='ocrx_word' id='word_1_253' title='bbox 1319 4008 1457 4074; x_wconf 89' lang='lat' dir='ltr'><strong>navium</strong></span> <span class='ocrx_word' id='word_1_254' title='bbox 1480 4008 1548 4091; x_wconf 92' lang='lat' dir='ltr'><strong>pri-</strong></span> 
     </span>
     <span class='ocr_line' id='line_1_32' title="bbox 367 4112 1549 4199; baseline 0.012 -28"><span class='ocrx_word' id='word_1_255' title='bbox 367 4127 472 4172; x_wconf 89' lang='lat' dir='ltr'><strong>mores</strong></span> <span class='ocrx_word' id='word_1_256' title='bbox 506 4112 692 4191; x_wconf 92' lang='lat' dir='ltr'><strong>postulante</strong></span> <span class='ocrx_word' id='word_1_257' title='bbox 724 4112 887 4197; x_wconf 92' lang='lat' dir='ltr'><strong>praefecto</strong></span> <span class='ocrx_word' id='word_1_258' title='bbox 917 4116 1146 4199; x_wconf 88' lang='lat' dir='ltr'><strong>Bantamensi,</strong></span> <span class='ocrx_word' id='word_1_259' title='bbox 1183 4133 1220 4182; x_wconf 94' lang='lat' dir='ltr'><strong>ut</strong></span> <span class='ocrx_word' id='word_1_260' title='bbox 1251 4118 1295 4183; x_wconf 74' lang='lat' dir='ltr'><strong>ad·</strong></span> <span class='ocrx_word' id='word_1_261' title='bbox 1325 4139 1360 4184; x_wconf 88' lang='lat' dir='ltr'><strong>se</strong></span> <span class='ocrx_word' id='word_1_262' title='bbox 1392 4119 1549 4186; x_wconf 86' lang='lat' dir='ltr'><strong>venirent</strong></span> 
     </span>
     <span class='ocr_line' id='line_1_33' title="bbox 367 4219 1547 4310; baseline 0.013 -28"><span class='ocrx_word' id='word_1_263' title='bbox 367 4219 459 4282; x_wconf 90' lang='lat' dir='ltr'><strong>velut</strong></span> <span class='ocrx_word' id='word_1_264' title='bbox 477 4238 584 4284; x_wconf 90' lang='lat' dir='ltr'><strong>coram</strong></span> <span class='ocrx_word' id='word_1_265' title='bbox 603 4224 688 4305; x_wconf 85' lang='lat' dir='ltr'><strong>leges</strong></span> <span class='ocrx_word' id='word_1_266' title='bbox 708 4225 909 4290; x_wconf 90' lang='lat' dir='ltr'><strong>commerciis</strong></span> <span class='ocrx_word' id='word_1_267' title='bbox 930 4227 1113 4310; x_wconf 89' lang='lat' dir='ltr'><strong>accepturi,</strong></span> <span class='ocrx_word' id='word_1_268' title='bbox 1137 4247 1346 4310; x_wconf 90' lang='lat' dir='ltr'><strong>nequaquam</strong></span> <span class='ocrx_word' id='word_1_269' title='bbox 1368 4245 1547 4297; x_wconf 91' lang='lat' dir='ltr'><strong>venerunt.</strong></span> 
     </span>
     <span class='ocr_line' id='line_1_34' title="bbox 367 4325 1546 4424; baseline 0.014 -34"><span class='ocrx_word' id='word_1_270' title='bbox 367 4325 456 4392; x_wconf 91' lang='lat' dir='ltr'><strong>Hinc</strong></span> <span class='ocrx_word' id='word_1_271' title='bbox 485 4325 556 4393; x_wconf 91' lang='lat' dir='ltr'><strong>orta</strong></span> <span class='ocrx_word' id='word_1_272' title='bbox 585 4332 786 4401; x_wconf 88' lang='lat' dir='ltr'><strong>dissensione</strong></span> <span class='ocrx_word' id='word_1_273' title='bbox 816 4334 900 4402; x_wconf 89' lang='lat' dir='ltr'><strong>inter</strong></span> <span class='ocrx_word' id='word_1_274' title='bbox 932 4337 1110 4404; x_wconf 91' lang='lat' dir='ltr'><strong>Lusitanos</strong></span> <span class='ocrx_word' id='word_1_275' title='bbox 1132 4353 1164 4404; x_wconf 93' lang='lat' dir='ltr'><strong>et</strong></span> <span class='ocrx_word' id='word_1_276' title='bbox 1186 4339 1444 4424; x_wconf 80' lang='lat' dir='ltr'><strong>Brntamenses,</strong></span> <span class='ocrx_word' id='word_1_277' title='bbox 1469 4363 1546 4408; x_wconf 91' lang='lat' dir='ltr'><strong>cum</strong></span> 
     </span>
     <span class='ocr_line' id='line_1_35' title="bbox 366 4437 1547 4535; baseline 0.009 -29"><span class='ocrx_word' id='word_1_278' title='bbox 366 4437 515 4506; x_wconf 83' lang='lat' dir='ltr'><strong>Lusitani</strong></span> <span class='ocrx_word' id='word_1_279' title='bbox 539 4441 582 4504; x_wconf 93' lang='lat' dir='ltr'><strong>ob</strong></span> <span class='ocrx_word' id='word_1_280' title='bbox 605 4463 732 4511; x_wconf 88' lang='lat' dir='ltr'><strong>causam</strong></span> <span class='ocrx_word' id='word_1_281' title='bbox 756 4448 829 4513; x_wconf 91' lang='lat' dir='ltr'><strong>data</strong></span> <span class='ocrx_word' id='word_1_282' title='bbox 852 4467 947 4515; x_wconf 89' lang='lat' dir='ltr'><strong>causa</strong></span> <span class='ocrx_word' id='word_1_283' title='bbox 967 4467 1033 4514; x_wconf 95' lang='lat' dir='ltr'><strong>non</strong></span> <span class='ocrx_word' id='word_1_284' title='bbox 1055 4463 1165 4516; x_wconf 89' lang='lat' dir='ltr'><strong>secuta</strong></span> <span class='ocrx_word' id='word_1_285' title='bbox 1186 4459 1418 4535; x_wconf 85' lang='lat' dir='ltr'><strong>reposcerent,</strong></span> <span class='ocrx_word' id='word_1_286' title='bbox 1453 4453 1547 4521; x_wconf 91' lang='lat' dir='ltr'><strong>alteri</strong></span> 
     </span>
    </p>
   </div>
   <div class='ocr_carea' id='block_1_9' title="bbox 0 0 1674 5506">
    <p class='ocr_par' dir='ltr' id='par_1_9' title="bbox 0 0 1674 5506">
     <span class='ocr_line' id='line_1_36' title="bbox 0 0 1674 5506; baseline 0 0"><span class='ocrx_word' id='word_1_287' title='bbox 0 0 1674 5506; x_wconf 95' lang='lat' dir='ltr'><strong> </strong></span> 
     </span>
    </p>
   </div>
  </div>
 </body>
</html>
