3326 5506
453 609 500 654 DE
524 609 618 676 JURE
645 607 827 654 PRAEDAE.
854 609 934 654 CAP.
959 609 1022 656 ΧΠ.
1265 612 1327 674 215

156 777 295 828 vocatur
316 763 486 845 proprium
510 777 559 829 est
582 761 762 845 quiddam,
787 777 843 829 aut
865 778 903 829 ut
925 763 1056 830 illorum
1076 783 1166 830 more
1187 766 1328 847 loquar,

158 873 319 955 privative
354 875 394 940 ad
426 875 509 942 alios
541 874 673 941 dicitur.
716 876 797 961 Jure
828 877 934 958 primo
967 875 1138 960 gentium,
1172 879 1265 959 quod
1297 893 1329 943 et

157 988 305 1052 naturale
329 988 492 1054 interdurn
517 988 679 1069 dicimus,
704 1002 736 1054 et
754 989 846 1070 quod
865 1003 982 1071 poetae
1003 988 1081 1054 alibi
1094 1003 1197 1055 aetate
1210 1009 1328 1071 aurea,

158 1098 237 1163 alibi
273 1099 406 1166 Saturni
429 1114 487 1166 aut
511 1100 666 1185 Justitiae
689 1120 789 1186 regno
813 1099 1019 1184 depingunt,
1053 1100 1137 1167 nihil
1159 1101 1327 1184 proprium

157 1207 241 1274 fuit:
268 1211 360 1292 quod
383 1211 500 1278 Cicero
525 1211 628 1279 dixit:
653 1213 740 1278 Sunt
764 1226 876 1278 autam
894 1216 1040 1298 privata
1064 1213 1160 1280 nulla
1184 1226 1328 1292 natura,

157 1335 191 1387 et
214 1322 376 1388 Horatius
397 1327 426 1387 ¹:

267 1434 362 1500 Nam
379 1439 542 1522 propriae
562 1435 697 1501 telluris
719 1437 835 1501 derum
857 1450 987 1502 natura
1010 1457 1067 1502 nec
1089 1435 1209 1516 illum,

269 1547 342 1611 Nec
365 1567 435 1622 me,
459 1568 516 1612 nec
538 1567 734 1632 quemquam
757 1551 892 1640 statuit.

200 1657 323 1739 Neque
344 1657 428 1723 enirn
448 1657 560 1740 potuit
579 1671 694 1724 natura
716 1657 866 1724 dominos
884 1658 1100 1744 distinguere.
1135 1661 1209 1726 Hoc
1229 1661 1330 1746 igitur

156 1768 348 1854 significatu
377 1789 431 1836 res
454 1789 567 1837 ornnes
598 1789 637 1836 eo
657 1785 803 1853 tempore
827 1791 1017 1838 communes
1040 1771 1144 1838 fuisse
1166 1774 1329 1855 dicimus,

157 1880 243 1946 idem
265 1880 441 1947 innuentes
461 1881 553 1963 quod
571 1896 708 1964 poetae,
726 1902 801 1950 curn
822 1882 946 1966 primos
964 1884 1114 1950 homines
1133 1885 1167 1950 in
1187 1886 1329 1952 medium

158 1993 363 2075 quaesivisse
384 2006 418 2058 et
436 1991 605 2077 Justitiam
628 2009 719 2061 casto
742 1993 875 2061 foedere
896 2014 948 2062 res
969 1996 1091 2063 medias
1113 1997 1258 2063 tenuisse
1282 1999 1330 2062 di-

157 2119 257 2172 cunt:
283 2105 375 2187 quod
397 2120 435 2171 ut
465 2104 588 2170 clarius
616 2105 803 2188 explicent,
828 2121 948 2192 negant
969 2129 1007 2174 eo
1030 2123 1176 2192 tempore
1199 2129 1330 2194 campos

158 2215 263 2283 limite
285 2216 446 2301 partitos,
470 2233 527 2284 aut
549 2219 742 2284 commercia
763 2217 865 2285 fuisse
887 2220 972 2284 ulla:

660 2334 854 2418 promiscua
878 2351 966 2397 rura
983 2346 1048 2417 per
1070 2353 1169 2424 agros

285 2441 539 2508 Praestiterant
560 2446 688 2508 cunctis
710 2447 896 2508 communia
918 2457 1039 2508 cuncta
1062 2443 1173 2511 videri
1184 2442 1206 2510 ².

203 2553 308 2618 Recte
340 2553 487 2621 additum
519 2569 569 2620 est
590 2554 725 2635 rideri,
747 2569 883 2638 propter
912 2556 1156 2622 translationem
1181 2571 1218 2622 ut
1248 2555 1332 2622 dixi-

158 2683 233 2731 mus
252 2665 418 2732 vocabuli.
466 2666 667 2733 Communio
688 2681 795 2732 autern
823 2666 885 2734 ista
908 2667 948 2732 a'd
969 2687 1065 2734 usum
1091 2667 1308 2735 referebatur:

641 2782 795 2864 pervium
819 2783 948 2844 cunctis
970 2783 1061 2861 iter,

382 2888 569 2956 Comarum's
591 2911 668 2956 urus
692 2893 835 2956 omnium
857 2910 971 2955 rerum
987 2890 1065 2974 fuit
1088 2895 1111 2957 ³.

203 3004 313 3087 Cujus
345 3003 469 3069 ratione
493 3001 675 3068 dominium
707 3002 872 3084 quoddam
893 3017 983 3084 erat,
1008 3001 1065 3067 sed
1089 3002 1274 3070 universale
1299 3019 1332 3068 et

157 3115 386 3181 indefinitum:
411 3116 504 3181 Deus
528 3114 613 3178 enim
636 3134 687 3180 res
710 3133 822 3180 omnes
842 3133 908 3178 non
926 3113 1003 3179 huic
1025 3128 1083 3179 aut
1107 3113 1155 3180 illi
1179 3114 1331 3196 dederat,

160 3228 219 3293 sed
237 3229 381 3294 humano
401 3227 510 3311 generi
535 3241 635 3308 atque
655 3246 693 3291 eo
714 3226 812 3292 modo
833 3227 945 3310 plures
968 3225 1001 3291 in
1023 3226 1165 3292 solidum
1187 3226 1331 3312 ejusdem

160 3339 207 3404 rei
237 3339 361 3405 domini
392 3358 462 3406 esse
483 3357 551 3404 non
569 3338 845 3420 prohibebantur:
870 3337 985 3420 quod,
1008 3337 1035 3404 si
1054 3337 1211 3404 hodierna
1231 3339 1334 3423 signi·

162 3450 317 3516 ficatione
346 3471 512 3516 sumamus
546 3450 753 3532 dominium,
781 3463 895 3515 contra
920 3469 1053 3515 omnem
1084 3464 1134 3516 est
1161 3450 1331 3519 rationein.

161 3561 237 3629 Hoc
261 3561 346 3627 enim
369 3561 600 3646 proprietatem
621 3561 785 3643 includit,
811 3581 893 3644 quae
923 3576 1003 3626 tunc
1024 3575 1091 3627 erat
1109 3581 1207 3644 penes
1231 3562 1338 3628 nemi·¹

159 3695 246 3744 nem.
292 3675 476 3758 Aptissime
500 3689 607 3740 autem
630 3673 714 3740 illud
735 3673 859 3740 dictum
880 3687 949 3739 est:

732 3788 841 3850 omnia
865 3805 979 3850 rerum

511 3897 717 3983 Usurpantis
740 3911 838 3962 erant
855 3901 877 3963 ⁴.
926 3949 929 3952 .

206 4010 264 4076 Ad
284 4030 352 4077 earn
373 4030 451 4078 vero
476 4030 560 4092 quae
582 4029 670 4075 nunc
694 4024 743 4075 est
763 4008 982 4075 dominiorum
1002 4009 1244 4076 distinctionem
1266 4029 1332 4076 non

161 4227 353 4240 ψ...

96 4427 100 4434 Ι
196 4369 286 4431 ¹[Sat.
302 4371 318 4417 1.
339 4384 361 4418 a.
380 4383 403 4418 a.
422 4383 459 4420 vs.
480 4383 533 4432 129.
551 4369 601 4430 sq.]
638 4367 780 4418 ²Avicnus
799 4370 824 4418 in
843 4369 966 4418 Aracacis.
987 4367 1038 4432 [vs.
1056 4368 1173 4430 302.sq.]
1208 4365 1330 4420 ³Scncca

163 4459 270 4510 octavia
290 4461 341 4522 [vs.
359 4475 416 4522 402.
435 4459 485 4524 sq.]
521 4458 532 4491 ⁴
550 4460 664 4510 Avienus
683 4461 747 4510 ibid.
768 4459 818 4524 [vs.
838 4461 906 4522 son]
