3362 5504
338 589 401 671 296
633 607 681 652 ns
704 605 798 671 juna
823 603 1008 651 onerosa.
1033 604 1116 650 car.
1141 605 1221 652 xrrr.

193 781 229 826 aa
254 782 379 848 conates.
425 760 545 827 Praeda
563 776 668 827 autem
690 759 767 826 belli
788 758 937 843 publici,
961 773 999 824 ut
1022 757 1099 824 alibi
1128 758 1294 843 diximus,
1320 759 1514 844 simpliciter

179 836 324 951 ii'pf'iif'
338 874 470 957 quidem
502 888 534 940 et
555 873 627 956 ipso
646 874 721 958 jure
742 871 926 955 acquiritur
946 870 1165 954 reipublicae:
1190 873 1247 938 sed
1277 887 1387 956 potest
1410 871 1515 957 assig-

337 986 468 1052 natione
497 985 630 1069 speciali
659 1000 717 1052 aut
738 983 880 1070 generali
901 986 972 1069 lege
997 983 1101 1065 effici,
1126 998 1164 1050 ut
1186 983 1238 1050 his
1259 983 1340 1067 ipsis
1362 984 1513 1067 acquira-

337 1113 409 1178 tur,
420 1119 479 1181 per
497 1118 583 1180 quos
601 1098 750 1180 praedam
773 1095 957 1180 respublica
974 1095 1179 1178 acquireret,
1203 1109 1260 1161 aut
1280 1110 1349 1161 tota
1369 1111 1428 1162 aut
1450 1115 1512 1178 pro

337 1224 439 1293 parte.
485 1209 736 1276 Consuetudine
769 1222 876 1274 autem
910 1206 1133 1274 vetustissima
1167 1206 1295 1272 Galliae
1325 1222 1357 1273 et
1380 1207 1511 1292 Belgii,

179 1336 407 1388 An.rrrr11.tum
439 1341 518 1388 vero
551 1336 584 1387 et
613 1322 685 1405 lege
714 1319 847 1403 speciali
882 1319 1078 1386 Batavorum
1122 1320 1192 1403 eius
1225 1320 1385 1402 praedae,
1426 1340 1512 1400 quae

180 1389 317 1437 Instructiu-

179 1445 230 1542 32„
232 1445 326 1545 'from
337 1432 472 1517 publico
503 1433 636 1516 quidem
661 1432 813 1498 mandato
843 1446 935 1515 capta
966 1447 1035 1513 est,
1059 1431 1117 1496 sed
1141 1431 1180 1496 ab
1204 1430 1243 1496 iis
1263 1431 1403 1498 navibus
1428 1451 1511 1514 quas

179 1552 218 1597 ³¹¹1·
337 1546 457 1629 privati
478 1546 697 1625 adornarunt,
720 1565 794 1628 pars
815 1544 930 1626 quinta
952 1543 1174 1627 reipublicae,
1198 1542 1323 1609 decima
1345 1542 1510 1626 praefecto

338 1657 434 1724 maris
466 1658 622 1723 debetur:
647 1658 739 1741 quod
770 1671 871 1723 restat
897 1656 931 1721 id
954 1656 1040 1722 inter
1060 1656 1274 1735 exercitores,
1297 1656 1508 1739 capitaneos,

337 1769 489 1836 officiales
511 1785 691 1852 nautasque
715 1769 876 1834 dividitur
895 1770 988 1852 juxta
1012 1788 1117 1833 mores
1138 1782 1195 1834 aut
1217 1782 1311 1850 pacta
1332 1783 1506 1834 conventa.

336 1884 447 1970 Quare
468 1904 542 1950 cum
565 1903 664 1949 naves
687 1882 837 1966 propriae
859 1880 982 1948 fuerint
1001 1880 1105 1964 ipsius
1129 1879 1317 1960 societatis,
1352 1879 1508 1944 navarchi

336 2009 369 2060 et
390 2010 508 2061 nautae
532 2013 645 2060 omnes
667 1993 833 2061 societatis
854 1993 1019 2076 stipendio
1044 1992 1223 2075 conducti,
1256 2013 1342 2058 arma
1364 2013 1382 2058 a
1404 1993 1507 2058 socie·

336 2122 400 2173 tate
419 2107 571 2201 addita,
611 2125 707 2172 omne
754 2105 897 2188 denique
940 2105 1122 2188 periculum
1164 2119 1359 2188 sumtusque
1402 2105 1508 2172 omnis

335 2219 521 2286 societatem
554 2219 773 2302 spectaverit,
806 2237 865 2284 nec
900 2219 999 2283 ullam
1031 2217 1211 2283 mercedem
1235 2216 1421 2299 respublica
1445 2218 1508 2300 ipsi

188 2348 224 2392 aa
241 2351 320 2398 coron.
334 2331 541 2413 promiserit,
574 2352 640 2396 non
673 2333 744 2416 lege
762 2345 888 2397 tantum
907 2329 982 2411 illa,
1006 2329 1064 2394 sed
1087 2329 1252 2394 communi
1271 2329 1371 2413 ,etiarn
1396 2349 1506 2412 recep-

173 2413 222 2463 ’φ’
241 2405 273 2450 Χ’
334 2458 437 2524 toque
465 2446 562 2529 jure,
587 2459 678 2510 extra
699 2443 734 2508 id
765 2442 857 2525 quod
878 2440 1065 2524 specialiter
1088 2457 1259 2525 exceptum
1291 2456 1340 2506 est
1360 2456 1394 2506 et
1414 2441 1509 2524 quod

334 2554 443 2621 nautis
472 2555 633 2635 debetur,
666 2556 783 2638 praeda
808 2553 914 2618 omnis
937 2553 978 2618 ad
999 2553 1188 2619 societatem
1214 2552 1366 2636 pertinet.
1415 2553 1508 2618 Con-

175 2689 242 2735 oasa
260 2689 283 2737 a
299 2708 320 2750 9.
333 2666 427 2733 venit
457 2667 536 2732 haec
569 2665 737 2732 conclusio
760 2666 900 2749 primum
925 2686 999 2731 cum
1030 2665 1190 2732 sententia
1210 2665 1359 2750 judicum
1382 2664 1508 2730 mariti-

175 2747 279 2854 w».
297 2761 319 2792 ⁶⁸
334 2799 485 2859 morum,
510 2778 568 2860 qui
591 2778 632 2843 ad
654 2777 908 2862 postulationem
930 2776 1097 2843 societatis
1115 2777 1262 2857 Indicae,
1286 2778 1412 2844 vocatis
1437 2799 1508 2844 orn-

333 2889 431 2955 nibus
466 2910 606 2972 quorum
637 2889 672 2956 id
703 2889 856 2955 intererat
888 2904 919 2954 et
942 2910 1037 2954 causa
1060 2910 1100 2956 ex
1124 2889 1319 2956 eremodicio
1348 2891 1505 2976 cognita,

332 3002 588 3085 pronuntiarunt
601 3003 732 3087 jartam
748 3000 912 3087 praedam
935 3023 974 3066 oc
989 3002 1219 3088 joroportom
1239 3003 1350 3069 sideri
1361 3026 1373 3067 .·
1388 3004 1506 3070 deinde

333 3134 412 3180 vero
446 3134 521 3179 cum
555 3113 686 3179 decreto
722 3112 883 3178 Ordinum
916 3113 1131 3192 Hollandiae3
1166 3114 1321 3196 quicum
1346 3115 1505 3182 adversus

334 3225 477 3290 eamdem
501 3224 689 3290 societatem
719 3225 774 3309 jus
798 3223 869 3290 fisci
897 3223 931 3289 in
950 3225 1205 3291 controversiam
1226 3240 1423 3307 vocaretur,
1448 3248 1506 3310 ap-

332 3337 467 3420 probata
483 3337 600 3418 praeda
620 3334 730 3402 verbis
750 3356 847 3417 quam
868 3335 1225 3416 honorificentissimis,
1253 3337 1373 3420 fiscali,
1387 3359 1505 3421 quaes·

332 3447 460 3514 toribus
493 3462 525 3513 et
556 3448 683 3513 cunctis
706 3447 950 3532 magistratibus
974 3447 1168 3528 edixerunt,
1192 3449 1241 3514 uti
1263 3470 1331 3515 eam
1352 3451 1504 3533 praedam

333 3574 364 3626 et
394 3580 477 3642 quae
500 3560 533 3624 in
556 3575 724 3642 posterum
744 3560 831 3641 apud
851 3560 950 3625 Indos
972 3576 1186 3642 caperentur,
1210 3575 1322 3648 utpote
1342 3562 1422 3628 belli
1439 3578 1506 3649 po-

331 3671 411 3736 blici
432 3675 703 3756 consequentior,
724 3671 858 3736 arbitrio
883 3671 1045 3737 Ordinum
1069 3670 1309 3738 foederatorum
1327 3689 1360 3740 et
1372 3675 1505 3760 collegii

331 3781 484 3848 maritimi
526 3782 762 3866 permitterent.
816 3783 862 3848 Et
903 3784 982 3848 baec
1016 3783 1147 3864 quidem
1181 3785 1221 3849 ad
1253 3785 1504 3868 explicationem

331 3895 424 3978 ejus,
450 3914 534 3974 quae
557 3892 653 3958 initio
674 3893 841 3975 proposita
863 3893 947 3976 fuit,
973 3895 1179 3976 quaestionis
1202 3897 1348 3962 sufficere
1373 3899 1504 3965 debent.

200 4009 316 4062 Parslll·
332 4005 396 4070 Sed
428 4024 468 4070 ne
501 4003 576 4087 quis
600 4003 643 4069 sit
665 4003 849 4088 refragandi
871 4009 964 4073 locus
987 4006 1176 4091 adjiciemus
1196 4022 1228 4072 et
1248 4007 1351 4073 illud:
1377 4010 1503 4076 etiamsi

331 4129 364 4181 et
386 4136 514 4181 causam
549 4114 710 4180 Ordinum
745 4129 777 4180 et
805 4117 956 4182 mandata
979 4120 1018 4183 ab
1042 4119 1105 4184 boc
1128 4118 1216 4184 facto
1239 4140 1428 4204 removeas,
1453 4122 1502 4186 ni-

329 4226 508 4293 hilominus
543 4226 664 4293 bellum
700 4247 766 4292 non
797 4228 925 4312 justum
959 4243 1085 4295 tantum
1114 4229 1240 4314 fuisse,
1264 4253 1378 4299 verum
1404 4233 1498 4299 etiam

328 4338 498 4421 publicum
528 4354 560 4404 et
593 4340 743 4422 praedam
770 4341 919 4406 societati
942 4342 1073 4408 Indicae
1096 4343 1310 4426 acquisitam:
1335 4344 1437 4428 idque
1460 4366 1498 4410 ex

329 4470 440 4516 eorum
459 4450 533 4534 jure
554 4450 676 4533 quibus
699 4451 808 4517 eadem
831 4452 970 4520 societas
993 4455 1191 4526 bellantibus
1211 4476 1269 4539 per
1290 4457 1497 4524 administros
