3362 5504
328 607 386 666 354
810 608 1019 652 nocunun‘rn.

327 793 356 840 et
387 781 503 854 insuper
534 795 593 838 eam
625 779 741 852 publica
771 783 907 840 auctione
939 781 1026 842 vendi
1058 782 1179 852 debere,
1210 795 1244 842 ut
1264 787 1405 858 pecunia,
1428 803 1501 860 quae

327 883 395 942 inde
416 883 530 951 redeat,
553 883 704 942 dividatur
724 900 761 942 ex
783 883 882 943 edicto
905 884 1051 946 Ordinurn
1074 887 1299 947 foederatorum.

369 989 518 1048 Sententia
538 986 617 1046 dicta
637 999 679 1052 est
701 989 731 1046 in
753 990 878 1062 collegio
900 989 1129 1060 Admiralitatis,
1150 994 1187 1050 D.
1209 1009 1239 1064 9.
1262 994 1342 1066 Sept.
1361 995 1398 1052 A.
1414 995 1506 1068 1604.

869 1387 944 1484 IV
950 1465 959 1484 .

461 1644 539 1701 Pnns
562 1643 736 1701 Earsronne
758 1643 901 1700 Errscoar
925 1643 1150 1701 lllnnncceusrs
1174 1659 1214 1700 nu
1236 1643 1365 1701 Reorm.
1426 1647 1428 1652 ’

757 1747 794 1803 Α.
819 1747 903 1803 1600.
926 1748 1002 1804 Aen.
1025 1761 1072 1816 30.

373 2144 503 2201 Litterae
531 2144 654 2217 scriptae
679 2143 715 2200 ab
736 2141 900 2200 hominibus
922 2139 1006 2214 fidis,
1027 2156 1101 2216 quae
1121 2140 1157 2199 ad
1178 2157 1230 2199 nos
1252 2144 1377 2215 perlatae
1399 2153 1466 2200 sunt
1488 2159 1505 2199 e

332 2263 422 2320 tegno
455 2247 584 2317 sinensi‚
614 2246 762 2314 Malacca,
793 2245 915 2303 Maluco
940 2245 1060 2317 aliisque
1082 2245 1154 2302 locis
1174 2243 1339 2303 meridianis
1360 2242 1506 2322 (scriptae

331 2362 414 2408 erant
443 2367 538 2409 mense
567 2351 678 2408 Martio
698 2349 767 2406 anni
791 2345 887 2426 1600)
908 2347 1080 2407 confirmant
1100 2365 1178 2406 anno
1200 2350 1348 2424 superiore
1373 2364 1449 2423 1599
1468 2349 1507 2406 ad

332 2466 422 2512 terras
443 2471 542 2512 versus
567 2452 715 2511 meridiem
736 2454 803 2510 sitas
823 2453 936 2511 venisse
957 2468 1043 2511 naves
1065 2451 1218 2512 duodecim
1239 2471 1276 2512 ex
1299 2453 1456 2512 Hollandia
1477 2466 1508 2512 et

333 2556 505 2630 Zeelandia‚
526 2573 647 2630 quarum
669 2555 766 2615 decem
791 2554 918 2614 Sundam
940 2557 996 2615 iter
1006 2558 1170 2624 verterint,
1192 2555 1264 2615 duae
1275 2574 1374 2616 versus
1386 2574 1508 2631 regnum

334 2662 459 2733 Achini;
490 2662 539 2719 has
559 2672 654 2720 autern
677 2677 763 2718 naves
785 2661 842 2718 iter
862 2677 900 2718 ex
923 2658 1080 2718 Hollandia
1102 2661 1257 2734 suscepisse
1278 2677 1355 2719 anno
1381 2665 1454 2734 1598
1478 2674 1508 2720 et

333 2767 469 2824 hiemasse
500 2766 530 2822 ln
562 2766 655 2822 insula
689 2763 742 2822 Sti.
773 2764 943 2822 Laurentii:
975 2765 1011 2821 ab
1042 2765 1129 2823 initio
1150 2763 1236 2823 fuisse
1258 2781 1345 2822 naves
1366 2764 1509 2834 sedecim,

333 2871 426 2944 copiis
446 2869 618 2927 militaribus
639 2868 713 2926 bene
734 2869 907 2935 instructas,
929 2866 978 2925 sed
998 2884 1067 2928 mox
1088 2869 1239 2942 naufragio
1261 2870 1384 2927 amisisse
1404 2886 1507 2927 navem

333 2973 523 3049 praetoriam:
546 2983 603 3030 tres
623 2972 691 3030 alias
712 2988 799 3030 naves
820 2973 876 3031 iter
896 2973 1016 3030 vertisse
1037 2970 1073 3030 ad
1095 2973 1237 3031 Gulneam
1258 2973 1297 3030 ob
1315 2985 1509 3046 tempestates.

334 3078 405 3136 Non
433 3075 541 3135 dicitur
571 3092 709 3149 quorsum
739 3087 797 3135 tres
819 3077 885 3133 illae
906 3092 993 3134 naves
1014 3075 1080 3135 dein
1102 3092 1131 3135 se
1152 3078 1350 3136 contulerint:
1371 3075 1407 3134 ad
1429 3077 1508 3134 hunc

334 3179 410 3240 diem
433 3182 505 3239 nihil
527 3179 562 3238 de
584 3181 641 3238 illis
663 3180 693 3237 ln
715 3179 763 3238 bas
779 3195 844 3237 oras
864 3179 1010 3254 pervenit.

374 3286 420 3343 De
450 3285 572 3343 navibus
603 3282 718 3351 decem,
750 3298 823 3356 quae
856 3280 981 3341 Sundam
1013 3294 1228 3357 pervenerunt,
1260 3285 1355 3342 statim
1382 3297 1510 3358 quatuor

334 3389 436 3463 pipere
457 3400 486 3446 et
506 3388 640 3446 aromatis
660 3395 782 3445 onustae
804 3385 920 3444 domum
942 3397 1145 3458 reverterunt,
1165 3403 1261 3445 mense
1283 3387 1418 3461 Januario
1439 3391 1509 3448 anni

339 3507 431 3569 1599,
462 3492 535 3550 nihil
567 3492 634 3550 mali
667 3489 809 3564 indigenis
835 3490 1008 3560 inferentes,
1028 3491 1122 3549 minus
1143 3491 1228 3550 etiam
1249 3492 1413 3563 Lusitanis;
1433 3494 1509 3550 nulli

336 3595 462 3670 denique
483 3595 594 3654 nationi
616 3593 772 3668 quidquam
794 3606 930 3653 crearunt
951 3596 1108 3653 molestiae.
1140 3595 1226 3669 Piper
1247 3596 1283 3653 ab
1304 3597 1339 3654 iis
1359 3595 1510 3654 emebatur

337 3701 458 3774 triginta
488 3699 651 3773 regalibus,
681 3699 771 3756 macis
802 3714 873 3756 vero
905 3708 934 3756 et
966 3699 1147 3774 caryoplnylll
1179 3710 1208 3757 et
1235 3715 1323 3757 nuces
1344 3700 1511 3774 myristicae

336 3804 490 3876 octoginta
520 3806 567 3862 vel
599 3804 756 3876 nonaginta
787 3801 947 3875 regalibus:
979 3817 1015 3860 ne
1036 3800 1129 3860 dicam
1151 3800 1186 3860 de
1207 3802 1270 3859 aliis
1290 3802 1452 3871 mercibus,
1473 3802 1511 3862 de

336 3923 457 3981 quarum
490 3906 585 3980 pretio
616 3905 686 3963 milri
718 3923 777 3964 non
809 3917 943 3964 constat:
975 3906 1032 3964 hoc
1064 3922 1156 3966 unum
1188 3907 1322 3965 novimus
1342 3923 1390 3965 eos
1412 3908 1513 3966 omnia

337 4011 468 4076 maximis
489 4010 589 4083 pretiis
610 4010 710 4068 emisse
731 4021 761 4068 et
782 4007 906 4067 fideliter
928 4010 1054 4067 solvisse.
1091 4009 1193 4082 Itaque
1213 4011 1330 4084 accepti
1352 4009 1512 4070 admodum

337 4127 367 4173 et
388 4115 462 4188 grati
495 4112 637 4187 indigenis
668 4124 767 4185 erant,
798 4114 935 4187 quoniam
962 4113 1037 4186 iusta
1058 4114 1229 4171 commercia
1249 4113 1426 4172 exercebant
1448 4116 1513 4176 sine

337 4220 367 4277 vi
388 4229 479 4291 atque
499 4218 615 4292 injuria.
656 4211 753 4276 Etiam
774 4219 866 4274 varias
880 4217 1110 4275 merceseterris
1122 4217 1180 4275 suis
1191 4220 1366 4288 attulerant,
1386 4233 1514 4292 quarum

337 4323 511 4392 nonnullas,
541 4337 615 4396 quae
646 4319 789 4395 indigenis
810 4322 875 4378 usui
897 4337 956 4378 esse
976 4331 1128 4394 poterant,
1149 4319 1317 4379 vendidere.
1359 4321 1516 4381 Praeterea

338 4433 482 4486 armor'um
514 4443 642 4500 magnam
674 4426 733 4483 vin
761 4427 853 4484 omnis
882 4426 993 4498 generis
1014 4440 1110 4484 secum
1131 4425 1292 4494 habebant,
1313 4442 1386 4498 quae
1407 4443 1516 4500 magno
