3316 5494
337 627 395 688 118
614 645 661 690 ms
684 644 777 709 June
804 642 987 690 runcone.
1013 642 1094 691 cnr.
1120 643 1203 690 v111.

332 796 395 862 diis
424 812 609 881 grassantur
633 804 660 866 ¹.
700 799 791 865 Quin
815 797 892 864 olim
917 798 1052 880 punitos
1071 798 1171 863 etiam
1201 794 1345 882 scimus,
1372 793 1431 878 qui
1455 793 1508 859 in-

329 909 424 992 jussu
444 909 673 993 imperatorum
697 911 853 977 adversus
873 910 1000 975 hostem
1023 929 1089 974 rem
1114 906 1263 991 quamvis
1284 907 1366 972 bene
1390 903 1509 989 gessis-

331 1035 403 1085 sent
419 1025 450 1098 2,
475 1035 642 1087 utcontra
665 1021 780 1087 merito
804 1020 955 1085 laudatur
979 1019 1061 1104 Cyri
1077 1020 1261 1101 illemiles,
1285 1017 1342 1099 qui
1355 1017 1507 1082 strictum

328 1130 393 1214 jam
418 1151 526 1196 ensem
550 1133 582 1197 in
606 1132 732 1215 proelio
755 1131 931 1215 repressit,
955 1131 1053 1196 simul
1085 1129 1231 1214 receptui
1261 1128 1353 1213 signa
1381 1127 1509 1191 cecine-

171 1241 316 1342 fssgsgffl·
330 1255 411 1308 rant.
453 1244 554 1330 Juste
584 1247 696 1328 igitur
724 1242 842 1308 bellum
872 1255 1005 1307 eatenus
1027 1241 1153 1306 subditi
1171 1253 1316 1327 gerunt,
1340 1253 1508 1324 quatenus

328 1355 480 1438 superior
489 1353 597 1438 jubet.
642 1354 716 1419 Hoc
738 1353 766 1420 si
788 1351 821 1418 in
851 1352 1037 1418 actionibus
1060 1351 1199 1436 singulis
1221 1369 1334 1416 verum
1360 1361 1433 1430 est,
1460 1362 1508 1414 et-

328 1463 391 1528 iam
415 1463 448 1527 in
469 1464 588 1546 praeda
610 1465 756 1530 obtineat
774 1483 904 1530 necesse
928 1463 1023 1546 est³,
1049 1483 1132 1545 quae
1157 1479 1193 1528 ut
1205 1483 1245 1528 ex
1256 1463 1344 1528 bello
1357 1460 1507 1526 nascitur

328 1575 373 1640 ita
399 1576 454 1660 jus
485 1575 636 1658 sequitur
666 1575 756 1641 belli.
805 1575 890 1640 Cum
914 1591 991 1659 ergo
1013 1574 1098 1640 bella
1120 1589 1272 1656 respectu
1295 1571 1505 1638 subditorum

325 1688 413 1771 justa
434 1685 501 1752 sint
532 1687 722 1768 utrimque,
746 1686 796 1752 uti
830 1686 1085 1751 demonstratum
1108 1699 1157 1750 est
1177 1687 1215 1764 ⁴,
1239 1703 1321 1766 quae
1341 1679 1506 1766 probabili

327 1797 530 1880 superiorum
563 1798 699 1881 imperio
721 1811 900 1882 geruntur,
926 1797 1080 1879 sequitur
1101 1811 1134 1861 et
1163 1794 1313 1878 praedam
1336 1793 1506 1875 utrimque

326 1927 393 1974 non
427 1909 548 1993 injuste
581 1909 652 1992 capi
687 1924 786 1991 atque
818 1909 914 1975 etiam
946 1907 1035 1973 licite
1068 1906 1198 1972 retineri
1231 1915 1274 1970 ’.ι
1314 1905 1385 1970 Cur
1418 1903 1504 1969 enim

327 2019 428 2103 magis
450 2019 580 2102 rapinae
603 2020 803 2085 conscientia
825 2033 996 2104 gravetur,
1020 2018 1079 2101 qui
1101 2038 1166 2082 rem
1188 2016 1343 2083 hostilem
1364 2015 1507 2080 donante

327 2131 494 2214 republica
527 2147 584 2197 aut
612 2132 801 2216 magistratu
836 2130 974 2214 accipit,
997 2129 1161 2196 cumillis
1185 2127 1403 2212 donandijus
1437 2146 1506 2192 esse

327 2257 442 2326 putet,
468 2262 563 2324 quam
588 2242 718 2322 caedis,
742 2243 769 2307 si
801 2261 899 2325 quem
923 2241 1036 2308 iisdem
1058 2239 1253 2324 jubentibus
1275 2237 1432 2306 occidat?
1455 2239 1505 2303 An

327 2354 356 2420 si
378 2375 445 2420 rem
475 2355 639 2421 sententia
667 2354 864 2438 publicatam
889 2373 907 2417 a
932 2352 1012 2419 fisco
1037 2371 1137 2416 emam
1161 2350 1244 2416 nihil
1266 2349 1346 2415 mibi
1371 2348 1411 2414 de
1436 2351 1507 2434 ejus

329 2465 506 2532 sententiae
539 2465 668 2549 justitia
690 2484 820 2531 necesse
845 2465 907 2530 erit
929 2463 1116 2546 inquirere,
1140 2462 1173 2527 in
1196 2464 1284 2529 bello
1308 2475 1416 2526 autem
1440 2479 1507 2526 non

328 2576 414 2642 idem
435 2576 685 2642 observabitur?
712 2577 814 2642 Recte
839 2575 940 2660 igitur
960 2573 1310 2658 theologilaflirmant
1333 2591 1425 2652 eum,
1449 2571 1507 2653 qui

330 2689 417 2754 bona
439 2687 504 2754 fide
525 2688 696 2774 pugnavit,
722 2703 794 2753 tuto
818 2686 937 2768 etiam,
962 2687 1053 2768 quod
1074 2685 1114 2751 ad
1133 2684 1363 2751 conscientiam
1375 2683 1507 2758 attinet,

329 2819 379 2866 res
405 2781 491 2866 bello
512 2816 622 2883 captas
643 2800 787 2866 detinere
811 2812 863 2878 et,
882 2798 1031 2880 quamvis
1052 2812 1165 2880 postea
1186 2797 1226 2862 de
1246 2795 1324 2862 belli
1345 2794 1508 2878 injustitia

330 2911 517 2992 erudiatur,
550 2912 591 2978 ad
620 2932 656 2976 ea
687 2927 793 2976 tamen
818 2929 901 2992 quae
933 2908 1115 2973 consumsit
1146 2907 1346 2972 restituenda
1370 2924 1438 2971 non
1462 2919 1507 2969 te-

330 3005 515 3106 neri,'nisi
545 3023 578 3088 in
609 3038 767 3106 quantum
791 3020 899 3087 factus
923 3034 972 3086 est
1001 3019 1208 3102 locupletior.
1253 3018 1389 3100 Semper
1421 3017 1505 3082 enim

329 3137 394 3201 hoc
415 3134 624 3221 privilegium
655 3134 760 3200 bonae
781 3131 859 3198 fidei
883 3130 1128 3215 possessoribus
1152 3129 1332 3212 competit,
1357 3149 1425 3211 quo
1448 3148 1506 3194 no-

329 3246 417 3313 mine
434 3265 508 3311 cum
528 3265 641 3311 omnes
662 3242 992 3326 comprehendamus,
1007 3241 1065 3324 qui
1085 3261 1153 3308 rem
1175 3262 1193 3306 a
1213 3261 1280 3307 non
1300 3239 1435 3307 domino
1455 3261 1506 3306 ac-

330 3372 487 3440 ceperunt
520 3376 616 3438 quern
646 3354 815 3420 dominum
845 3357 1004 3437 putabant
1027 3354 1038 3396 ⁷
1062 3373 1101 3418 eo
1134 3353 1256 3434 titulo,
1278 3351 1336 3434 qui
1362 3371 1381 3416 a
1404 3351 1506 3417 domi·

329 3488 373 3534 no
395 3488 475 3534 vero
498 3465 679 3533 dominium
703 3465 921 3531 transtulisset
941 3465 977 3547 ⁸,
1002 3465 1154 3531 subditos
1187 3463 1261 3529 illos
1290 3482 1357 3527 non
1388 3481 1508 3546 possu-

329 3599 402 3645 mus
435 3577 618 3645 excludere.
664 3577 771 3643 Datur
795 3577 879 3643 enim
902 3576 1020 3659 praeda
1041 3565 1264 3655 subditis,'ut
1287 3573 1364 3640 alibi
1388 3570 1507 3639 'dice-

330 3709 422 3764 mus‚
447 3689 579 3773 publica
601 3687 811 3754 concessione
833 3689 969 3754 etvelut
989 3688 1095 3753 dono:
1117 3686 1174 3768 qui
1191 3687 1303 3770 justus
1315 3700 1365 3752 est
1376 3685 1507 3751 titulus.

332 3801 494 3888 Quisquis
526 3814 633 3867 autem
665 3798 895 3882 rempublicam
929 3812 986 3864 aut
1014 3797 1236 3884 magistratum
1265 3798 1353 3881 Juste
1386 3796 1507 3861 bellum

333 3990 526 4003 ...—-...

312 4137 313 4140 ,
367 4085 375 4118 ¹
394 4085 462 4133 Vict.
484 4098 509 4132 n.
530 4096 570 4141 5³·
591 4081 653 4132 silv.
670 4083 696 4131 in
714 4099 740 4132 v.
754 4084 861 4131 Bellum.
883 4096 904 4130 ι.
922 4087 944 4142 §-
965 4096 1003 4131 ιι.
1022 4084 1106 4131 concl.
1124 4095 1148 4144 4.
1183 4078 1274 4129 lsitv.
1293 4077 1327 4127 ib.
1345 4082 1367 4137 §-
1385 4090 1409 4137 7.
1426 4081 1509 4128 concl.

333 4181 356 4226 8.
373 4178 449 4226 Mart.
467 4176 543 4224 Laud.
561 4188 587 4234 q.
606 4187 646 4222 ιι.
663 4188 709 4234 per
728 4177 744 4222 l.
764 4175 856 4223 desert.
871 4176 892 4231 ς.
910 4173 936 4222 in
953 4171 1029 4221 bello.
1047 4172 1073 4220 ff.
1090 4174 1122 4220 de
1140 4185 1167 4220 re
1185 4171 1239 4218 mil.
1260 4171 1304 4232 [D.
1320 4182 1362 4230 49.
1385 4170 1424 4217 16.
1444 4182 1468 4226 3.
1486 4169 1510 4230 ς.

334 4267 384 4332 15·]
405 4279 429 4316 et
446 4281 471 4326 q.
488 4279 529 4328 47.
563 4264 622 4314 ³V.
642 4267 725 4313 concl.
745 4279 768 4323 ³·
803 4263 923 4312 ⁴coroll.
941 4278 964 4312 c.
982 4275 1007 4320 7.
1039 4262 1128 4310 ‘Silv.
1147 4262 1173 4311 in
1192 4277 1217 4310 v.
1234 4260 1386 4309 Restitutio.
1403 4275 1430 4320 p.
1448 4260 1511 4321 3.§‚

331 4372 355 4418 7.
374 4357 418 4406 ibi.
436 4355 545 4406 tertium.
578 4353 667 4405 tsssv.
694 4355 720 4403 in
743 4371 769 4424 v.
795 4356 900 4403 Bellum.
923 4355 945 4416 ς.
966 4367 1003 4402 ιο.
1022 4355 1106 4402 concl.
1125 4366 1148 4410 3·
1165 4351 1234 4401 Vict.
1257 4365 1282 4400 n.
1307 4364 1348 4410 33.
1373 4350 1456 4407 cajet.
1481 4351 1506 4399 in

331 4453 422 4498 Summ.
439 4461 512 4510 pecc.
530 4447 556 4496 in
575 4463 600 4496 v.
616 4446 681 4495 Belli
700 4447 796 4494 damna.
829 4442 840 4481 ⁷
858 4447 919 4492 lost.
937 4445 968 4493 de
984 4457 1032 4493 rer.
1050 4442 1103 4493 div.
1122 4447 1143 4502 §.
1161 4443 1182 4492 si
1206 4442 1263 4503 quis
1288 4456 1372 4491 anon
1390 4443 1505 4492 domino.

333 4540 364 4604 [l.
389 4556 410 4590 ι.
437 4554 458 4588 1.
476 4543 497 4598 §-
517 4539 569 4600 ss]
603 4537 649 4586 ⁶1.
667 4534 755 4586 bonae.
774 4535 799 4584 ff.
818 4537 849 4584 de
868 4535 940 4584 verb.
959 4535 1021 4596 sign.
1043 4533 1085 4598 [D.
1103 4547 1142 4592 50·
1163 4535 1201 4583 16.
1223 4535 1290 4596 109.]
1327 4532 1379 4584 ⁹c.
1401 4548 1440 4583 ro.
