3310 5482
232 568 237 575 ·
297 536 315 598 8
596 521 771 630 'DE'JURE
796 521 979 618 rhnuoau.
1000 556 1083 604 car.
1109 556 1150 604 11.

178 728 180 732 ’
291 707 431 793 strauit,
446 706 555 793 'idjus
577 721 636 774 est.
684 708 775 775 Haec
794 708 956 777 sententia
975 709 1077 794 ipsam
1097 709 1181 797 juris
1194 728 1325 780 eausam
1345 708 1468 776 indicat
1513 800 1516 806 ¹
1555 747 1560 753 -

296 799 469 888 ac.merito
490 819 586 904 primi
608 819 860 910 principiiloco
883 803 1249 920 ponitur¹videturque
1267 825 1322 909 ius
1346 842 1362 889 a
1383 821 1467 906 Jove

264 955 266 958 ·
296 929 443 1016 dictum,
468 933 555 1010 unde
579 947 611 1022 et
630 933 750 1018 jurare.
771 949 802 1000 et
821 934 1072 1020 iusiurandum,
1088 935 1379 1021 ‘Jovisjurandum2
1412 948 1469 998 aut

296 1045 374 1128 quia
385 1059 510 1130 veteres
530 1048 614 1127 'quae
628 1064 689 1111 nos
707 1041 781 1130 jura
802 1039 962 1142 dicimus,
975 1048 1062 1133 jura
1081 1044 1196 1128 ²‚hoc
1208 1062 1258 1114 est
1274 1049 1364 1132 jussa
1376 1046 1470 1130 dixe7

295 1173 383 1225 runt.
427 1158 548 1255 Juhere
577 1157 879 1241 autempotestatis
901 1173 962 1226 est.
1009 1159 1118 1226 Prima
1135 1174 1279 1243 potestas
1304 1159 1338 1227 in
1361 1157 1470 1224 omnia

295 1268 381 1348 Dei,
414 1251 618 1358 ut'artificis
651 1268 685 1335 in
704 1250 796 1354 ¹'opus
828 1284 861 1346 et
889 1285 928 1337 ut
957 1270 1117 1360 dignioris
1138 1271 1172 1338 in
1190 1270 1299 1337 minus
1322 1270 1468 1356 dignum.

295 1381 463 1448 Ausonius
480 1384 513 1445 ⁸:
534 1382 600 1469 Jus
622 1395 718 1460 cartu
738 1381 807 1446 Dei
828 1391 953 1449 mans.··-
976 1383 1051 1449 Hoc
1074 1398 1123 1450 est
1145 1384 1237 1466 quod
1260 1383 1415 1467 Orpheus
1438 1396 1470 1446 et

296 1508 371 1578 post
383 1492 518 1576 Orphea
528 1506 654 1558 veteres
667 1473 782 1576 poetae
792 1513 904 1589 omnes
914 1496 925 1532 ⁴
935 1509 1120 1571 senserunt,
1133 1514 1209 1560 eum
1220 1491 1469 1579 dicerentJovis

296 1606 480 1692 adsessores
503 1625 573 1672 esse
595 1604 740 1672 Themin
760 1619 792 1672 et
812 1605 944 1695 Dicen,
968 1606 1161 1692 unde-recte
1179 1607 1392 1674 Anaxarchus
1403 1606 1470 1671 col-

297 1714 419 1805 ligebat
434 1736 502 1784 non
525 1733 589 1802 tarn
613 1718 656 1784 ob
676 1717 709 1784 id
733 1718 841 1784 Deum
863 1717 989 1800 aliquid
1009 1719 1118 1801 velle,
1144 1703 1221 1801 quia
1241 1720 1367 1812 justum
1396 1732 1471 1797 est,

297 1851 394 1914 quarn
421 1831 546 1916 justum
576 1848 670 1912 esse,
695 1829 888 1912 quia'Deus
911 1832 1006 1896 vult:
1030 1831 1090 1897 etsi
1110 1831 1165 1898 ille
1186 1852 1224 1898 eo
1248 1831 1338 1908 dicto
1359 1829 1472 1896 abut'e-

296 1944 400 2010 batur.
445 1942 640 2027 Plutarchus
661 1941 674 1976 ⁵
696 1957 804 2008 autem
825 1944 923 2026 paulo
946 1943 1101 2011 subtilius
1122 1963 1188 2010 non
1211 1958 1275 2010 tam
1296 1943 1384 2010 Deas
1401 1941 1473 2009 illas

296 2058 370 2123 vult
411 2053 489 2140 Jovi
521 2053 691 2136 adsidere,
725 2074 822 2136 quam
848 2056 964 2143 Jouam
992 2059 1098 2142 ipsum
1127 2070 1162 2122 at
1186 2054 1320 2121 Themin
1349 2074 1413 2120 assa
1441 2068 1472 2119 et

294 2170 477 2258 Justitiam
506 2178 538 2232 et
568 2167 675 2253 legum
699 2169 841 2232 omnium
860 2170 1128 2252 antiquissimam
1152 2182 1254 2254 atque
1267 2166 1473 2253 perfactiisi-

299 2301 407 2361 mum,·
433 2297 517 2361 quae
544 2292 576 2344 et
597 2278 775 2364 Chrysippi
795 2276 862 2343 fuit
884 2278 1043 2345 sententia
1062 2286 1073 2320 ⁸
1095 2279 1234 2346 dicentis
1256 2279 1337 2366 legis
1354 2293 1472 2367 perpe-

299 2403 425 2457 tuaest
446 2395 711 2468 autoritatum,
736 2411 821 2476 quaa
843 2393 941 2476 quasi
962 2390 1034 2457 dux
1054 2395 1147 2460 uitae
1167 2405 1199 2457 at
1221 2395 1390 2478 magistra
1411 2391 1473 2478 affi-

298 2507 426 2568 ciorum
458 2505 526 2584 sit,
556 2503 672 2590 Jouem
704 2501 784 2569 dici.
830 2503 895 2569 Dei
917 2508 1070 2573 voluntas
1092 2523 1159 2570 non
1183 2503 1325 2570 oraculis
1345 2517 1472 2570 tantuna

300 2630 333 2680 et
354 2612 618 2680 extraordinariis
640 2613 959 2700 significationibus,
984 2618 1116 2683 sedvel
1138 2616 1279 2682 maxime
1301 2635 1340 2680 ex
1363 2633 1475 2680 crean-

204 2743 248 2800 ,ιω
300 2729 343 2794 tis
366 2724 546 2793 intentione
576 2741 717 2810 apparet.
762 2727 842 2793 Inde
863 2729 947 2794 eninr
967 2730 1026 2815 jus
1048 2741 1194 2794 naturae
1217 2743 1266 2796 est
1282 2725 1306 2795 ⁷.
1340 2726 1474 2810 Optime

181 2807 287 2844 'mm'
302 2839 402 2924 igitur
432 2836 552 2904 Cicero
572 2833 585 2869 ⁸
606 2837 826 2924 cognitionem
857 2861 962 2906 rerunt
986 2839 1173 2907 caelestium
1197 2839 1292 2906 etiam
1316 2839 1357 2906 ad
1376 2839 1474 2925 justi-

301 2950 379 3016 tiam
400 2951 555 3033 prodesse
574 2950 673 3032 vult,
688 2972 760 3015 cum
781 2955 948 3038 cognitum
961 2952 1102 3031 habeas,
1119 2950 1208 3038 quod
1216 2955 1261 3016 sit
1272 2955 1391 3017 summi
1403 2972 1474 3016 rac-

302 3066 385 3127 toris
409 3075 441 3128 et
463 3060 588 3128 domini
609 3062 853 3149 numen,quod
868 3063 1060 3143 consilium,
1083 3064 1357 3150 quaeruluntas;
1381 3063 1474 3149 cujus

303 3173 351 3240 ad
367 3186 527 3239 naturam
550 3186 633 3259 apta
656 3176 746 3238 ratio
769 3194 852 3242 uera
872 3173 937 3241 illa
958 3187 990 3240 et
1010 3175 1211 3240 summulas
1232 3196 1254 3240 a
1270 3174 1474 3261 philosophis

303 3285 442 3352 dicitur.
489 3284 566 3351 Huc
590 3300 622 3351 et
642 3285 727 3353 illud
748 3288 759 3322 ⁰
782 3288 945 3370 pertinet:

705 3397 859 3484 dixitque
878 3400 976 3465 semel
994 3399 1201 3466 nascentibus
1222 3414 1342 3467 auctor

436 3505 610 3595 Quidquid
625 3512 711 3575 scire
729 3509 816 3576 licat.

347 3619 393 3686 Et
408 3638 505 3703 quern
523 3622 621 3687 modo
633 3621 779 3688 dicebant
801 3620 1009 3706 Chrysippus
1023 3619 1068 3687 ¹⁰:
1091 3630 1121 3693 οὐ
1140 3628 1199 3709 γὰρ
1222 3625 1298 3693 ἔστιν
1319 3629 1406 3709 εὑρεῖν
1423 3635 1475 3700 τῆς

302 3736 476 3812 δικαιοσύνης
509 3733 604 3812 ἄλλην
625 3738 718 3820 ἀρχὴν
738 3738 794 3805 οὐδ’
813 3735 909 3813 ἄλλην
937 3738 1065 3815 γένεσιν,
1097 3737 1114 3814 ἢ
1142 3739 1194 3814 riu
1212 3738 1246 3803 ἐκ
1266 3743 1316 3804 τοῦ
1336 3738 1404 3812 Διὸς
1426 3738 1475 3803 aui

339 3934 457 3985 iTh0m.
485 3947 508 3983 r.
533 3949 557 3983 a.
573 3949 599 3995 q.
617 3946 659 3997 93.
678 3943 725 3982 art.
744 3945 766 3981 1.
800 3928 896 3980 ²Fest.
922 3929 975 3996 [ap.
998 3933 1066 3980 Paul.
1088 3930 1162 3981 Diae.
1179 3933 1210 3981 de
1225 3931 1298 3982 verb.
1320 3931 1384 3993 sign.
1402 3930 1473 3996 1.9.]

305 4025 316 4058 ⁸
341 4027 481 4086 Monosyll.
505 4023 544 4090 [in
567 4039 607 4086 pr.
630 4038 670 4074 vs.
699 4022 750 4088 tp]
791 4022 880 4071 ⁴Hes.
907 4023 1004 4083 Theog.
1023 4020 1074 4087 [vs.
1089 4036 1148 4086 901.
1164 4021 1233 4087 sqq.]
1274 4025 1345 4072 Plato
1371 4025 1403 4072 de
1427 4024 1476 4084 leg.

304 4119 322 4166 1.
350 4131 374 4178 4.
402 4114 440 4181 [p.
465 4116 523 4174 716.
550 4114 585 4180 a]
621 4117 752 4164 Demosth.
775 4127 798 4162 c.
822 4113 936 4175 Aristog.
965 4111 1084 4178 [pm]
1105 4113 1193 4163 Tbem.
1209 4115 1306 4164 orato
1333 4113 1371 4177 [p.
1384 4126 1426 4177 79.
1437 4113 1473 4178 c.]

306 4211 391 4258 Anam.
408 4209 490 4258 Marc.
511 4207 577 4257 Hist.
595 4209 614 4256 1.
631 4220 672 4256 21.
693 4204 729 4271 [c.
751 4218 773 4253 r.
790 4203 869 4268 med]
906 4203 978 4254 Pind.
997 4205 1097 4266 olymp.
1114 4206 1138 4260 8,.
1157 4203 1208 4270 [vs.
1225 4204 1279 4270 aa]
1315 4207 1381 4256 Plut.
1399 4207 1474 4254 Alex.

308 4298 348 4363 [p.
365 4299 412 4362 ⁶9⁵
431 4298 467 4363 a]
502 4296 596 4347 ‘Plut.
622 4299 653 4347 de
679 4299 762 4346 doctr.
786 4295 870 4357 princ.
890 4293 929 4359 [p.
946 4296 1005 4353 781.
1023 4309 1046 4344 a.
1061 4307 1086 4345 et
1104 4295 1142 4360 b.]
1178 4296 1263 4345 ⁶Cic.
1280 4299 1312 4346 de
1327 4308 1378 4346 nat.
1396 4298 1475 4345 Deor.

307 4388 582 4455 1.1.[c.1s.§40.]
619 4385 708 4438 ⁷1nst.
726 4386 826 4446 dejure
842 4387 996 4449 nat.§pen.
1023 4385 1058 4452 [1.
1077 4399 1099 4435 1.
1118 4387 1241 4453 ηιμ]
1277 4387 1337 4437 δάε
1356 4385 1400 4436 fin.
1414 4389 1431 4436 1.
1449 4403 1475 4450 4.

310 4479 346 4546 [c.
358 4493 381 4538 s.
396 4479 470 4546 §11.]
506 4480 627 4531 ⁰Lucan.
642 4481 727 4528 Phers.
744 4480 762 4528 l.
781 4492 804 4541 9.
826 4475 874 4542 [vs.
893 4477 963 4543 575.]
1000 4476 1021 4512 ¹⁰
1041 4476 1093 4542 [ap.
1110 4479 1176 4527 Plut.
1192 4480 1286 4528 Moral.
1304 4494 1330 4540 p.
1349 4489 1421 4537 1035·
1437 4477 1475 4544 c].
