3316 5494
456 601 503 646 uc
525 597 619 666 Junn
645 575 831 647 anatona}
857 595 939 644 cnr.
964 597 1000 642 x.
1277 589 1338 656 155
1407 567 1413 584 ’

167 757 247 824 liato
270 755 338 824 civi
360 756 401 822 ad
423 755 656 839 reparationem
682 753 827 838 jacturae
850 751 999 839 obligari.
1044 749 1111 818 Sed
1137 751 1201 818 hoc
1228 749 1339 817 subla·

167 883 237 936 tum
270 883 343 950 est,
375 882 446 934 tum
475 887 518 956 ne
550 866 708 934 aerarium
739 863 817 932 belli
845 863 1030 949 praesertim
1062 879 1209 946 tempore
1228 860 1339 930 nimiis

167 979 413 1065 erogationibus
445 979 691 1060 exhauriretur,
714 991 845 1044 tumne
874 975 949 1059 quis
973 996 1010 1041 ea
1032 975 1186 1042 facilitate
1209 972 1339 1040 illectus

165 1111 217 1158 res
235 1111 312 1158 suas
331 1090 440 1158 minus
460 1089 590 1158 fortiter
610 1087 816 1158 defendendo
834 1087 978 1156 bostium
996 1107 1074 1171 opes
1087 1098 1229 1171 augeret.
1253 1085 1339 1152 Mox

165 1203 344 1270 nonnullae
373 1202 498 1286 species
526 1214 764 1281 occurrerunt,
784 1199 818 1266 in
849 1199 973 1282 quibus
996 1199 1135 1282 aequius
1156 1196 1338 1278 utiliusque

166 1313 274 1380 visum
295 1328 345 1382 est
365 1314 599 1397 rempublicam
621 1314 694 1398 jure
718 1331 780 1381 suo
802 1325 935 1380 eatenus
955 1311 1091 1392 cedere,
1111 1324 1150 1375 ut
1167 1308 1237 1376 sine
1250 1307 1339 1374 dam·

165 1443 208 1491 no
227 1444 291 1492 suo
315 1424 438 1492 civium
458 1424 582 1492 damnis
606 1426 814 1507 consuleret,
836 1427 899 1491 boc
923 1437 992 1505 est,
1014 1437 1053 1489 ut
1073 1441 1124 1488 res
1136 1441 1175 1488 ex
1187 1419 1339 1486 hostibus

165 1550 311 1620 receptas
343 1537 383 1604 ad
413 1550 540 1604 veteres
563 1535 712 1602 dominos
737 1535 840 1602 redire
860 1549 1035 1619 pateretur.
1082 1533 1169 1598 Hinc
1190 1531 1244 1616 jus
1266 1527 1483 1629 rias-{tgfflli

164 1648 251 1714 citur
265 1647 468 1734 postliminii
488 1647 520 1714 in
541 1647 670 1733 legibus
682 1645 837 1715 Romanis
854 1644 1085 1738 notissimum,
1102 1643 1211 1710 minus
1232 1655 1337 1712 tamen

164 1758 280 1843 primis
299 1759 366 1828 illis
387 1759 620 1843 interpretibus
643 1758 860 1828 intellectum.
894 1757 945 1822 De
968 1754 1121 1839 eoquod
1143 1754 1184 1820 ad
1202 1753 1338 1838 praedae

164 1871 459 1949 considerationem
483 1870 562 1938 satis
582 1869 626 1938 sit
645 1871 824 1944 videamus.
868 1869 955 1938 Nam
980 1868 1019 1934 de
1039 1865 1242 1952 postliminio
1254 1865 1339 1934 inter

165 1997 291 2050 exteras
328 1981 476 2050 arationes
517 1983 622 2066 deque
654 1982 867 2064 hominibus,
907 1981 967 2064 qui
995 1995 1054 2048 aut
1083 1980 1170 2047 bello
1201 1977 1339 2044 redeunt

162 2108 220 2160 aut
251 2094 474 2178 recipiuntur,
503 2097 601 2180 longa
631 2109 663 2160 et
694 2095 734 2160 ab
762 2093 915 2161 instituto
943 2092 1047 2162 aliena
1066 2091 1110 2158 sit
1132 2088 1337 2173 disceptatio.

163 2204 304 2274 Romani
327 2226 422 2292 agros
443 2205 646 2290 postliminio
667 2205 773 2272 redire
796 2207 973 2272 voluerunt
997 2203 1017 2270 ¹.
1062 2201 1149 2270 Nam
1172 2221 1246 2268 cum
1268 2195 1468 2298 sinemgf

163 2337 290 2385 annona
321 2337 374 2384 res
407 2317 523 2386 bellica
552 2316 706 2385 sustineri
733 2335 800 2384 non
822 2329 935 2400 posset
956 2330 989 2385 et
1013 2314 1161 2398 plerique
1182 2312 1338 2398 periculis

163 2428 309 2496 deterriti
340 2449 450 2497 curam
481 2449 632 2514 agrorum
661 2429 888 2512 deponerent,
910 2427 1086 2511 praecipue
1113 2424 1141 2494 si
1167 2425 1258 2492 nulla
1280 2443 1339 2492 sua

162 2541 363 2626 negligentia
394 2543 452 2607 sed
473 2541 508 2608 vi
533 2541 677 2610 hostium
701 2540 823 2625 majore
846 2539 959 2624 (quod
978 2539 1154 2623 plurimum
1185 2537 1218 2604 in
1241 2538 1338 2604 rebus

164 2652 227 2718 soli
260 2652 391 2738 evenit)
422 2654 570 2736 expulsi,
595 2673 652 2736 spe
674 2652 763 2718 omni
788 2652 821 2718 in
844 2666 1012 2735 posterum
1042 2648 1252 2734 recuperandi
1283 2649 1339 2716 de-

164 2763 401 2846 stituerentur,
420 2764 640 2831 indemnitatis
659 2764 801 2847 quodam
821 2777 917 2846 pacto
930 2761 1091 2828 excitandi
1104 2760 1252 2830 homines
1265 2759 1338 2828 fue-

163 2890 265 2957 runt,
288 2890 326 2941 ut
346 2875 514 2959 possidere
536 2874 657 2942 fundos
676 2890 709 2942 et
732 2877 839 2949 colere
861 2875 994 2942 vellent.
1033 2874 1071 2938 ln
1092 2874 1190 2942 rebus
1208 2870 1339 2938 mobili-

163 2987 226 3054 bus
250 3007 316 3054 non
338 2987 422 3054 idem
455 2990 650 3055 observatur
667 2983 699 3052 ²:
731 3006 798 3055 non
828 2986 926 3052 modo
957 2985 1036 3067 quia
1063 3004 1172 3050 earum
1196 2981 1338 3049 difficilis

163 3112 212 3166 est
241 3098 431 3183 indagatio,
463 3099 522 3164 sed
552 3098 709 3182 quoniam
739 3098 850 3166 dubiis
882 3096 1084 3181 temporibus
1119 3095 1203 3161 illud
1236 3113 1338 3179 genus

163 3209 383 3306 possessionis
404 3210 495 3277 oneri
515 3210 626 3276 verius
649 3231 748 3294 quam
768 3209 844 3278 usui
864 3224 934 3290 est,
957 3208 1156 3290 timidosque
1176 3206 1338 3274 interdum
1433 3229 1436 3235 ·

163 3336 196 3387 et
218 3320 368 3388 imbelles
390 3321 490 3403 facit,
513 3322 558 3388 ita
581 3337 618 3388 ut
640 3321 873 3406 impedimenta
897 3340 963 3387 non
986 3319 1125 3393 absurde
1149 3318 1247 3386 iidem
1271 3316 1339 3382 Ro·

163 3432 250 3501 mani
273 3433 517 3517 appellaverint.
562 3432 684 3517 Excipi
704 3436 715 3471 ⁸
735 3449 840 3500 tamen
864 3433 1048 3499 debuerunt
1069 3450 1285 3513 quaecunque
1305 3428 1339 3496 in

163 3545 251 3611 bello
275 3564 371 3612 usum
394 3545 534 3627 habent,
559 3561 597 3612 ut
619 3565 717 3612 naves
742 3548 859 3630 longae
882 3559 915 3612 et
937 3545 1120 3624 onerariae,
1144 3562 1211 3612 non
1230 3556 1338 3610 autem

161 3657 357 3740 piscatoriae
380 3671 413 3723 et
435 3676 518 3740 quae
541 3657 722 3741 voluptatis
750 3677 847 3724 causa
869 3669 1048 3741 parantur,
1072 3673 1176 3736 equus
1200 3667 1231 3720 et
1254 3673 1339 3735 equa
1411 3676 1415 3685 ·

161 3787 228 3836 non
252 3768 377 3848 omnis,
398 3768 458 3834 sed
475 3767 558 3836 freni
576 3769 726 3852 patiens,
749 3770 859 3834 mulus
879 3767 973 3834 etiam
995 3765 1217 3833 clitellarius4.
1240 3764 1338 3831 Nihil

162 3881 248 3948 enim
272 3879 388 3947 utilius
410 3895 459 3948 est
483 3900 580 3963 quam
604 3881 721 3947 habere
745 3880 786 3946 ad
804 3899 934 3946 manum
954 3879 1081 3962 copiam
1101 3897 1211 3944 earum
1230 3895 1337 3942 rerum

160 3990 350 4073 maximam,
375 4011 457 4076 quas
480 3992 590 4059 subita
613 4012 708 4077 saepe
730 3991 912 4077 indigentia
935 3990 1011 4058 belli
1034 3989 1195 4073 requirit:
1220 3989 1260 4056 ad
1284 4008 1336 4054 eas

161 4101 263 4188 igitur
293 4104 525 4187 comparandas
557 4103 691 4172 invitari
722 4104 812 4172 cives
843 4102 1014 4187 oportuit,
1049 4101 1238 4186 praesertim
1261 4119 1336 4168 curn

162 4253 361 4268 m

193 4324 240 4374 ¹1.
265 4326 286 4374 si
311 4326 437 4388 captivus.
460 4317 533 4387 §sn
557 4327 583 4376 ff.
608 4329 639 4377 de
664 4339 731 4390 capt.
755 4325 800 4390 [D.
817 4340 860 4390 49.
880 4324 991 4389 15.20.]
1028 4323 1080 4374 ἐ.
1098 4337 1122 4382 3.
1155 4322 1167 4355 ⁸
1184 4326 1201 4372 l.
1220 4336 1244 4372 a.
1260 4322 1286 4371 ff.
1304 4324 1336 4371 de

161 4428 226 4477 capt.
245 4417 291 4480 [D.
308 4431 350 4480 49.
371 4417 421 4482 15.]
442 4418 497 4468 cic.
515 4419 542 4468 in
559 4419 665 4480 topicis.
684 4420 787 4480 Festus,
806 4432 838 4468 ex
856 4418 932 4487 delio
952 4419 1039 4476 Gallo,
1058 4417 1084 4465 in
1102 4414 1337 4467 v.1’0stliminium.

165 4509 223 4558 «V.
240 4510 258 4557 l.
275 4509 471 4571 postliminium.
489 4509 515 4559 in
533 4509 593 4560 line.
611 4511 637 4560 ll'.
655 4512 774 4576 decept.
795 4508 839 4576 [D.
856 4524 897 4572 49.
919 4521 957 4570 15.
978 4507 1028 4574 19.]
