3326 5506
457 623 504 670 oe
527 623 621 690 June
647 622 830 668 elendona.
856 622 935 668 cur.
960 622 1009 668 xr.
1255 607 1314 686 183

143 781 287 846 colorem
321 777 548 844 adinvenerat:
579 776 795 843 constitutum
825 796 895 844 esse
924 775 1078 858 Batavis,
1109 775 1137 841 si
1160 775 1315 844 mercium

142 890 246 973 pretia
268 888 405 956 nimium
438 888 705 970 intenderentur,
725 889 835 972 Joram
858 890 900 955 ad
921 904 1096 955 mercatum
1119 888 1178 954 ire.
1221 888 1317 974 Jorae

143 1017 251 1067 autem
285 1000 354 1086 regi
384 1020 458 1066 cum
486 998 727 1066 Aclrinensibus
756 1020 794 1065 eo
827 1016 972 1084 tempore
1004 1001 1124 1065 bellurn
1155 1014 1223 1065 erat
1245 1019 1318 1066 acre

142 1128 177 1178 et
203 1111 376 1178 infestum:
409 1111 560 1194 occupari
589 1111 690 1196 igitur
719 1131 818 1178 naves
845 1112 1024 1193 suadebat,
1055 1110 1246 1194 priusquam
1267 1131 1317 1177 tes

144 1223 292 1289 hostium
325 1222 409 1288 irent
439 1224 599 1309 adjutum.
642 1223 714 1308 Jam
736 1238 768 1288 et
787 1222 943 1290 aviditate
965 1238 996 1288 et
1014 1222 1092 1288 odio
1111 1220 1317 1290 ferventibus

143 1334 259 1401 animis
302 1334 510 1417 componitur
545 1329 657 1402 ¹dolus.
722 1334 881 1400 Traditur
920 1334 1040 1418 piperis
1080 1333 1317 1416 aliquantulum

143 1465 217 1512 cum
236 1465 295 1528 spe
314 1445 347 1510 in
368 1445 439 1511 dies
456 1446 587 1531 majoris
608 1445 740 1528 copiae:
765 1465 862 1527 quam
889 1446 1033 1512 dicentes
1054 1443 1161 1530 longis
1178 1444 1319 1512 navibus

143 1557 320 1624 adventare
353 1556 519 1622 Sabander
548 1571 580 1622 et
613 1556 723 1624 Corco
754 1572 787 1624 et
823 1577 937 1642 magna
972 1557 1023 1624 vis
1060 1556 1317 1638 Achinensium,

144 1669 239 1751 quasi
259 1668 512 1752 permutationis
531 1667 749 1734 instituendae
760 1669 884 1753 gratia,
903 1687 1003 1735 naves
1013 1667 1181 1734 Batavicas
1192 1668 1318 1733 inscen-

143 1779 251 1861 dunt,
275 1779 388 1846 armati
417 1799 553 1861 omnes,
584 1794 623 1846 ut
642 1798 714 1846 mos
735 1781 833 1847 habet
855 1780 972 1866 gentis.
1018 1781 1206 1846 Attulerant
1227 1780 1320 1846 cibos

142 1905 312 1975 potusque
340 1892 514 1974 pharmaco
546 1891 687 1959 infectos
710 1905 850 1958 mentem
871 1891 1054 1973 alienanto,
1081 1891 1238 1958 dutroam
1261 1911 1320 1956 vo·

143 2016 237 2068 cant:
274 2022 343 2085 quo
374 2023 450 2068 cum
481 2021 514 2068 se
535 2018 652 2071 nautae
683 2003 812 2069 avidius
835 2002 1110 2088 ingurgitassent,
1143 2018 1321 2087 coeperunt

143 2113 258 2180 subito
279 2133 337 2196 per
347 2112 438 2180 foros
451 2130 482 2179 et
492 2115 636 2180 tabulata
648 2114 846 2194 discursare,
867 2117 987 2200 jactare
999 2115 1104 2198 capita
1119 2130 1156 2181 ut
1166 2116 1320 2182 vecordes

144 2241 245 2308 atque
274 2225 434 2308 limphati.
479 2226 519 2292 ld
549 2225 657 2292 visum
684 2241 734 2292 est
759 2241 889 2309 tempus
914 2226 1039 2292 dudum
1059 2226 1211 2292 meditata
1230 2246 1321 2292 exse·

146 2337 284 2419 quendi.
329 2337 505 2403 Dementes
534 2357 570 2402 ac
589 2357 739 2422 segreges
756 2357 913 2419 pecorum
932 2337 999 2403 ritu
1017 2338 1239 2405 trucidantur:
1262 2359 1321 2404 nec

145 2468 279 2533 pugna,
308 2449 366 2514 sed
384 2448 509 2515 laniena
529 2462 606 2514 erat.
651 2447 826 2533 Vertigine
847 2448 944 2514 simul
965 2465 996 2516 et
1015 2450 1208 2516 vulneribus
1230 2448 1320 2533 fusi,

146 2559 366 2642 trepidantem
400 2559 483 2626 inter
514 2561 614 2626 verba
645 2559 796 2643 spiritum
830 2562 988 2628 efflabant.
1034 2561 1080 2627 Et
1108 2563 1173 2646 jam
1207 2578 1323 2628 cuncta

147 2672 365 2753 tenebantur,
400 2691 474 2738 nam
504 2687 536 2736 et
554 2671 708 2738 Indorum
728 2691 846 2755 pravae
866 2672 987 2740 circum
1008 2672 1154 2754 undique
1174 2673 1322 2752 aderant,

147 2783 325 2850 instructae
360 2783 456 2850 armis
489 2803 587 2866 opera
619 2783 876 2866 Lusitanorum,
910 2783 974 2850 nisi
1003 2784 1098 2866 pauci
1122 2784 1321 2866 admodum,

146 2894 294 2960 nondum
319 2895 399 2961 victi
422 2893 579 2960 feralibus
602 2894 730 2979 epulis,
754 2914 788 2962 se
812 2910 844 2960 et
859 2913 958 2961 naves
970 2895 1054 2960 tueri
1066 2895 1321 2973 sustinuissent,

148 3021 182 3070 et
200 3007 293 3090 jactu
326 3005 491 3091 glandium
523 3008 652 3073 hostem
682 3005 787 3072 ferum
817 3005 960 3074 cruentis
985 3006 1131 3091 vestigiis
1155 3009 1319 3074 evolvere.

145 3117 242 3184 Prior
271 3119 390 3200 navis,
420 3119 492 3185 Leo
526 3119 718 3199 dicebatur,
740 3119 876 3185 liberata
899 3121 1056 3199 alteram,
1080 3118 1240 3184 Leaenam
1263 3139 1323 3185 no-

125 3230 259 3310 mine,
281 3251 382 3313 prope
405 3245 531 3314 captam
544 3231 702 3311 asseruit,
726 3230 869 3298 victores
885 3231 951 3314 jam
961 3230 1165 3298 Achinenses
1175 3251 1324 3315 aggressa

149 3341 325 3424 depellere.
361 3343 410 3407 Ita
432 3361 531 3410 naves
555 3357 708 3409 retentae.
750 3341 931 3408 Madebant
953 3342 1082 3408 interim
1105 3342 1228 3410 insonti
1250 3363 1323 3410 san·

150 3453 250 3537 guine
262 3452 395 3520 navium
406 3455 526 3534 latera,
540 3468 573 3520 et
585 3453 653 3537 ipse
667 3454 899 3521 Houtmannus
911 3456 1123 3520 coenaculum
1134 3455 1325 3521 cruentabat

150 3563 324 3630 confossus
346 3566 478 3632 dextera
501 3565 668 3649 hospitali.
714 3566 897 3648 Sequentes
915 3586 972 3648 per
991 3565 1061 3632 dies
1080 3587 1116 3632 ea
1135 3566 1252 3632 veneni
1272 3567 1325 3632 vis

151 3675 233 3758 fuit,
258 3692 297 3743 ut
317 3697 391 3760 pars
412 3691 584 3744 nautarum
604 3691 740 3744 veterno
760 3677 907 3760 oppressi
925 3679 1092 3762 jacerent,
1115 3697 1189 3760 pars
1212 3677 1324 3744 furore

150 3787 184 3854 in
207 3802 323 3854 mutua
344 3790 481 3856 vulnera
498 3804 681 3873 agerentur.
711 3789 785 3855 Nec
807 3789 924 3855 melius
943 3804 1051 3854 actum
1075 3808 1149 3854 cum
1170 3788 1245 3872 his,
1266 3790 1325 3873 qui

152 3920 191 3964 eo
213 3915 359 3983 tempore
383 3901 416 3966 in
444 3902 523 3966 urbe
545 3921 581 3966 ac
602 3915 765 3983 potestate
786 3901 1027 3968 Achinensium
1052 3916 1162 3982 erant,
1186 3902 1325 3968 ducente

151 4012 192 4077 ad
219 4012 335 4078 caedes
361 4012 447 4097 regis
479 4012 585 4095 ipsius
615 4012 707 4092 filio,
732 4033 829 4094 quem
848 4011 1000 4110 Lusitani
1022 4012 1118 4078 donis
1142 4027 1175 4078 et
1197 4013 1326 4096 pollici-

153 4123 335 4190 tationibus
363 4143 458 4189 suum
483 4123 674 4190 effecerant:
704 4124 877 4191 desiderati
897 4124 1046 4191 homines
1068 4143 1135 4189 non
1155 4123 1325 4206 pauciores

153 4234 368 4319 septuaginta.
414 4235 517 4302 Paulo
550 4251 627 4319 post
657 4236 813 4302 adversus
832 4235 1046 4315 Neckianos,
1078 4234 1136 4318 qui
1161 4233 1193 4299 in
1218 4235 1476 4356 Bandamuoo

154 4346 260 4413 insula
287 4348 489 4426 resederant,
528 4367 614 4430 quos
641 4347 725 4414 inter
755 4347 920 4414 Adrianus
949 4345 1101 4426 Venius,
1134 4359 1239 4412 emtus
1267 4367 1326 4414 rex
1420 4341 1428 4356 ”

155 4457 289 4525 Tubani
322 4475 359 4526 ut
389 4478 446 4526 eos
479 4460 576 4528 armis
601 4460 783 4532 detraheret
816 4475 872 4526 aut
903 4460 998 4526 etiam
1037 4473 1187 4541 necaret,
1216 4456 1326 4524 minax
