3316 5494
347 611 390 678 94
642 609 689 658 nn
713 607 806 676 June
833 608 1016 659 antenna.
1041 609 1120 658 cna.
1145 609 1228 661 v1n.

348 768 409 834 sit:
434 767 510 850 quia
540 767 598 833 vix
630 781 679 834 est
707 780 745 831 ut
775 766 886 850 justus
912 766 1030 832 modus
1053 775 1210 835 servetur.
1256 769 1343 836 Nam
1364 767 1455 851 fere,
1480 783 1519 836 ut

347 879 435 963 apud
466 879 619 946 Senecam
643 892 652 925 ¹
673 894 746 959 est,
773 897 840 944 non
865 877 891 943 it
913 878 971 944 sed
990 877 1118 963 agitur,
1143 880 1201 961 qui
1223 899 1290 948 non
1312 883 1442 948 mandat
1466 883 1519 947 ul-

346 991 492 1073 tionem,
524 992 582 1057 sed
610 990 681 1074 ipse
716 991 787 1076 eJ'us
821 1004 951 1055 exactor
973 988 1080 1056 animo
1103 989 1201 1058 simul
1224 1013 1259 1058 ac
1282 1012 1379 1060 manu
1402 992 1517 1060 saevit.

346 1104 493 1186 Ideoque
523 1101 713 1185 Principes,
754 1101 811 1184 qui
845 1100 1026 1168 constituto
1052 1101 1252 1185 judiciorum
1282 1104 1419 1186 ordine,
1453 1103 1518 1172 soli

347 1214 411 1280 nisi
440 1236 497 1299 per
527 1233 560 1280 se
591 1213 749 1281 vindicari
781 1233 847 1280 non
881 1228 1044 1296 possunt,
1068 1213 1232 1280 admoneri
1253 1216 1381 1295 solent,
1404 1230 1443 1280 ut
1465 1217 1518 1280 ul—

345 1327 469 1395 tionem
499 1325 686 1409 impendant
716 1344 783 1391 non
814 1325 927 1390 dolore
959 1323 1015 1390 sed
1045 1326 1192 1408 exemplo
1216 1320 1238 1390 ².
1283 1326 1385 1414 Quod
1407 1341 1517 1393 autem

346 1457 434 1504 nunc
457 1452 507 1504 est
528 1437 562 1502 in
589 1435 798 1519 Principibus
831 1434 904 1501 ideo
928 1435 1006 1516 q‘uia
1026 1435 1081 1520 jus
1103 1435 1200 1503 civile
1223 1435 1256 1502 in
1278 1436 1389 1520 aliquo
1402 1436 1518 1502 debuit

347 1550 516 1630 desinere,
548 1548 582 1614 id
609 1547 643 1613 in
664 1546 803 1632 singulis
825 1546 903 1613 olim
924 1545 1029 1613 fuisse
1049 1546 1132 1613 ratio
1155 1547 1312 1615 naturalis
1332 1548 1516 1631 persuadet.

346 1664 393 1729 Et
422 1663 514 1746 quod
543 1675 616 1726 ante
645 1658 768 1745 judicia
796 1657 885 1739 fuit,
917 1657 1003 1723 idem
1034 1657 1251 1742 eritJ'udiciis
1274 1659 1517 1741 quovismodo

345 1773 484 1840 sublatis
494 1779 512 1856 ,'
530 1772 655 1840 ratione
675 1771 742 1836 loci
763 1784 820 1837 aut
838 1768 1008 1852 temporis.
1050 1769 1124 1836 Nec
1145 1769 1234 1838 aliud
1253 1770 1334 1837 mihi
1353 1785 1518 1855 spectasse

346 1885 523 1966 videntur,
556 1882 614 1966 qui
646 1880 853 1948 crediderunt
874 1896 1072 1965 tyrannum,
1096 1882 1159 1949 hoc
1191 1898 1241 1948 est
1270 1882 1355 1968 juris
1374 1882 1517 1967 judicio·

346 2015 485 2078 rumque
508 2007 754 2077 oppressorem,
777 2012 795 2058 a
817 1991 954 2075 privatis
976 2007 1062 2058 recte
1085 1991 1238 2061 interfici.
1262 1993 1300 2060 In
1324 2013 1421 2076 quam
1444 2013 1518 2060 sen·

345 2106 480 2172 tentiam
504 2104 690 2171 Stoicorum
717 2102 872 2187 placitum
895 2103 997 2187 accipi
1028 2118 1160 2188 potest,
1193 2104 1250 2186 qui
1278 2105 1435 2171 affirmant
1466 2125 1516 2171 sa·

345 2217 488 2302 pientem
521 2233 700 2297 numquam
735 2227 806 2280 esse
838 2215 1028 2298 privatum,
1068 2214 1158 2298 quod
1190 2216 1332 2282 Nasicae
1366 2219 1517 2300 exemplo

347 2328 483 2394 Tullius
500 2333 512 2368 ³
530 2327 665 2411 probat:
697 2345 765 2408 quo
799 2341 831 2392 et
859 2326 1054 2392 Horatius*
1077 2327 1209 2410 respicit
1242 2327 1276 2394 in
1299 2328 1453 2395 Carmine
1476 2329 1518 2395 ad

346 2439 512 2505 Lollium:
546 2437 729 2524 Consulque
763 2458 826 2502 non
859 2441 958 2504 unius
994 2442 1099 2519 anni,
1134 2453 1166 2504 et
1198 2453 1281 2522 quae
1315 2454 1514 2522 sequuntur.

346 2551 420 2634 lpse
441 2549 536 2617 etiam
557 2548 754 2616 Plutarchus
771 2559 802 2628 ⁸,
828 2568 1024 2630 quamquam
1048 2549 1182 2617 alterius
1204 2549 1371 2632 familiae,
1393 2550 1426 2616 in
1455 2552 1516 2618 hac

344 2676 436 2747 parte
467 2680 533 2728 non
566 2659 740 2728 dissentitt
773 2659 831 2726 sed
861 2658 968 2726 virum
1002 2658 1131 2728 civilem
1165 2661 1205 2726 ab
1233 2662 1304 2745 ipsa
1332 2675 1447 2728 natura
1470 2662 1516 2728 ait

346 2772 567 2857 magistratum
605 2769 768 2856 designari
807 2784 840 2836 et
877 2769 1009 2852 quidem
1055 2785 1273 2856 perpetuum,
1324 2785 1518 2857 semperque

345 2888 449 2970 legem
480 2883 511 2950 ei
541 2882 758 2966 principatum
793 2879 944 2963 deferre,
979 2881 1038 2966 qui
1060 2898 1134 2967 agat
1151 2885 1272 2968 iusta,
1293 2884 1381 2950 norit
1403 2884 1516 2951 utilia:

345 3017 454 3080 neque
485 3015 558 3061 eum
589 3010 697 3060 tamen
727 2995 787 3058 hac
813 3005 981 3076 ‘potestate
1015 3010 1175 3075 usurum,
1198 2993 1264 3060 nisi
1285 3015 1359 3062 cum
1380 2995 1518 3078 perfidia

347 3124 403 3174 aut
426 3107 575 3174 socordia
595 3089 729 3185 edrum,
754 3103 818 3186 qui·
831 3102 964 3186 publica
981 3103 1092 3170 munia
1110 3125 1150 3171 ex
1169 3105 1325 3190 suffragio
1343 3106 1517 3190 obtinent,

345 3240 412 3284 rem
436 3218 470 3284 in
493 3217 676 3301 periculum
700 3213 845 3280 adduxit.
891 3215 1012 3282 Caesar
1035 3218 1070 3296 ⁸,
1102 3216 1130 3281 is
1162 3216 1221 3301 qui
1242 3231 1356 3301 postea
1371 3217 1518 3290 ¹dictator

345 3329 434 3411 fuit,
457 3349 530 3395 cum
553 3327 702 3412 privatus
725 3324 900 3391 etiamnum
924 3341 1031 3407 esset,
1054 3326 1196 3411 piratas,
1220 3347 1238 3394 a
1258 3327 1381 3412 quibus
1401 3344 1517 3412 captus

347 3447 422 3507 ante
453 3439 583 3521 fuerat,
600 3439 718 3504 'classe
760 3437 973 3516 tumultuaria
995 3455 1184 3520 persecutus
1208 3454 1280 3521 est,
1303 3439 1517 3523 ipsorumque

347 3571 446 3620 naves
474 3550 591 3634 partim
621 3547 771 3633 fugavit,
803 3547 919 3632 partim
947 3548 1077 3616 mersit:
1101 3565 1247 3633 cumque¹
1260 3553 1438 3634 proconsul
1459 3570 1516 3618 ne·

347 3665 484 3750 gligerct
503 3658 814 3727 animadversionem
836 3659 869 3726 in
890 3659 1037 3742 captivos
1057 3676 1190 3744 sontes,
1214 3661 1283 3746 ipse
1302 3683 1358 3730 eos
1376 3662 1409 3728 in
1429 3681 1516 3728 mare

346 3775 463 3840 iterum
485 3783 600 3840 vectus
634 3771 757 3839 suffixit
782 3771 889 3838 cruci:
915 3770 992 3854 quia
1015 3771 1142 3839 scilicet
1164 3787 1195 3838 et
1214 3773 1316 3859 judex
1337 3773 1517 3856 requisitus

346 3885 490 3952 officium
512 3895 584 3950 non
601 3882 763 3963 faciebat,
784 3896 817 3948 et
836 3881 869 3952 in
888 3881 968 3948 mari
989 3881 1023 3948 id
1042 3885 1135 3950 nullo
1164 3883 1295 3967 piaculo
1322 3883 1393 3950 fieri
1420 3901 1518 3968 posse

346 3997 538 4079 videbatur,
562 3994 620 4063 ubi
641 4015 708 4062 non
729 3992 859 4078 scriptis
879 3994 1025 4080 legibus,
1050 3995 1109 4061 scd
1126 3992 1272 4082 gentium
1288 3997 1363 4083 jure
1380 3995 1516 4064 vivitur.

346 4201 541 4216 h-—nn-——u

381 4341 440 4390 ¹de
458 4339 527 4388 iral.
546 4348 569 4396 3.
588 4351 611 4386 c.
629 4349 652 4395 3.
686 4334 770 4386 2sen.
791 4340 822 4388 de
843 4340 917 4388 clem.
936 4341 953 4386 1.
973 4351 1090 4388 1.c.2o.
1124 4335 1517 4403 8Τιιεο.1.4.[ο.93.5.5ι.]

345 4431 357 4466 ⁴
375 4434 423 4481 od
446 4435 464 4480 1.
488 4444 512 4492 4.
536 4443 560 4492 9.
580 4429 631 4492 [vs.
651 4427 702 4492 ap]
739 4428 749 4460 ⁶
767 4428 794 4476 in
807 4441 892 4488 praec.
908 4429 983 4490 polit.
1003 4427 1041 4493 [p.
1060 4433 1117 4488 813.
1130 4444 1153 4480 c.
1166 4443 1192 4479 et
1205 4445 1231 4491 p.
1246 4433 1302 4488 817.
1316 4432 1340 4480 d.
1352 4428 1388 4492 e.]
1423 4428 1519 4477 ⁸Vell.

346 4524 441 4574 Paterc.
460 4525 476 4571 l.
493 4536 515 4571 a.
533 4520 568 4585 [c.
581 4533 622 4582 42.
640 4524 661 4579 ξ.
677 4533 700 4568 a.
711 4517 760 4582 sq.]
781 4521 845 4568 Plut.
865 4519 891 4568 in
906 4522 979 4569 Caes.
999 4519 1036 4584 [p.
1051 4524 1109 4579 708.
1123 4535 1145 4569 a.
1156 4519 1179 4570 b.
1197 4519 1232 4584 α]

1645 1197 1646 1228 i

1645 1233 1646 1252 i

1645 1283 1646 1304 i

1645 1435 1646 1468 i

1645 1667 1646 1704 i

1645 1753 1646 1770 i

1645 2077 1646 2096 i

1645 2103 1646 2166 i

1645 2179 1646 2204 i

1645 2206 1646 2240 i

1645 2241 1646 2250 .

1645 2259 1646 2290 i

1645 2293 1646 2312 i

1587 3625 1595 3641 ἱ

1645 4143 1646 4164 t
