3362 5504
439 656 485 700 Du
510 653 603 720 JURE
629 651 812 698 PRAEDAE.
839 652 918 698 CAP.
943 652 1022 699 XIII.
1259 646 1321 708 277

154 810 261 876 adhuc
285 811 326 875 ab
347 808 427 893 ipsis
460 809 621 892 Principis
654 808 785 874 nomine
809 808 985 873 coleretur:
1010 808 1190 876 Lusitanos
1214 817 1321 868 autem
1335 815 1465 913 filtstzrmsg:

154 924 188 988 in
211 924 300 988 bello
324 921 558 987 committendo
580 921 704 1003 priores
727 919 829 986 fuisse
841 921 911 1003 ipsa
923 941 1030 987 rerum
1042 920 1142 986 series
1153 914 1321 1001 patefecit.
1335 923 1377 968 W·

155 1033 322 1099 Praeterea
345 1052 404 1099 nec
427 1032 468 1097 ad
480 1033 647 1097 Albanum
672 1046 744 1097 tuto
768 1032 863 1098 licuit
879 1032 1048 1112 accedere,
1065 1033 1155 1096 nulla
1167 1028 1322 1094 inhostes

154 1145 300 1211 hostium
318 1147 391 1229 jura
414 1158 615 1211 servantem:
649 1157 680 1207 et
701 1143 889 1226 Philippum
914 1143 947 1209 in
969 1143 1129 1226 Hispania
1148 1138 1322 1206 convenire
1392 1227 1394 1234 Ι

154 1271 230 1339 post
256 1255 453 1322 marchionis
481 1253 654 1340 Bergensis
684 1268 717 1319 et
737 1254 945 1340 Montignaei
975 1257 1153 1339 legatorum
1187 1265 1322 1317 mortem

155 1370 209 1434 cui
232 1388 299 1434 non
319 1367 571 1435 formidolosum
594 1366 683 1432 fuit?
708 1366 810 1450 Apud
831 1367 1011 1433 Lusitanos
1033 1380 1139 1430 autem
1169 1364 1202 1428 in
1232 1362 1324 1428 India

155 1500 239 1562 quae
263 1479 328 1545 fuit
350 1479 530 1560 securitas,
555 1478 613 1544 ubi
634 1478 903 1544 caduceatoribus
923 1498 965 1544 ne
983 1493 1076 1560 pacta
1098 1475 1229 1558 quidem
1249 1494 1325 1558 pro·

157 1591 317 1657 fuerunt?
342 1591 546 1672 Ubicunque
559 1605 666 1656 autem
676 1592 731 1674 jus
743 1589 917 1674 legationis
929 1605 962 1655 et
974 1589 1118 1673 gentium
1132 1586 1326 1653 commercia

154 1703 347 1783 violantur,
381 1704 493 1784 nulla,
528 1701 576 1767 uti
608 1701 773 1783 diximus,
814 1701 1016 1767 denuntiatio
1052 1698 1229 1764 necessaria
1264 1710 1323 1762 est.

156 1814 327 1879 Praeterea
353 1814 487 1898 dignum
519 1828 568 1878 est
598 1813 772 1880 observatu
804 1811 1027 1879 defensionem
1057 1797 1252 1876 Batavorum
1285 1807 1325 1872 ad
1337 1822 1458 1922 {piorem

157 1946 193 1990 ea
216 1945 323 2007 usque
355 1939 525 2008 tempora,
559 1925 680 2006 quibus
709 1924 881 2007 Philippus
914 1924 1050 2007 imperio
1072 1921 1227 1988 cecidisse
1250 1938 1325 2002 pro·

156 2036 328 2102 nuntiatus
350 2051 420 2117 est,
453 2035 555 2102 fuisse
574 2036 696 2102 bellum
721 2035 840 2115 civile,
863 2050 1022 2117 quantum
1042 2035 1081 2100 ad
1101 2037 1214 2100 hostes
1236 2033 1326 2115 prIn-

156 2149 278 2231 cipales
310 2147 437 2212 attinet.
496 2148 583 2212 Nam
614 2162 646 2212 et
674 2146 860 2230 praefectus
897 2168 961 2228 qua
997 2145 1183 2230 praefectus
1215 2159 1263 2210 est
1295 2159 1327 2210 et

157 2259 314 2340 Princeps
357 2279 422 2340 qua
463 2258 619 2340 Princeps
664 2278 738 2339 pars
782 2257 936 2323 videntur
977 2258 1197 2340 reipublicae,
1242 2256 1328 2322 sicut

158 2370 305 2454 theologi
326 2374 336 2408 ¹
358 2370 512 2449 tradunt,
546 2368 603 2435 ubi
637 2368 676 2434 de
709 2369 928 2452 abjudicando
963 2368 1163 2435 Pontificatu
1197 2368 1325 2453 agitur,

158 2482 190 2546 in
214 2503 253 2548 co
275 2480 403 2564 judicio
433 2481 552 2563 Papam
576 2500 643 2547 non
664 2495 763 2563 caput
781 2481 839 2546 sed
857 2481 1035 2546 membrum
1067 2501 1136 2548 esse
1160 2481 1326 2546 ecclesiae.

158 2594 269 2679 Quare
300 2592 424 2657 etiamsi
454 2592 521 2658 vim
550 2593 671 2656 nullam
692 2607 843 2656 armatam
864 2594 976 2658 hostes
996 2594 1120 2675 priores
1140 2594 1329 2658 intulissent

157 2720 213 2769 aut
228 2706 284 2788 jus
297 2703 442 2788 gentium
455 2702 656 2783 violassent,
669 2718 774 2768 tamen
789 2704 993 2770 denuntiatio
1005 2725 1072 2771 non
1084 2706 1326 2788 requireretur,

158 2836 242 2898 quae
267 2816 354 2880 bello
379 2831 512 2881 externo
533 2815 663 2898 propria
683 2831 749 2881 est:
775 2829 811 2880 ut
831 2815 957 2900 egregie
979 2815 1122 2882 diximus
1133 2816 1326 2881 Ciceronem

157 2926 312 3011 colligere
342 2946 408 2993 non
439 2947 507 2993 esse
539 2928 661 2993 bellum
692 2947 751 3009 per
778 2928 903 3011 legatos
923 2926 1131 2993 indicendum
1154 2927 1327 3007 Antoni0,

159 3059 357 3120 quamquam
374 3038 527 3118 consuli,
553 3039 616 3104 hoc
634 3054 682 3105 est
692 3038 894 3123 magistratui
907 3059 1034 3104 summo
1046 3039 1161 3121 populi
1174 3039 1325 3104 Romani.

159 3151 243 3215 Nam
279 3164 311 3214 et
343 3169 416 3214 cum
448 3147 623 3231 Tarquinii
654 3151 789 3233 publico
825 3151 955 3216 decreto
990 3150 1131 3215 damnati
1165 3149 1327 3230 fuerunt,

159 3262 281 3326 bellum
301 3259 370 3344 regi
390 3260 548 3326 indictum
569 3281 635 3326 non
657 3277 723 3326 est:
749 3261 839 3343 quod
858 3277 964 3327 tamen
991 3261 1112 3327 bellum
1134 3283 1172 3327 eo
1197 3262 1328 3327 nomine

159 3372 268 3437 minus
288 3374 414 3457 justum
438 3391 532 3437 nemo
550 3372 758 3437 existimavit.
784 3373 859 3438 Sola
873 3372 973 3458 igitur
986 3374 1144 3439 sententia
1157 3374 1327 3439 sufficeret.
1341 3387 1485 3487 {Ilii'f'h

160 3484 327 3550 Sententia
357 3498 464 3549 autem
487 3498 519 3548 et
542 3498 653 3548 contra
686 3484 852 3550 Albanum
886 3486 958 3550 data
992 3500 1040 3550 est
1069 3487 1109 3550 ab
1134 3486 1328 3550 Hollandiae
1405 3472 1412 3486 ’
1440 3474 1446 3486 ’

161 3595 368 3675 Ordinibus,
402 3609 434 3659 et
457 3608 568 3658 contra
598 3593 786 3677 Philippum
818 3611 887 3661 tum
909 3599 948 3661 ab
973 3597 1025 3662 his
1048 3596 1150 3679 ipsis,
1184 3613 1253 3662 tum
1289 3599 1328 3662 ab

160 3710 296 3774 aliarum
318 3707 487 3773 nationum
510 3728 546 3771 ac
569 3706 672 3772 totius
693 3706 760 3771 fere
782 3707 885 3790 Belgii
910 3707 1092 3774 Ordinibus
1106 3708 1137 3773 in
1151 3709 1328 3774 concilium
1385 3728 1387 3734 ·

161 3820 305 3904 legitime
327 3817 527 3885 convocatis
574 3818 612 3883 ln
630 3817 798 3883 Lusitanis
822 3832 930 3884 autem
948 3838 986 3883 co
999 3838 1050 3884 res
1064 3834 1112 3885 est
1125 3820 1328 3902 expeditior,

162 3933 240 4014 quia
273 3932 365 3996 nullo
399 3931 583 3995 Doctorum
620 3928 830 3994 dissentiente
865 3929 1057 3996 tradidimus
1090 3947 1209 4014 coepto
1243 3934 1329 3999 bello

161 4044 318 4108 adversus
342 4041 508 4123 aliquem,
532 4040 630 4106 sociis
653 4055 685 4105 et
707 4041 849 4105 subditis
873 4041 1025 4107 omnibus
1048 4041 1120 4123 ipso
1144 4041 1231 4108 facto
1251 4044 1328 4108 satIs

161 4153 323 4218 indictum
348 4153 467 4218 bellum
493 4153 639 4233 censeri,
664 4173 739 4217 cum
763 4172 829 4217 non
852 4169 990 4234 possent
1012 4173 1078 4219 non
1102 4157 1214 4219 hostes
1238 4176 1329 4237 esse,

161 4265 219 4355 qui
244 4284 277 4329 se
300 4263 389 4329 hosti
413 4279 632 4349 aggregarent.
677 4264 750 4328 Nec
773 4264 952 4347 quidquam
975 4266 1084 4330 obstat
1105 4267 1165 4330 hac
1187 4266 1221 4330 iu
1240 4284 1329 4350 parte

161 4420 352 4430 .-.--..-

197 4501 204 4532 ¹
224 4502 286 4550 Silv.
305 4502 331 4550 in
350 4517 375 4550 v.
394 4503 467 4563 Papa.
484 4515 509 4551 n.
527 4516 552 4564 4.
