3326 5506
462 624 514 676 aaa
537 626 630 696 June
656 621 841 676 annuant.
865 629 946 676 cnr.
969 627 1035 677 1111.
1273 621 1335 694 147

162 793 303 852 naturae
326 784 369 850 sit
383 784 548 851 contraria
567 800 600 851 et
619 784 708 851 omni
720 761 896 851 'hominum
913 786 1021 870 generi
1035 785 1133 852 noxia
1144 787 1219 872 ,jus
1229 783 1337 852 facere

165 917 231 964 non
256 912 375 982 potest.
421 897 551 964 Deinde
582 897 635 963 illa
660 898 786 966 coactio
811 900 942 966 durasse
967 899 1081 964 debuit
1102 919 1161 983 per
1180 897 1335 982 tempus,

164 1012 261 1095 cujus
282 1010 369 1077 initii
389 1031 454 1076 non
471 1023 581 1077 ‘exstet
597 1011 753 1078 memoria
774 1019 805 1075 ¹·:
830 1011 864 1078 id
884 1031 963 1078 vero
983 1025 1110 1078 tanturn
1130 1011 1206 1077 hinc
1226 1012 1335 1092 abest,

163 1139 265 1188 utne
289 1135 419 1189 centum
442 1123 577 1205 quidem
601 1123 677 1189 anni
701 1123 863 1206 exierint,
896 1143 936 1189 ex
960 1144 1028 1206 quo
1050 1138 1120 1190 tota
1144 1123 1212 1189 fere
1234 1143 1335 1208 nego-

163 1236 258 1309 tiatio
292 1236 404 1301 Indica
435 1255 534 1319 penes
567 1235 715 1302 Venetos
756 1235 820 1302 fuit
859 1257 917 1319 per
951 1236 1191 1302 Alexandrinas
1222 1237 1335 1322 trajec-

167 1349 276 1414 tiones
296 1348 317 1413 ².
363 1347 490 1413 Debuit
523 1347 618 1413 etiam
642 1347 716 1414 talis
740 1365 810 1414 esse
834 1348 984 1432 coactio,
1020 1349 1074 1415 cui
1098 1347 1246 1415 restitum
1269 1364 1335 1414 non

165 1461 219 1526 sit.
267 1462 315 1526 At
346 1460 536 1527 restiterunt
557 1459 646 1526 Galli
671 1473 703 1526 et
725 1461 826 1545 Angli
861 1460 983 1544 aliique
1003 1461 1026 1528 ⁸.
1073 1461 1193 1545 Neque
1218 1459 1337 1527 sufficit

163 1573 293 1654 aliquos
325 1590 396 1638 esse
428 1587 583 1654 coactos,
617 1573 674 1638 sed
704 1587 741 1639 ut
772 1593 890 1640 omnes,
916 1573 1021 1642 coacti
1045 1574 1111 1642 sint
1133 1572 1335 1656 requiritur,

163 1702 237 1750 cum
260 1699 441 1769 perunum
462 1705 527 1751 non
546 1700 696 1752 coactum
718 1701 866 1751 servetur
885 1686 918 1752 in
938 1706 1034 1753 causa
1054 1685 1219 1752 communi
1238 1685 1335 1750 liber-

163 1799 239 1864 tatis
260 1798 441 1881 possessio.
489 1799 615 1864 Arabes
637 1813 747 1863 autern
775 1813 807 1862 et
830 1798 983 1865 Sinenses
1006 1818 1023 1864 a
1048 1797 1189 1864 saeculis
1209 1797 1337 1879 aliquot

162 1911 315 1976 adhunc
349 1911 433 1977 diem
457 1925 616 1994 perpetuo
640 1931 714 1975 cum
738 1910 828 1976 Indis
849 1912 1069 1995 negotiantur.
1116 1909 1211 1975 Nihil
1236 1909 1337 1995 igitur

162 2024 296 2106 prodest
319 2023 380 2090 ista
403 2023 584 2106 usurpatio.
610 2023 662 2087 Ex
683 2022 736 2088 his
757 2043 841 2105 quae
861 2023 947 2088 dicta
961 2037 1038 2089 sunt
1050 2023 1127 2090 satis
1139 2021 1336 2106 perspicitur

166 2155 277 2201 eorum
303 2155 394 2202 caeca
419 2135 582 2216 aviditas,
607 2135 666 2217 qui
691 2156 731 2201 ne
755 2155 952 2218 quemquam
975 2135 1008 2202 in
1032 2141 1153 2218 partem
1178 2133 1261 2200 lucri
1281 2134 1336 2200 ad·

163 2249 315 2329 mittant,
349 2249 415 2314 iilis
445 2247 627 2314 rationibus
656 2247 889 2314 conscientiam
913 2262 1004 2313 suam
1028 2249 1156 2331 placare
1179 2248 1336 2326 student,

165 2380 247 2443 quas
280 2360 342 2444 ipsi
376 2360 522 2445 magistri
555 2361 801 2444 Hispanorum,
836 2360 894 2442 qui
918 2359 951 2424 in
976 2360 1085 2426 eadem
1119 2373 1196 2426 sunt
1220 2379 1336 2440 causa,

164 2471 353 2539 manifestae
376 2473 531 2540 vanitatis
554 2474 758 2539 convincunt
777 2471 798 2538 ⁴.
842 2472 968 2538 Omnes
992 2472 1075 2538 enim
1102 2472 1159 2554 qui
1183 2472 1216 2538 in
1240 2472 1337 2537 rebus

165 2585 287 2651 Indicis
307 2600 506 2668 usurpantur
526 2588 651 2652 colores
672 2586 793 2669 injuste
813 2585 952 2668 captari,
977 2601 1134 2668 quantum
1158 2584 1238 2667 ipsis
1258 2583 1338 2650 licet

165 2699 243 2763 satis
277 2698 442 2779 innuunt,
476 2698 666 2779 adduntque
698 2717 876 2780 numquam
910 2717 976 2763 eam
1008 2718 1072 2762 rem
1097 2697 1181 2762 serio
1209 2697 1336 2761 theolo-

167 2827 283 2894 gorum
306 2811 454 2876 examine
476 2812 655 2894 probatam.
691 2809 749 2875 Illa
772 2830 852 2875 vero
866 2811 998 2891 querela
1011 2809 1092 2891 quid
1105 2823 1154 2874 est
1165 2808 1335 2890 iniquius,

167 2924 259 3005 quod
292 2923 406 2988 dicunt
439 2921 590 2986 Lusitani
624 2929 781 3003 quaestus
813 2942 891 2986 suos
920 2920 1084 2986 exhauriri
1107 2919 1201 3002 copia
1225 2927 1337 2985 co'ntra

166 3033 366 3100 licentium?
411 3034 499 3098 Inter
520 3034 696 3100 certissima
718 3034 802 3099 enirn
831 3034 915 3118 juris
939 3033 1106 3099 enuntiata
1130 3047 1197 3114 cst,
1220 3049 1279 3098 ncc
1303 3033 1336 3098 in
1380 3047 1388 3068 ⁸

166 3147 243 3213 doio
272 3165 345 3212 eunt
369 3146 516 3228 versari,
538 3165 597 3212 nec
630 3145 777 3211 fraudem
810 3145 937 3226 facere,
963 3165 1003 3211 ne
1027 3145 1178 3211 damnum
1204 3143 1335 3225 quidem
1377 3169 1381 3179 =

165 3259 255 3324 alteri
279 3258 353 3323 dare
373 3258 498 3339 videri,
523 3258 581 3340 qui
602 3259 674 3342 jure
696 3278 756 3325 suo
778 3258 882 3323 utitur
902 3265 931 3322 ⁵:
955 3257 1047 3340 quod
1067 3256 1203 3322 maxime
1222 3275 1335 3322 verum

165 3383 234 3452 est,
260 3370 287 3436 si
310 3388 375 3435 non
398 3385 436 3436 ut
457 3371 548 3436 alteri
569 3385 746 3451 noceatur,
772 3370 829 3437 sed
849 3390 915 3434 rem
936 3387 1026 3436 suam
1048 3368 1186 3453 augendi
1207 3367 1335 3449 animo,

166 3483 333 3566 quidpiam
356 3481 442 3549 fiat⁶.
467 3482 587 3566 inspici
608 3482 693 3548 enim
713 3483 811 3548 debet
827 3482 862 3547 id
873 3482 963 3564 quod
973 3480 1196 3565 principaliter
1206 3480 1336 3564 agitur,

165 3613 231 3698 non
253 3595 345 3677 quod
365 3596 565 3662 extrinsecus
586 3596 618 3661 in
640 3595 905 3678 consequentiam
925 3593 1051 3661 venit⁷.
1075 3594 1145 3659 Irno
1165 3593 1190 3657 si
1207 3592 1337 3675 proprie

200 3866 303 3928 ¹Vasq.
320 3869 344 3916 d.
363 3871 432 3916 loco.
450 3881 473 3917 n.
488 3881 525 3916 11.
551 3865 754 3918 'Guicciardb
767 3883 803 3931 19.
814 3868 903 3917 histor.
930 3865 984 3916 ³v.
995 3879 1079 3927 supra.
1105 3864 1209 3926 ⁴Vasq.
1219 3877 1338 3915 controv.

166 3959 203 4007 111.
227 3973 250 4008 c.
277 3973 315 4007 10.
339 3965 364 4008 n.
384 3973 422 4008 10.
441 3959 508 4008 Vict.
526 3964 597 4020 parte
618 3972 639 4008 1.
654 3961 685 4009 de
704 3960 781 4009 Indis.
800 3962 846 4009 iel.
867 3973 930 4008 1.11.
950 3969 973 4016 3.
1007 3953 1017 3988 ⁶
1035 3959 1052 4006 1.
1071 3957 1110 4006 sin
1130 3969 1222 4006 autem.
1240 3961 1261 4016 ξ.
1278 3971 1338 4018 pen.

166 4051 192 4100 ff.
209 4053 241 4100 de
259 4051 296 4099 rei
315 4051 386 4100 vind.
407 4049 451 4115 [D.
469 4051 493 4099 6.
514 4064 535 4099 1.
554 4051 608 4113 27.]
628 4054 644 4099 1.
662 4051 756 4100 nullius
774 4051 885 4100 videtur.
900 4050 926 4098 ff.
943 4051 976 4098 de
991 4063 1042 4109 reg.
1060 4047 1107 4105 iu‘r.
1123 4049 1217 4111 [D.50.
1235 4060 1273 4106 17.
1284 4044 1335 4111 33]

165 4146 183 4191 1.
205 4143 271 4192 illud
296 4154 406 4191 constat.
425 4142 450 4191 ff.
468 4157 533 4202 quae
552 4142 577 4190 in
596 4143 628 4190 fr.
647 4144 716 4192 cred.
736 4142 779 4205 [D.
797 4156 838 4203 42.
857 4145 879 4189 8.
898 4140 947 4203 13]
968 4142 986 4188 1.
1005 4140 1143 4188 fluminum.
1160 4144 1181 4197 §.
1199 4141 1244 4187 ult.
1262 4139 1288 4186 ff.
1305 4142 1336 4188 de

167 4237 250 4284 damn.
277 4235 323 4282 inf.
350 4233 394 4298 [D.
413 4246 454 4296 39.
474 4248 498 4281 2.
517 4234 569 4295 24]
590 4237 606 4281 l.
623 4247 697 4282 nemo
723 4235 847 4282 damnum.
864 4232 890 4280 ff.
907 4233 937 4281 de
953 4233 1003 4292 reg.
1021 4229 1068 4288 jur.
1086 4231 1129 4292 [D.
1147 4240 1186 4286 50.
1209 4229 1246 4288 1?-
1267 4232 1335 4293 151.]

167 4327 232 4376 Batt.
259 4325 286 4375 iu
313 4329 330 4374 1.
355 4339 375 4373 1.
398 4338 423 4373 11.
449 4337 471 4380 5.
497 4325 522 4373 ff.
550 4327 581 4374 de
600 4324 755 4374 fluminibus.
775 4325 878 4386 [1).43.
899 4321 949 4390 ra]
970 4321 1285 4372 castr.in1.siribi.C.
1305 4319 1336 4372 de

167 4418 256 4468 servit.
275 4419 317 4480 [C·
337 4431 359 4475 3·
378 4431 417 4480 34.
437 4415 488 4482 10.]
525 4415 571 4465 ⁸1.
590 4431 611 4465 1.
630 4421 651 4476 ξ.
664 4416 779 4477 deniqne.
796 4415 821 4463 ff.
837 4418 869 4464 de
885 4428 948 4475 aqua
964 4425 988 4461 et
1007 4427 1046 4473 aq.
1062 4415 1133 4473 pluv.
1151 4405 1197 4475 [D
1216 4425 1256 4474 39.
1274 4425 1296 4470 3.
1316 4427 1336 4462 1.

168 4514 190 4569 5.
205 4509 258 4574 aa]
294 4507 353 4556 ⁷-V.
375 4510 450 4569 Vasq.
475 4520 595 4558 controv.
613 4522 660 4558 usu
678 4508 742 4569 freq.
762 4522 784 4557 c.
807 4521 832 4570 4.
852 4516 877 4555 n.
901 4519 923 4563 3.
944 4507 970 4554 et
993 4517 1046 4564 seq.
