3326 5506
464 605 511 651 us
534 605 628 672 Junu
655 605 836 652 euasura.
863 606 941 654 can.
967 608 1016 655 xi.
1266 599 1327 676 185

155 764 316 846 falsisque
347 759 655 842 criminationibus,
690 774 727 826 ut
753 779 810 825 rex
834 760 903 843 ipse
924 776 1038 845 postea
1058 761 1234 830 confessus
1254 782 1327 847 est,

156 897 231 942 cum
262 874 403 940 navibus
434 871 568 938 insidias
600 870 811 954 posuissent,
845 872 965 956 viginti
994 888 1051 938 aut
1079 875 1179 956 paulo
1216 878 1328 959 plures

155 988 308 1066 homines
344 986 485 1050 Batavos
515 984 734 1066 deprehensos
763 982 1008 1067 confoderunt,
1039 985 1212 1052 duodecim
1245 989 1328 1054 alios

155 1113 318 1166 venenato
351 1096 434 1162 araci
461 1110 544 1178 potu
566 1095 599 1160 in
622 1093 766 1160 furorem
790 1095 1008 1178 morbumque
1030 1113 1189 1182 egerunt,
1213 1115 1328 1183 captos

156 1211 365 1277 abduxerunt
396 1227 473 1285 sm,
506 1226 566 1273 nec
601 1226 678 1273 sane
709 1226 748 1271 ex
772 1204 884 1272 infima
908 1220 1078 1272 nautarum
1101 1210 1218 1292 plebe,
1242 1231 1327 1293 quos

154 1321 328 1389 tormentis
347 1319 479 1385 duobus
499 1332 531 1381 et
551 1317 716 1384 mercibus
735 1317 851 1383 redimi
872 1317 1034 1400 oportuit.
1082 1317 1199 1402 Neque
1222 1325 1327 1389 multo
1339 1347 1409 1393 Anno
1421 1346 1470 1392 aa.

155 1449 232 1518 post
254 1452 327 1498 cum
346 1431 490 1517 Jacobus
512 1429 794 1512 Hemslrerckius,
820 1429 847 1494 is
872 1430 970 1514 cujus
992 1430 1109 1497 virtuti
1141 1433 1224 1498 ultio
1248 1435 1328 1500 haec

156 1563 188 1612 et
209 1559 344 1628 captura
366 1544 534 1620 debetur,
565 1541 599 1608 in
633 1540 704 1606 illas
735 1555 854 1628 partes
874 1539 1043 1623 venisset,
1066 1563 1123 1609 rex
1148 1546 1327 1628 Dammae,

156 1659 279 1724 amicus
301 1671 339 1721 ut
355 1656 396 1721 ab
419 1653 515 1719 initio
535 1652 642 1737 patuit
665 1667 697 1717 et
719 1651 907 1718 foederatus
928 1652 1070 1718 nationis
1093 1654 1326 1740 Lusitanicae,

156 1770 262 1835 ollicia
291 1787 355 1840 xsua
390 1782 422 1832 ct
451 1764 682 1831 commercium
715 1767 803 1830 ultro
833 1764 974 1830 obtulit:
1006 1765 1153 1832 nascitur
1188 1768 1327 1836 enimin

157 1901 257 1967 regno
282 1879 353 1964 ejus
377 1897 492 1963 magna
513 1876 565 1942 vis
588 1896 727 1962 oryzae:
752 1875 809 1941 sed
832 1895 944 1958 caspe
966 1891 1003 1940 ut
1024 1896 1123 1942 naves
1147 1899 1186 1944 cx
1207 1878 1327 1962 impro-

155 1993 230 2058 viso
262 1991 455 2072 invaderet,
487 2008 570 2072 quae
601 2002 778 2071 postquam
808 1985 949 2068 fefellit,
971 1987 1092 2073 viginti
1116 1989 1265 2058 homines
1287 1992 1328 2057 ad

156 2117 332 2169 mercatum
366 2102 484 2167 missos
524 2099 668 2166 detinuit
698 2099 865 2182 captivos:
901 2118 1041 2181 quorum
1078 2115 1153 2166 octo
1190 2103 1325 2168 redemti

155 2231 253 2290 sunt:
284 2213 422 2280 caeteris
453 2231 494 2277 ne
525 2211 588 2277 hoc
614 2211 746 2294 quidem
768 2207 932 2296 contigit,
956 2211 1013 2276 sed
1036 2227 1074 2277 ut
1095 2213 1180 2278 viles
1202 2215 1326 2282 animae

155 2329 188 2394 in
222 2345 317 2393 usum
353 2327 535 2407 bellorum,
568 2343 652 2406 quae
683 2337 751 2388 tum
785 2321 852 2407 regi
877 2342 951 2388 curn
974 2321 1122 2390 finitimis
1146 2325 1326 2393 intercede·

156 2440 256 2520 bant,
290 2451 521 2520 seponuntur,
555 2434 588 2499 in
620 2434 742 2517 quibus
772 2433 858 2516 viri,
885 2453 951 2500 non
969 2454 1086 2519 genere
1105 2437 1207 2522 magis
1229 2459 1325 2522 quam

155 2539 340 2616 eruditione
361 2547 583 2626 nobilissimi,
606 2546 741 2612 Dousae
765 2544 854 2612 iilius
877 2544 953 2612 fuit.

198 2664 247 2728 At
273 2680 339 2727 non
368 2660 463 2724 etiam
492 2659 610 2725 sufficit
636 2658 702 2724 illis
722 2658 889 2724 mandasse
913 2657 1003 2724 odia:
1027 2678 1135 2742 neque
1157 2661 1241 2727 enim
1262 2677 1325 2733 tam
1339 2692 1419 2739 Ana„
1437 2692 1483 2738 m,

152 2777 262 2841 lentus
292 2787 342 2838 est
372 2772 541 2837 nationum
573 2769 821 2852 Hispanicarum
851 2769 966 2853 furor,
1000 2786 1038 2837 ut
1071 2773 1143 2838 viso
1169 2773 1326 2856 inimico,

153 2899 311 2968 concepta
339 2903 396 2967 spe
418 2882 579 2963 nocendi,
603 2880 722 2946 alienas
743 2900 868 2963 semper
890 2903 1003 2948 manus
1032 2899 1211 2966 exspectet:
1236 2906 1327 2969 prae·

153 2996 250 3080 cipue
271 2996 298 3063 si
319 2994 451 3078 quando
473 2992 640 3076 perfidiam
664 3008 696 3058 et
713 2995 881 3059 sceleratas
898 2993 1162 3062 fraudesfiducia
1174 2996 1327 3080 impuniti

152 3127 327 3176 successus
345 3106 473 3172 invitat.
513 3105 614 3170 'Sicut
633 3103 738 3188 primo
757 3105 995 3171 Hollandorum
1017 3105 1050 3172 in
1074 3106 1220 3175 Orientis
1236 3109 1327 3176 insu·
1338 3146 1408 3192 Am,
1423 3155 1483 3206 ,59⁶¹

153 3225 200 3287 las
230 3221 373 3286 adventu
404 3218 630 3302 Tomagonem
660 3217 925 3300 ssantamensem,
961 3218 1107 3284 eumdem
1141 3239 1197 3302 per
1229 3241 1325 3303 quem

153 3346 266 3416 postea
285 3331 326 3396 ad
334 3330 566 3415 Janlranjavam
580 3328 757 3411 dispositae
770 3327 905 3394 fuerunt
917 3329 1071 3412 insidiae,
1087 3331 1325 3415 sollicitarunt,

152 3459 191 3510 ut
223 3444 323 3509 duces
352 3456 384 3507 et
412 3440 544 3506 navium
565 3440 738 3524 magistros
764 3438 796 3506 in
826 3439 937 3506 villam
958 3461 1048 3506 suam
1074 3443 1163 3526 (erat
1190 3444 1269 3509 haec
1290 3445 1325 3510 in

152 3556 282 3639 littore)
305 3555 346 3620 ad
365 3574 495 3620 caenam
518 3552 685 3618 invitaret:
706 3571 773 3635 quo
792 3567 938 3635 tempore
960 3553 1132 3620 consilium
1147 3555 1210 3620 illis
1222 3554 1324 3624 fuisse

150 3667 221 3750 ipse
244 3665 396 3750 Tomago
419 3681 534 3748 postea
567 3663 733 3731 nuntiavit
763 3664 894 3749 navigio
919 3665 950 3730 in
973 3685 1040 3730 eam
1060 3666 1180 3732 littoris
1200 3683 1322 3751 partem

150 3781 334 3862 appellere,
363 3777 533 3861 captisque
563 3776 713 3844 convivis
743 3792 776 3844 et
809 3777 1041 3859 convivatore,
1075 3778 1180 3861 ipsum
1213 3780 1321 3848 statim

150 3890 339 3970 dimittere,
364 3889 548 3955 Hollandos
571 3904 678 3981 autem
702 3891 882 3956 Malaccam
903 3889 1088 3972 deportare:
1112 3889 1175 3956 nisi
1193 3911 1261 3958 eam
1282 3892 1323 3959 ad

149 4021 215 4066 rem
239 4000 390 4086 Tomago
406 3999 605 4084 praefectum
624 4000 749 4067 veritus
769 4001 983 4067 ministerium
1005 4022 1102 4067 suum
1122 4002 1321 4086 denegasset.

149 4115 194 4180 At
215 4128 389 4197 postquam
413 4112 539 4195 ipsum,
562 4111 647 4176 sicut
657 4110 818 4192 diximus,
832 4110 1030 4194 praefectum
1045 4112 1197 4178 Lusitani
1209 4133 1320 4180 corru-

149 4239 285 4308 perant‚
303 4223 456 4306 captique
474 4224 539 4307 jam
560 4243 671 4288 eorum
687 4238 802 4308 rogatu
818 4223 902 4288 inter
918 4239 1062 4289 caeteros
1075 4237 1165 4288 erant
1175 4223 1320 4308 magistri

151 4337 383 4403 Houtmannus
415 4351 448 4401 et
469 4334 708 4415 Valkenerius,
742 4334 979 4420 indignabundi
1011 4335 1102 4417 quod
1134 4333 1320 4416 praefectus

151 4467 212 4514 suo
241 4447 354 4530 potius
381 4449 473 4513 lucro
507 4467 603 4529 quam
635 4447 764 4513 illorum
800 4446 885 4514 odiis
914 4448 1112 4528 consuleret,
1155 4465 1318 4513 venenum
