3326 5506
410 637 456 682 DE
480 636 574 700 Juttu
599 637 781 684 PRAEDAE·
805 639 884 685 cAP.
910 637 973 682 xll.
1224 636 1285 698 227

229 789 276 854 Ut
297 790 511 856 nihilominus
532 792 598 876 ipsi
620 789 754 870 luceat,
776 811 849 856 cum
869 789 924 857 illi
942 789 1131 856 accenderit
1149 795 1170 856 ¹.

159 899 287 986 Quidni
315 901 424 982 enim,
458 900 590 983 quando
607 900 692 966 sine
722 900 916 968 detrimento
946 919 1007 967 suo
1038 915 1168 984 potest,
1192 901 1284 967 alteri

18 1045 19 1052 .
117 1013 300 1078 commodet
330 1010 342 1046 ¹
374 1012 407 1078 in
440 1012 503 1093 iis,
527 1033 611 1095 quae
642 1028 720 1080 sunt
750 1013 922 1096 accipienti
953 1013 1072 1094 utilia,
1104 1013 1194 1079 danti
1217 1031 1283 1079 non

116 1124 278 1190 molesta?
315 1123 407 1190 Haec
441 1139 521 1192 sunt
552 1144 636 1207 quae
661 1123 851 1208 philosophi
873 1127 884 1164 ⁸
908 1144 974 1192 non
999 1125 1114 1192 alienis
1133 1140 1282 1207 tantum,

116 1235 171 1300 sed
194 1248 227 1300 et
248 1235 384 1319 ingratis
403 1236 558 1318 praestari
586 1239 715 1304 volunt.
759 1237 854 1324 Quae
874 1257 954 1303 vero
975 1237 1007 1302 in
1031 1237 1129 1305 rebus
1148 1237 1284 1320 privatis

117 1345 241 1412 invidia
263 1361 335 1427 est,
359 1347 469 1413 eadem
491 1347 578 1414 inre
601 1347 767 1415 communi
785 1366 852 1428 non
872 1363 982 1431 potest
1000 1367 1066 1414 non
1085 1367 1154 1414 esse
1173 1348 1284 1414 imma-

116 1457 209 1522 nitas.
256 1446 538 1540 lmprobisslmum
558 1459 643 1526 enim
662 1461 727 1526 hoc
749 1473 821 1542 est,
842 1459 932 1541 quod
952 1474 1086 1526 naturae
1107 1459 1284 1540 instituto,

116 1586 276 1634 consensu
310 1568 481 1652 gentium,
505 1589 613 1638 meum
645 1589 711 1636 non
732 1570 842 1638 minus
858 1590 960 1653 quam
982 1585 1076 1636 tuum
1101 1584 1172 1651 est,
1196 1571 1230 1637 id
1253 1585 1284 1636 te

118 1677 159 1744 ita
179 1678 398 1763 intercipere,
421 1695 461 1746 ut
483 1699 524 1746 ne
546 1701 642 1750 usum
664 1667 796 1764 quidem
815 1681 895 1748 milri
916 1682 1095 1764 concedas,
1120 1702 1187 1763 quo
1206 1700 1284 1748 con·

118 1809 210 1856 cessu
242 1790 348 1858 nihilo
370 1791 480 1858 minus
503 1791 537 1858 id
555 1807 649 1859 tuum
677 1791 721 1858 sit
743 1812 840 1874 quam
860 1807 953 1858 antea
972 1792 1048 1860 fuit.
1095 1792 1184 1860 Tum
1204 1814 1285 1860 vero

118 1902 237 1983 etiam,
263 1902 321 1985 qui
344 1903 459 1970 alienis
483 1905 640 1972 incubant
661 1919 719 1971 aut
736 1903 919 1971 communia
942 1903 1177 1988 intercipiunt,
1199 1918 1285 1970 certa

117 2014 254 2094 quadam
284 2014 489 2097 possessione
516 2035 551 2082 se
575 2029 721 2082 tuentur.
766 2015 855 2101 Quia
878 2015 962 2080 enim
986 2016 1113 2098 prima,
1137 2030 1176 2082 ut
1198 2015 1285 2082 dixi·

118 2145 213 2204 mus,
237 2125 483 2208 occupatiores
503 2125 651 2209 proprias
665 2125 765 2208 fecit,
790 2127 912 2194 idcireo
931 2124 1101 2210 imaginem
1113 2123 1283 2206 quamdam

119 2237 253 2304 dominii
277 2237 419 2320 praefert
448 2237 600 2319 quamvis
626 2237 748 2322 injusta
771 2237 925 2306 detentio.
969 2237 1016 2302 At
1038 2235 1187 2302 Lusitani
1207 2255 1285 2301 num

120 2348 217 2416 sicuti
249 2363 351 2416 terras
383 2348 549 2431 solemus,
574 2349 618 2414 ita
646 2369 733 2416 mare
756 2349 840 2416 illud
861 2347 1022 2432 impositis
1049 2345 1220 2430 praesidiis
1242 2346 1287 2414 ita

121 2459 268 2540 undique
291 2458 482 2541 cinxerunt,
507 2474 545 2526 ut
563 2460 597 2525 in
617 2459 764 2543 ipsorum
785 2480 884 2528 manu
904 2473 989 2526 esset
1000 2478 1084 2541 quos
1096 2459 1220 2525 vellent
1231 2477 1286 2523 ex-

120 2569 276 2636 cludere?
302 2571 356 2636 An
378 2592 459 2638 vero
482 2585 608 2638 tanturn
633 2571 697 2638 hoc
718 2573 832 2652 abest,
854 2585 893 2640 ut
911 2570 974 2654 ipsi
997 2569 1114 2652 etiam,
1138 2589 1213 2635 cum
1231 2568 1287 2633 ad·

119 2700 232 2748 versus
263 2681 346 2746 alios
378 2684 520 2768 populos
551 2684 709 2752 mundum
733 2682 909 2763 dividunt,
931 2701 997 2747 non
1021 2680 1098 2747 ullis
1124 2679 1287 2746 limitibus

120 2807 173 2858 aut
192 2806 310 2858 natura
333 2807 389 2860 ant
411 2813 509 2860 manu
532 2793 673 2877 positis,
698 2794 756 2862 sed
776 2792 963 2878 imaginaria
984 2791 1121 2874 quadam
1142 2775 1230 2856 linea
1252 2808 1287 2854 se

119 2903 299 2972 nteantur‘l
324 2905 425 2990 Quod
445 2903 474 2970 si
497 2904 676 2988 recipitur,
698 2920 731 2974 et
749 2903 908 2971 dimensio
919 2903 992 2969 talis
1002 2903 1044 2970 ad
1054 2901 1286 2986 possidendum

118 3018 228 3097 valet,
267 3015 458 3100 iamdudum
488 3015 584 3084 nobis
620 3029 801 3101 geometrae
831 3030 950 3094 terras,
979 3012 1156 3082 astronomi
1191 3011 1286 3076 etiam

119 3128 244 3192 caelum
266 3125 437 3208 eriperent.
482 3126 552 3192 Ubi
571 3126 625 3192 hie
648 3127 749 3212 igitur
772 3141 820 3194 est
842 3125 922 3207 ista,
945 3125 1015 3192 sine
1032 3143 1097 3207 qua
1116 3124 1206 3191 nulla
1228 3123 1287 3189 do-

118 3237 216 3302 minia
249 3251 452 3320 coeperunt,
485 3237 634 3320 corporis
662 3238 703 3304 ad
733 3257 853 3321 corpus
883 3233 1077 3322 adjunctio?
1120 3233 1287 3300 Nimirum

117 3362 251 3432 apparet
278 3347 311 3413 in
334 3349 425 3416 nulla
445 3368 480 3413 re
499 3348 619 3426 verius¹
634 3347 699 3415 dici
721 3367 841 3431 posse,
865 3348 957 3431 quod
977 3349 1130 3414 doctores
1152 3344 1288 3416 nostri*

117 3459 351 3542 prodiderunt,
363 3479 449 3526 mare
469 3479 544 3526 curn
566 3457 609 3528 sit
629 3459 955 3543 incomprehensibile
975 3479 1040 3526 non
1059 3458 1168 3526 minus
1190 3477 1287 3541 quarn

117 3574 192 3651 adr,
226 3570 354 3637 nullius
379 3571 496 3654 populi
527 3571 622 3640 bonis
653 3570 800 3654 potuisse
829 3570 993 3654 applicari.
1040 3569 1076 3636 Si
1107 3587 1185 3636 vero
1215 3582 1288 3634 ante

117 3682 202 3750 alios
234 3681 405 3768 navigasse
436 3697 469 3748 et
499 3682 586 3750 viam
606 3683 847 3766 quodammodo
871 3682 1059 3765 aperuisse,
1082 3681 1147 3750 hoc
1168 3694 1290 3748 vocant

114 3813 305 3876 occupare,
329 3793 501 3876 quidesse
521 3807 631 3877 potest
652 3794 756 3879 magis
778 3793 975 3860 ridiculum?
1001 3792 1088 3858 Nam
1107 3811 1181 3860 curn
1200 3793 1290 3860 nulla

115 3925 193 3989 pars
216 3904 261 3972 sit
283 3905 404 3987 maris,
427 3906 461 3972 in
480 3925 576 3989 quam
597 3925 663 3972 non
686 3905 805 3989 aliquis
820 3905 945 3989 primus
967 3904 1132 3989 ingressus
1151 3903 1216 3986 sit,
1240 3924 1290 3972 se·

117 4032 242 4100 quetur
274 4035 401 4084 omnem
428 4016 669 4103 navigationem
694 4019 733 4086 ab
762 4017 875 4100 aliquo
898 4035 967 4086 esse
993 4031 1194 4100 occupatam.
1241 4015 1291 4080 Ita

151 4301 159 4332 ¹
180 4301 286 4349 Ennius.
312 4300 364 4365 [ap.
388 4302 443 4351 Cic.
468 4304 499 4351 de
522 4301 565 4350 off.
589 4305 605 4350 l.
633 4315 654 4350 1.
673 4317 696 4350 c.
718 4303 754 4350 16.
771 4302 793 4363 §.
811 4299 863 4365 sa]
899 4298 983 4349 'Cio
1002 4302 1034 4349 de
1051 4299 1100 4348 Off.
1117 4302 1134 4346 l.
1156 4312 1176 4346 1.
1196 4297 1232 4359 [c.
1253 4298 1290 4345 16.

118 4397 138 4450 5.
174 4403 214 4448 51.
250 4391 300 4452 sq.]
344 4389 355 4422 ⁸
379 4395 434 4442 Sen.
459 4396 490 4442 de
516 4394 599 4442 benef.
624 4397 640 4440 l.
667 4407 689 4449 3.
714 4407 737 4440 c.
763 4395 801 4440 28.
844 4391 855 4427 ⁴
879 4393 936 4454 joh.
961 4392 1040 4440 Faber
1069 4393 1099 4439 ad
1123 4391 1144 4452 §.
1170 4390 1290 4437 littorum.

122 4481 156 4543 [¹-
177 4497 200 4528 2·
223 4496 243 4529 ¹·
261 4483 281 4542 i·
302 4484 337 4543 a]

1102 4572 1157 4650 15*
