3316 5494
464 613 511 664 ns
536 615 628 684 June
655 611 837 663 rannone,
862 614 941 662 cnr.
964 613 1028 664 v1t.
1287 605 1330 676 75

152 768 259 852 juriae
290 786 454 838 auctorem
489 771 719 856 rempublicam
752 787 809 838 aut
836 769 1058 856 magistratum
1078 783 1286 854 propugnant
1308 779 1330 834 ¹.

154 884 246 972 Quia
274 883 400 951 scilicet
427 885 514 970 leges
544 882 714 950 inferiores
744 899 782 950 ut
808 883 944 967 septima
975 897 1008 948 et
1037 881 1230 964 undecima,
1255 901 1330 947 cum

156 1015 198 1062 ex
229 997 341 1081 regula
372 995 466 1062 tertia
497 1010 530 1061 et
557 1011 672 1078 quarta
696 995 863 1078 oriantur,
890 997 1051 1078 praelatae
1074 1012 1130 1059 sex
1152 993 1329 1077 primarum

156 1104 280 1190 alicui,
314 1127 398 1190 quae
430 1121 508 1173 sunt
528 1108 675 1175 Naturae
698 1122 731 1172 et
753 1107 912 1175 Gentium
932 1109 1044 1190 leges,
1067 1126 1108 1172 ex
1130 1106 1242 1190 regula
1265 1103 1328 1170 sci·

157 1219 237 1285 licet
259 1218 361 1303 prima
383 1233 417 1285 et
439 1219 602 1302 secunda,
636 1238 703 1285 non
727 1219 782 1304 jus
805 1217 933 1284 faciunt
951 1218 1009 1283 scd
1031 1215 1181 1302 injuriam
1205 1211 1229 1282 ¹.
1265 1213 1329 1280 His

156 1331 349 1398 constitutis
360 1332 493 1416 justum
521 1345 569 1396 est
591 1330 711 1396 bellum
734 1331 807 1413 hir,
831 1332 890 1416 qui
912 1329 1105 1398 voluntarie
1121 1340 1269 1416 gerunt,
1293 1330 1329 1392 in
1341 1320 1418 1422 2132·
1428 1319 1474 1421 ἧι·

157 1442 305 1529 singulos
335 1457 368 1508 et
396 1446 433 1507 in
466 1458 594 1530 remp„
617 1445 676 1527 qui
705 1461 829 1527 quaere
860 1442 993 1526 cujusve
1024 1442 1246 1526 magistratus
1277 1442 1330 1504 in·

145 1555 287 1638 jurium
302 1551 492 1639 fecerunt³
515 1567 547 1618 et
569 1557 606 1619 in
629 1568 732 1639 remp.
748 1573 867 1638 ,quac
881 1555 982 1621 ciram
1000 1553 1150 1636 injuriae
1162 1564 1329 1616 auctorem

156 1678 277 1731 tuctur
315 1665 416 1752 inque
446 1686 558 1730 corum
594 1667 759 1748 omnium,
792 1667 852 1751 qui
882 1665 1048 1748 injuriam
1068 1661 1229 1747 faciunt,
1261 1682 1329 1747 qua

155 1776 243 1842 tales
272 1790 372 1859 sunt,
405 1779 504 1842 socios
533 1789 565 1840 et
594 1776 753 1842 subditos.
799 1775 934 1858 Proprie
962 1790 1000 1841 ut
1022 1774 1164 1840 diximus
1185 1773 1240 1858 jus
1262 1791 1329 1838 non

155 1902 324 1973 spectatur
356 1887 390 1952 in
424 1887 631 1955 subditorum
663 1887 872 1968 actionibus,
918 1901 1080 1970 quatenus
1114 1885 1168 1952 isti
1202 1883 1330 1950 scilicet

155 1999 274 2086 agendi
305 1999 503 2083 principium
527 2020 545 2066 a
566 2020 602 2065 sc
633 2018 699 2066 non
721 1999 853 2066 habent.
901 1998 1095 2084 Subiectum
1114 1996 1198 2062 enim
1222 1995 1328 2080 juris,

156 2127 197 2178 ut
218 2127 293 2178 ante
302 2111 556 2197 attigimus‚est
567 2113 743 2194 voluntas,
768 2131 852 2194 quae
875 2130 894 2176 a
916 2109 1052 2176 rationis
1073 2107 1328 2192 apprehensione

156 2223 330 2308 dirigitur,
361 2223 526 2309 theologis
559 2222 655 2288 etiam
675 2223 875 2289 auctoribus.
921 2222 1140 2287 Instrumenta
1162 2234 1268 2285 autem
1289 2237 1328 2284 ex

155 2324 263 2402 aliena
285 2350 387 2421 agunt
416 2337 598 2402 voluntate.
645 2335 710 2401 Sed
731 2335 909 2401 notandum
931 2331 1105 2414 subditos,
1129 2349 1327 2414 quamquam

156 2446 371 2514 instrumenta
382 2461 471 2524 sunt,
485 2466 553 2513 esse
565 2460 672 2512 tamen
683 2445 849 2527 hominm,
862 2445 1010 2512 homines
1023 2459 1130 2511 autem
1142 2442 1205 2510 nisi
1219 2463 1258 2508 ex
1270 2461 1328 2508 sua

154 2561 328 2625 voluntate
338 2577 405 2625 non
418 2572 539 2643 agunt,
558 2573 647 2623 extra
659 2559 803 2625 actiones
814 2557 940 2624 scilicet
951 2557 1125 2624 naturales.
1149 2553 1327 2642 Quomodo

154 2669 260 2756 igitur
281 2671 344 2738 ista
365 2669 640 2736 conciliabimus?
686 2667 760 2735 Hoc
782 2669 880 2735 modo
900 2684 939 2735 ut
955 2669 1101 2735 dicamus
1120 2666 1327 2733 subditorum
1339 2693 1409 2740 aa„
1423 2692 1461 2740 a,

155 2783 360 2849 voluntatem
383 2781 450 2868 regi
471 2782 511 2847 ab
533 2781 761 2864 imperantium
784 2782 974 2859 voluntate,
999 2779 1110 2863 (quod
1130 2746 1449 2845 instrumerr-⁶'‘'‘'¹⁰'

155 2893 200 2959 tis
229 2893 402 2978 convenit)
428 2893 474 2959 ita
507 2907 613 2958 tamen
640 2907 678 2958 ut
698 2891 781 2958 ratio
801 2910 867 2958 non
888 2905 1069 2976 repugnet:
1096 2890 1196 2973 idque
1219 2890 1326 2972 ipsum
1413 2943 1416 2950 .

156 3004 399 3088 quodammodo
418 3005 543 3089 justum
568 3023 651 3071 esse.
695 3003 891 3086 Exemplum
903 3003 948 3070 sit
959 3003 992 3068 in
1001 3002 1127 3085 sertis,
1151 3001 1326 3083 dequibus

155 3119 261 3183 multa
290 3116 487 3183 Aristoteles
507 3117 529 3182 ⁴.
573 3115 661 3181 Nam
693 3135 767 3181 cum
800 3115 854 3181 alii
886 3134 1013 3181 omnem
1038 3113 1193 3181 virtutem
1227 3127 1326 3196 atque

156 3229 238 3294 adeo
258 3227 422 3314 justitiam
445 3247 541 3294 servo
565 3227 747 3310 eriperent,
771 3227 825 3292 alii
849 3226 994 3293 eamdem
1014 3226 1217 3309 tribuerent,
1242 3245 1326 3308 quae

155 3341 191 3406 in
213 3339 318 3406 libero
349 3339 481 3406 homine
511 3354 582 3423 est,
619 3339 762 3424 egregrie
786 3338 961 3424 distinguit
981 3339 1227 3422 philosophus,
1250 3358 1326 3404 cum

156 3451 239 3518 dicit
260 3470 328 3517 non
358 3449 536 3535 perfectam
559 3451 593 3517 in
614 3471 709 3518 servo
732 3450 932 3533 desiderari,
954 3451 1042 3517 sicut
1064 3451 1098 3516 in
1121 3469 1160 3515 co
1184 3449 1241 3532 qui
1266 3451 1327 3516 im-

155 3578 271 3647 perat,
303 3562 362 3629 sed
395 3583 464 3629 cam
495 3581 578 3646 quae
611 3562 651 3627 ad
684 3582 765 3629 usus
798 3562 934 3629 serviles
954 3561 1133 3651 necessaria
1154 3575 1219 3628 est:
1242 3560 1326 3626 hanc

156 3689 263 3740 autem
288 3693 420 3757 parvam
448 3693 529 3740 esse.
575 3674 661 3740 Cum
683 3673 768 3739 enim
788 3693 904 3740 servus
925 3673 1060 3739 rationis
1083 3673 1127 3740 sit
1145 3672 1325 3756 particeps,

154 3804 221 3852 non
255 3805 353 3870 posse
385 3805 458 3851 eum
488 3785 577 3851 omni
608 3785 733 3853 virtute
764 3784 919 3868 spoliari,
954 3804 1061 3867 neque
1091 3805 1170 3851 vero
1192 3784 1325 3853 lromini

155 3895 259 3963 libero
281 3896 475 3979 adaequari,
499 3916 572 3962 cum
604 3916 670 3963 non
703 3896 821 3962 habeat
853 3901 886 3965 τὸ
910 3899 1112 3979 βουλευτικόν,
1136 3900 1203 3964 rim
1224 3897 1327 3964 libere

155 4006 377 4074 deliberandi.
406 4007 526 4074 Partim
547 4007 665 4094 igitur,
690 4022 728 4073 ut
746 4007 855 4074 dicere
874 4008 1031 4093 occoepi,
1055 4009 1180 4077 ratione
1199 4010 1324 4088 utitur,

188 4339 196 4372 ¹
213 4340 273 4389 Vid.
294 4341 385 4390 Thom.
404 4355 427 4390 2.
445 4357 469 4390 a.
486 4357 512 4404 q.
532 4357 587 4406 104.
605 4356 650 4394 art.
665 4358 687 4402 5.
704 4345 780 4406 Vasq.
795 4359 818 4394 c.
836 4359 858 4394 2.
874 4357 899 4393 et
917 4359 939 4394 c.
958 4346 998 4394 26.
1014 4359 1039 4394 n.
1060 4358 1100 4407 29.
1134 4342 1144 4377 ⁹
1162 4348 1266 4406 exlege
1285 4359 1323 4404 13.

156 4429 167 4463 ³
184 4432 213 4479 V.
227 4433 327 4480 Platon.
344 4432 430 4481 Alcib.
451 4448 472 4483 r.
506 4432 517 4466 ⁴
535 4437 566 4484 de
580 4449 635 4496 rep.
652 4439 669 4485 l.
690 4449 711 4486 1.
726 4452 749 4486 c.
767 4440 812 4486 ult.
830 4451 877 4498 per
893 4449 984 4486 totum.
1002 4448 1026 4485 et
1045 4439 1076 4486 de
1091 4449 1154 4486 mor.
1172 4439 1204 4487 ad
1220 4436 1323 4487 Nicom.

157 4523 173 4567 l.
192 4525 213 4569 8.
229 4537 251 4570 c.
274 4537 311 4572 ια.
331 4523 369 4583 [p.
390 4525 461 4573 1160.
481 4539 503 4574 2.
524 4540 562 4576 vs.
581 4528 633 4588 29.]
