3310 5482
481 571 526 616 DE
549 571 642 637 JURE
669 572 855 619 PRAEDAE.
882 573 963 622 cAl‘.
989 577 1025 622 V·
1301 575 1341 640 59

169 743 218 790 res
249 739 393 790 caeterae
422 726 463 790 ad
492 746 545 793 eas
572 726 695 792 referri.
741 727 788 792 Et
813 729 947 810 quidem
979 743 1017 796 ut
1051 729 1170 798 vitiosa
1193 729 1238 796 sit
1255 729 1340 796 actio

168 836 309 918 aliquam
339 856 508 903 causarum
540 837 691 905 vitiosam
725 860 795 906 esse
820 839 960 908 sufficiet
978 846 1008 905 ¹:
1038 855 1125 906 recta
1142 862 1222 908 vcro
1240 857 1277 909 ut
1298 841 1341 908 sit

169 946 351 1031 (siquidem
374 963 497 1014 rectum
516 949 580 1014 nisi
595 969 663 1016 uno
682 951 779 1016 modo
800 970 870 1018 esse
890 971 956 1018 non
976 955 1103 1038 potest)
1122 952 1193 1019 illas
1205 971 1340 1034 omnes,

168 1059 337 1140 quomodo
368 1073 518 1142 oportet,
548 1079 741 1128 concurrere
769 1081 901 1130 necesse
925 1077 984 1130 est.
1029 1063 1068 1129 Id
1090 1062 1238 1131 Graecus
1256 1063 1340 1130 indi-

168 1184 219 1235 cat
239 1189 358 1238 versus
380 1171 412 1236 ²2

341 1287 433 1354 ἐσθλοὶ
454 1289 508 1368 μὲν
526 1289 586 1371 γὰρ
607 1288 732 1367 ἁπλῶς,
755 1289 946 1363 παντοδαπῶς
965 1287 995 1355 δὲ
1016 1288 1110 1356 κακοί.

344 1395 551 1480 Simpliciter
572 1396 672 1460 bonus
695 1409 766 1461 est:
786 1409 824 1460 at
848 1396 955 1461 malus
979 1395 1180 1463 omnimodis.

211 1503 316 1570 Omne
342 1525 419 1591 ergo
449 1506 569 1572 bellum
591 1507 723 1592 justum
753 1518 820 1587 est,
850 1504 939 1590 quod
968 1525 1073 1571 omnes
1095 1525 1214 1570 causas
1224 1507 1340 1591 justas
1353 1533 1428 1580 conca
1443 1531 1484 1576 W.

167 1616 276 1683 habet.
325 1617 453 1684 Causae
477 1617 588 1699 itaque
619 1616 847 1682 examinandae
877 1629 965 1682 sunt.
1011 1615 1057 1681 Et
1075 1616 1108 1682 in
1127 1614 1230 1698 prima
1249 1631 1340 1698 parte

166 1725 345 1792 videndum
376 1727 434 1810 qui
460 1729 548 1812 juste
577 1729 698 1793 bellum
728 1742 858 1812 gerant,
896 1727 929 1793 in
967 1727 1111 1792 secunda
1148 1726 1269 1809 quibus
1299 1727 1339 1793 de

166 1839 278 1906 causis
300 1855 334 1906 et
353 1839 386 1904 in
405 1858 513 1923 quos,
537 1839 571 1906 in
590 1839 684 1906 tertia
705 1840 872 1923 quomodo
888 1858 945 1905 seu
968 1853 1149 1922 quatenus,
1173 1838 1207 1904 in
1225 1852 1340 1920 quarta

167 1969 326 2032 quorsum
349 1970 483 2034 quoque
505 1951 623 2018 animo.
668 1951 809 2035 Operam
833 1966 940 2017 autem
959 1951 1043 2016 hanc
1065 1969 1130 2016 non
1152 1970 1191 2016 eo
1216 1949 1340 2017 insum·
1389 1967 1392 1972 ·

167 2061 292 2144 simus,
321 2063 412 2144 quod
438 2062 574 2134 aliorum
597 2060 693 2129 nobis
714 2041 839 2128 labores
859 2062 899 2129 de
921 2062 995 2148 jure
1026 2061 1102 2127 belli
1123 2061 1336 2145 displiceant,

167 2173 289 2257 quippe
320 2193 460 2255 quorum
486 2174 581 2240 etiam
606 2173 782 2240 auctoritas
813 2172 909 2239 nobis
940 2173 1014 2239 usui
1046 2171 1158 2239 futura
1186 2171 1248 2238 sit:
1280 2173 1339 2239 sed

167 2284 241 2367 quia
270 2305 310 2350 ex
333 2283 562 2366 adminiculis,
580 2305 663 2367 quac
684 2284 781 2351 nobis
797 2287 863 2370 jam
885 2283 1166 2368 comparavimus,
1190 2283 1337 2366 aliquan-

165 2409 233 2461 tum
256 2415 319 2462 nos
337 2395 378 2461 ad
400 2397 580 2462 carumdem
602 2416 731 2478 rerum,
760 2416 841 2479 quas
867 2395 915 2460 illi
942 2395 1146 2462 tradiderunt
1166 2394 1337 2461 certitudi-

166 2528 255 2589 nem,
289 2522 346 2573 aut
372 2511 485 2576 saltem
515 2510 556 2575 ad
579 2509 703 2574 ordinis
745 2507 1007 2593 perspicuitatem
1045 2509 1222 2573 collaturos
1254 2505 1337 2573 exis·

165 2619 361 2686 timavimus.
387 2633 402 2660 ·

606 2777 898 2845 CAPVT.VI.

454 2933 501 2980 DE
525 2933 639 2981 CAUSA
666 2935 774 2981 BELLI
798 2931 1043 2982 EFFICIENTE.

621 3045 815 3096 QUAESTIO.
839 3046 874 3091 V.

167 3157 255 3205 ΛΚΤ·
279 3159 305 3204 1.
333 3157 430 3208 QUAE
456 3157 570 3223 JUSTA
594 3157 651 3204 SIT
674 3157 792 3204 CAUSA
816 3156 1011 3203 EFFICIENS
1035 3155 1143 3202 BELLI
1169 3156 1337 3208 anvnTl,

167 3269 254 3317 ART.
278 3267 318 3317 11.
346 3269 444 3320 QUAE
469 3268 581 3333 JUSTA
605 3269 662 3314 SIT
685 3268 799 3316 CAUSA
822 3268 1018 3315 EFFICIENS
1043 3268 1151 3314 BELLI
1174 3267 1333 3314 nuntiet.

653 3421 849 3436 mvn—-

208 3521 413 3602 Causarum,
433 3541 517 3602 quac
537 3519 663 3603 aliquid
685 3518 852 3598 efficiunt,
872 3487 949 3585 alias
968 3538 1038 3584 esse
1057 3517 1254 3602 principales
1273 3535 1336 3585 tra-

167 3629 267 3697 ditum
287 3645 352 3710 est,
377 3628 455 3696 alias
478 3631 688 3717 adjuvantes,
712 3630 789 3696 alias
807 3629 1096 3696 instrumentorum
1117 3629 1247 3696 nomine
1259 3650 1335 3697 cen-

167 3741 253 3832 stris
275 3763 360 3825 quae
389 3741 518 3825 quidem
548 3761 678 3824 omnes,
701 3757 740 3809 ut
763 3741 795 3806 iu
820 3741 892 3808 aliis
908 3742 1102 3824 plerumque
1125 3741 1222 3807 rebus
1244 3761 1335 3826 spec-

167 3867 292 3936 tantur,
323 3854 369 3918 ita
396 3868 428 3920 et
447 3856 480 3920 in
499 3854 693 3920 voluntariis
716 3853 885 3920 hominum
907 3853 1110 3932 actionibus,
1135 3853 1168 3919 iu
1191 3875 1258 3938 quo
1279 3875 1357 3940 ge·

166 3983 238 4030 nere
267 3966 390 4031 bellum
425 3981 483 4032 est.
528 3966 746 4044 Naturaliter,
778 3965 875 4032 sicuti
905 3964 1066 4044 diximus,
1088 3966 1172 4051 juris
1193 3966 1333 4050 quisque

166 4076 215 4142 sui
241 4091 414 4142 exsecutor
443 4093 510 4143 est:
535 4078 608 4144 ideo
633 4078 717 4144 enim
742 4076 911 4144 exanimo
940 4076 1046 4143 effecti
1067 4097 1181 4144 sumus
1202 4093 1234 4142 et
1261 4097 1332 4142 cor-

168 4267 356 4278 -ιψ--ωμ-ι

199 4382 206 4415 ¹
223 4385 300 4432 Dion.
318 4387 350 4434 de
368 4385 430 4434 divi.
448 4386 543 4435 nomin.
561 4387 651 4435 Thom.
671 4401 692 4434 a.
713 4399 735 4435 a.
757 4401 810 4435 110.
827 4398 870 4435 art.
882 4399 904 4444 3.
939 4385 949 4420 ²
967 4386 1045 4436 Arist.
1056 4388 1087 4435 dc
1102 4399 1165 4435 mor.
1181 4388 1212 4435 acl
1229 4387 1330 4437 Nicom.

168 4475 183 4518 l.
201 4489 221 4522 a.
238 4489 260 4524 c.
280 4488 302 4531 5·
322 4477 359 4537 [p.
379 4478 449 4526 1106.
468 4492 490 4525 a.
508 4491 545 4526 vs.
565 4477 617 4537 35.]
