3326 5506
444 626 490 672 DE
514 628 608 694 JURE
635 628 821 677 PRAEDAE.
848 630 929 677 CAP.
955 631 1022 678 ΧΠ.
1256 635 1317 697 241

140 794 270 846 cnatnr
298 783 444 867 flamen,
480 804 542 847 non
576 788 627 848 ita
659 789 695 849 in
720 789 834 850 mari:
858 808 934 873 ergo
958 791 994 851 in
1018 801 1161 873 utroque
1184 809 1248 853 non
1272 803 1319 854 est

134 907 208 978 par
227 897 329 959 ratio.
364 895 437 958 Nee
456 893 504 960 ad
522 916 591 960 rem
609 901 786 983 pertinet,
807 900 896 984 qnod
916 914 1019 985 snpra
1040 900 1212 983 diximus,
1233 923 1318 966 corn·

140 1025 280 1070 manem.
303 1028 368 1071 esse
399 1029 491 1072 nsunt
512 1029 721 1093 aqmrnra,
747 1012 897 1094 fontium
931 1015 1032 1076 etiarn
1065 1027 1097 1078 et
1124 1014 1314 1100 finrninnm.

141 1118 236 1182 Naar
267 1119 477 1206 intelligitur
500 1122 612 1206 quoad
632 1122 804 1188 bibendum
829 1137 861 1188 et
884 1124 1037 1206 similia,
1061 1146 1147 1216 qnae
1164 1126 1315 1211 staminis

140 1228 323 1295 domininon
354 1247 415 1296 ant
437 1233 498 1317 jas
530 1234 666 1298 habenti
695 1236 749 1301 uel
767 1238 900 1301 minime
922 1237 977 1303 nel
997 1236 1158 1305 letissime
1177 1253 1315 1305 nocent:

141 1346 282 1408 minima
305 1347 389 1408 enirn
411 1348 447 1408 in
469 1345 732 1411 consideratione
755 1369 817 1412 non
839 1362 916 1413 sant
940 1357 960 1415 ¹.
1006 1349 1075 1414 Pro
1100 1354 1223 1415 nostris
1246 1373 1317 1416 sen-

141 1461 257 1521 tentiis
286 1461 398 1536 faoit‚
428 1463 509 1544 qaia
532 1463 652 1544 iniqua
676 1459 767 1524 nnllo
792 1473 934 1546 ternpore
950 1464 1260 1547 praescribuntur,
1284 1477 1315 1528 et

141 1567 214 1632 ideo
238 1569 292 1633 lex
311 1573 430 1656 iniqua
452 1570 543 1636 nullo
563 1585 706 1657 tempore
719 1573 972 1658 praescribitur
991 1587 1052 1639 ant
1062 1573 1316 1660 justificatur&

142 1680 249 1744 Mox:
276 1682 325 1746 Et
348 1703 433 1768 qnae
455 1697 533 1748 sant
556 1684 916 1771 impraescriptibilia,
941 1707 982 1750 en
1003 1686 1083 1772 legis
1107 1687 1317 1773 dispositione

142 1815 201 1856 neo
216 1808 281 1879 per
304 1793 395 1859 mille
423 1815 525 1858 annos
551 1796 831 1880 praescribentur
853 1798 889 1861 ⁸:
918 1798 1007 1880 quod
1031 1798 1211 1864 innumeris
1235 1799 1313 1864 doc·

142 1919 250 1970 torum
284 1905 482 1972 testimoniis
504 1904 613 1972 fulcit.
660 1907 768 1973 Nemo
790 1908 856 1992 jam
886 1929 952 1976 non
975 1910 1067 1976 videt
1091 1912 1130 1976 ad
1151 1931 1247 1977 usum
1271 1912 1316 1980 rei

140 2018 326 2086 communis
356 2019 628 2102 intercipiendum
651 2022 775 2086 nullam
800 2002 969 2102 quantivis
991 2023 1147 2105 temporis
1178 2043 1316 2106 usurpa·
1347 2089 1350 2096 ,

140 2130 265 2196 tionem
299 2132 474 2214 prodesse:
510 2131 566 2197 cui
598 2132 841 2218 adjungendum
875 2149 947 2214 est,
981 2134 1076 2199 etiam
1110 2155 1222 2202 eorum
1256 2135 1315 2218 qui

142 2243 341 2310 dissentiunt
358 2245 583 2310 auctoritatem
606 2245 684 2310 huic
714 2246 898 2328 quaestioni
922 2266 987 2311 non
1011 2266 1108 2329 posse
1132 2268 1315 2314 accommo-

141 2355 222 2422 dari.
272 2357 324 2421 Illi
357 2356 441 2422 enim
466 2357 505 2422 de
528 2356 765 2424 mediterraneo
789 2360 998 2440 loquuntur,
1023 2378 1084 2425 nos
1108 2361 1147 2425 de
1171 2380 1314 2428 oceano:

142 2466 190 2532 illi
211 2468 251 2533 de
285 2469 378 2550 sinu,
403 2489 464 2535 nos
487 2469 527 2562 de
551 2469 708 2536 immenso
732 2471 834 2549 mari,
860 2492 943 2552 quae
967 2471 1000 2539 in
1024 2472 1149 2539 ratione
1173 2494 1316 2558 occupa·

143 2578 244 2645 tionis
276 2579 452 2662 plurimum
487 2580 654 2646 differunt.
711 2583 756 2646 Et
788 2582 911 2665 quibus
943 2584 991 2649 illi
1024 2585 1196 2671 indulgent
1225 2608 1317 2670 prae·

142 2690 377 2774 scriptionem,
400 2693 436 2758 hi
466 2693 577 2759 littora
607 2693 687 2758 mari
711 2695 868 2761 continua
888 2697 1059 2779 possident
1081 2713 1117 2763 ut
1138 2698 1260 2765 Veneti
1284 2715 1316 2766 et

137 2789 377 2889 Januenses,⁴
398 2806 489 2888 quod
515 2806 554 2871 de
575 2805 746 2873 Lusitanis
769 2807 834 2873 dici
858 2829 923 2874 non
956 2827 1053 2892 posse
1077 2810 1174 2875 modo
1196 2812 1314 2895 patuit.

141 2917 211 2982 Imo
243 2933 276 2983 et
298 2917 325 2984 si
348 2918 501 3001 prodesse
522 2934 634 3001 posset
653 2933 805 3003 tempus,
838 2935 875 2985 ut
896 2939 993 3003 posse
1018 2921 1150 3003 quidam
1175 2939 1314 3006 putant,

141 3030 175 3096 in
199 3030 342 3112 publicis
375 3051 459 3113 quae
494 3047 573 3096 sunt
607 3031 744 3115 populi,
779 3047 885 3098 tamen
909 3052 976 3099 non
1001 3053 1036 3098 ea
1060 3035 1200 3117 adsunt,
1230 3057 1314 3119 quae

140 3142 323 3209 necessario
355 3143 577 3226 requiruntur.
634 3143 778 3210 Primum
811 3144 896 3211 enim
934 3146 1053 3212 docent
1087 3167 1199 3215 omnes
1229 3131 1314 3214 desi·

142 3255 268 3336 derari,
301 3271 338 3321 ut
371 3255 398 3320 is
434 3257 492 3338 qui
524 3257 715 3339 praescribit
748 3257 939 3342 hujusmodi
963 3274 1091 3342 actum,
1125 3280 1199 3326 eum
1223 3282 1315 3327 exer-

142 3369 249 3434 cuerit
270 3388 336 3435 non
359 3371 459 3454 longo
481 3369 639 3435 duntaxat
651 3384 817 3454 tempore,
842 3373 899 3438 sed
910 3373 1097 3439 memoriam
1111 3373 1313 3458 egrediente:

142 3482 259 3548 deinde
271 3497 310 3548 ut
320 3496 411 3548 tanto
433 3497 579 3566 tempore
601 3483 748 3548 eumdem
771 3498 878 3549 actum
901 3505 996 3550 nemo
1017 3485 1100 3553 alius
1113 3487 1313 3567 exercuerit,

142 3593 206 3660 nisi
230 3595 441 3660 concessione
465 3594 556 3660 illius
579 3596 632 3662 vel
657 3595 876 3662 clandestine:
905 3613 1071 3681 praeterea
1099 3613 1136 3664 ut
1158 3597 1240 3664 alios
1264 3598 1313 3664 uti

141 3709 293 3774 volentes
315 3707 545 3790 prohibuerit,
571 3705 751 3774 scientibus
776 3708 910 3791 quidem
934 3724 965 3774 et
985 3707 1188 3794 patientibus
1212 3710 1253 3777 iis
1273 3711 1314 3776 ad

141 3840 228 3903 quos
251 3839 287 3884 ea
310 3839 361 3886 res
383 3820 584 3904 pertinebat:
609 3840 682 3886 nam
707 3821 767 3888 etsi
791 3821 992 3888 exercuisset
1011 3841 1139 3905 semper
1160 3837 1194 3916 et
1213 3843 1314 3906 quos·

180 3979 342 3986 ,ψη-...-

178 4059 185 4092 ¹
203 4065 220 4110 l.
238 4062 302 4111 scio.
317 4061 343 4110 ff.
359 4063 390 4110 de
408 4059 527 4110 minorib.
548 4058 591 4124 [D.
606 4073 631 4121 4.
650 4073 672 4109 1.
686 4058 722 4124 4.]
739 4061 815 4120 Vasq:
833 4061 851 4108 l.
873 4073 895 4108 1.
912 4061 943 4108 de
961 4073 1015 4109 suc.
1033 4073 1100 4109 reso.
1119 4075 1142 4110 c.
1161 4072 1186 4119 7.
1213 4058 1312 4110 ¹Ba1b.

142 4156 174 4202 de
191 4167 303 4215 praescr.
319 4166 341 4210 ⁵·
359 4167 384 4214 q.
401 4152 484 4214 princ.
502 4152 527 4200 in
544 4166 569 4212 q.
590 4165 629 4201 11.
645 4151 715 4200 illius
733 4164 755 4208 s.
765 4162 860 4212 quaest.
878 4151 961 4213 princ.
981 4153 1021 4200 Gl.
1038 4153 1065 4201 in
1081 4167 1104 4202 c.
1120 4151 1186 4201 inter
1205 4162 1312 4201 caetera.

143 4245 232 4307 [Decr.
246 4229 318 4294 'Grat-
336 4260 361 4306 p.
381 4259 403 4294 2.
423 4259 461 4295 10.
479 4257 502 4301 3.
521 4244 556 4306 8.]
573 4246 650 4304 Alph.
667 4245 698 4292 de
714 4245 821 4303 Castr0,
836 4246 867 4293 de
885 4255 978 4304 potest.
993 4247 1042 4306 leg.
1061 4259 1138 4306 poen.
1156 4245 1174 4292 l.
1190 4257 1214 4292 α.
1231 4258 1253 4293 c.
1274 4257 1313 4306 14.

142 4335 240 4387 ³Balb.
266 4336 354 4386 infin.
378 4349 403 4385 et
428 4337 465 4386 ibi
489 4339 553 4396 Ang.
574 4336 601 4384 in
626 4338 643 4384 l.
668 4349 764 4384 omnes.
783 4337 812 4384 C.
831 4336 861 4384 de
880 4349 990 4395 praescr.
1005 4336 1062 4396 trig.
1079 4349 1208 4384 annornm.
1228 4333 1272 4399 [C.
1289 4347 1314 4394 7.

143 4443 184 4494 ³9·
201 4428 239 4493 4.]
275 4428 286 4460 ⁴
304 4445 329 4479 v.
351 4432 415 4492 Ang.
436 4429 462 4478 in
483 4430 507 4478 d.
528 4429 549 4490 §.
575 4427 692 4477 littorum
711 4440 823 4487 quoque.
842 4428 903 4477 Inst.
922 4429 953 4476 de
971 4441 1020 4476 rer.
1037 4427 1089 4478 div.
1107 4427 1140 4490 [l.
1159 4440 1221 4476 2.1.
1240 4430 1261 4485 5.
1279 4427 1313 4490 5.]

143 4534 168 4572 et
186 4521 251 4570 alios
267 4534 342 4582 supra
359 4523 431 4582 alleg.

1125 4615 1164 4675 16
