3362 5504
328 596 391 677 33⁶
627 614 673 659 nn
696 613 789 677 June
815 612 1001 660 suranna.
1027 613 1107 660 cnr.
1131 614 1193 660 xv·

370 770 418 834 At
436 766 519 833 forte
539 783 689 833 manente
710 766 1057 852 bello‚redintegratis
1071 788 1145 834 cum
1165 770 1260 834 hoste
1272 769 1497 851 commerciis,

325 895 448 945 metuat
477 878 597 960 aliquis
625 898 666 945 ne
694 898 746 944 res
769 898 847 944 suae
868 881 927 945 hac
950 879 990 946 de
1011 900 1107 946 causa
1128 879 1345 947 detineantur.
1392 882 1497 968 Quasi

324 1011 406 1057 vero
437 1011 504 1056 non
536 1006 709 1072 antequam
742 991 822 1056 haec
845 990 960 1057 fierent
986 991 1071 1057 idem
1093 990 1207 1058 fecerit
1223 993 1417 1075 Hispanus,
1441 1010 1499 1059 aut

325 1123 414 1170 novo
447 1105 511 1168 hoc
540 1117 712 1186 praetextu
744 1117 847 1187 egeat.
901 1103 1070 1169 Praeterea
1104 1125 1171 1170 non
1206 1103 1285 1170 satis
1318 1105 1417 1171 video
1440 1126 1499 1170 cur

325 1215 522 1296 quisquam,
545 1214 599 1280 cui
619 1214 731 1280 Indica
752 1213 933 1298 negotiatio
954 1229 1080 1282 tantum
1103 1215 1197 1281 affert
1218 1231 1250 1280 et
1272 1217 1348 1299 plus
1370 1217 1404 1280 in
1428 1217 1497 1282 dies

324 1341 469 1392 ostentat
496 1326 707 1409 compendii,
731 1328 862 1392 alteram
886 1327 973 1394 illam
996 1326 1089 1394 malit
1112 1343 1163 1394 tot
1183 1329 1338 1411 periculis
1367 1344 1400 1394 et
1421 1331 1498 1394 hos-

323 1437 406 1504 tium
430 1437 571 1504 malitiae
601 1438 788 1505 obnoxiam.
834 1439 907 1504 Aut
927 1439 1070 1521 denique
1092 1440 1236 1506 eundum
1257 1461 1324 1506 non
1345 1456 1419 1524 est,
1442 1457 1499 1506 aut

323 1564 393 1615 tum
420 1549 551 1616 demum
585 1549 728 1615 eundum
760 1565 830 1630 est,
854 1570 929 1616 curn
953 1550 1092 1634 Hispani
1111 1552 1309 1618 Batavorum
1332 1553 1496 1619 mercibus

322 1681 430 1728 carere
454 1681 520 1728 non
543 1676 708 1744 poterunt.
753 1661 884 1749 Quodsi
907 1677 1014 1728 tamen
1047 1663 1087 1727 ad
1117 1678 1259 1729 veterem
1281 1663 1402 1730 redibit
1425 1685 1496 1747 per·

322 1772 458 1854 fidiam,
482 1792 549 1838 non
572 1773 652 1838 haec
670 1773 903 1840 mercatoribus
926 1774 1088 1841 scribetur
1113 1774 1207 1855 dica,
1232 1776 1325 1857 quod
1344 1777 1494 1859 praedam

321 1884 512 1968 possideant
543 1884 640 1968 (quis
667 1884 751 1950 enim
786 1885 927 1968 partitus
957 1885 1024 1966 sit,
1059 1885 1137 1968 quis
1159 1901 1272 1952 contra
1295 1887 1495 1953 recusaverit

321 1997 389 2062 illic
412 1996 486 2062 sciri
508 2016 575 2063 non
596 1999 741 2081 potest),
765 1996 822 2062 sed
845 1997 937 2079 quod
960 1998 1242 2063 contraedictum
1264 1998 1350 2082 regis
1374 1998 1494 2080 Hispa·

321 2109 392 2175 niae
426 2129 500 2175 cum
531 2107 621 2174 Indis
647 2108 903 2193 negotiationem
936 2109 1150 2174 exercuerint.
1195 2108 1289 2195 Quid
1317 2109 1431 2174 enim?
1455 2129 1494 2175 an

320 2219 485 2286 nescimus
507 2221 547 2286 ab
572 2219 721 2303 Hispano
740 2219 923 2303 proscripta
944 2238 1013 2285 esse
1035 2220 1166 2286 nomina
1187 2239 1321 2301 eorum,
1337 2221 1397 2302 qui
1417 2221 1495 2286 huic

319 2347 517 2398 mercaturae
547 2330 703 2414 praefecti
733 2331 836 2397 sunt?
877 2352 984 2413 neque
1016 2347 1086 2396 tum
1118 2352 1281 2397 caraccam
1314 2347 1491 2415 ceperant3

321 2444 380 2509 sed
410 2456 537 2508 tantum
571 2443 619 2509 illi
652 2443 769 2526 capital
796 2444 905 2509 visum
938 2458 987 2508 est
1008 2462 1083 2508 curn
1105 2442 1196 2508 Indis
1220 2443 1385 2509 celebrare
1406 2462 1494 2508 com-

319 2555 462 2636 mercia,
495 2570 533 2621 ut
567 2575 664 2638 quarn
687 2574 824 2638 poenam
846 2555 887 2620 de
909 2554 1099 2620 hominibus
1121 2574 1251 2620 sumere
1269 2574 1335 2620 non
1357 2554 1492 2637 potuit,

173 2671 309 2770 ’ἧῇγᾪ
321 2687 389 2734 eam
432 2688 496 2750 qua
529 2666 666 2732 maxime
698 2666 808 2748 potuit
843 2665 1022 2750 ignominia
1055 2666 1308 2733 adumbraverit.
1375 2666 1491 2748 Atque

172 2757 415 2879 ggqfffiqfstetiam
447 2779 584 2862 praedae
617 2777 721 2861 ipsius
750 2778 905 2859 nomine,
941 2777 968 2842 si
1002 2776 1172 2843 manifeste
1205 2777 1331 2862 injusta
1361 2777 1427 2858 sit,
1457 2793 1494 2842 ut

168 2897 195 2945 P·
210 2887 231 2931 ¹·
318 2891 405 2958 forte
437 2890 593 2973 Hispanis
624 2888 729 2955 videri
750 2889 895 2971 poterit,
918 2908 984 2955 non
1008 2889 1083 2954 illos
1107 2888 1268 2955 duntaxat
1295 2888 1399 2955 teneri
1435 2889 1492 2971 qui

318 3016 555 3085 perceperunt,
588 3002 647 3067 sed
677 3019 789 3066 omnes
814 3015 964 3067 auctores
984 3015 1083 3082 atque
1103 3020 1278 3080 suasores,
1303 3000 1491 3082 etquidem

318 3113 351 3180 in
383 3115 549 3194 solidum,
585 3128 682 3178 etex
714 3115 825 3196 regula
847 3111 1094 3177 restitutionum
1125 3127 1158 3176 et
1177 3111 1491 3195 jurisconsultorum

318 3225 512 3292 auctoritate
530 3239 729 3291 monstratur
753 3238 777 3290 ¹.
825 3222 973 3307 Hispano
998 3223 1100 3309 igitur
1120 3222 1289 3308 judicante
1310 3243 1385 3289 curn
1409 3223 1492 3288 nihil

317 3336 361 3401 sit
381 3335 604 3418 impunitum,
629 3355 696 3402 non
718 3350 767 3401 est
785 3354 844 3400 cur
865 3333 939 3416 quis
963 3335 1027 3400 hoc
1047 3353 1150 3400 unum
1172 3334 1275 3419 magis
1296 3354 1396 3416 quam
1421 3355 1493 3400 cae-

318 3461 385 3510 tera
419 3445 594 3512 formidet:
631 3446 712 3529 quin
745 3446 778 3511 in
812 3467 850 3512 eo
872 3445 984 3529 potius
1005 3446 1240 3538 laborandum,
1273 3465 1314 3509 ne
1335 3445 1377 3510 ad
1399 3445 1490 3511 illum

317 3576 473 3639 umquam
501 3558 658 3623 arbitrum
690 3558 853 3623 veniatur.
899 3557 957 3623 Sin
983 3572 1090 3622 autern
1110 3556 1256 3640 judicem
1277 3556 1492 3642 imaginamur

318 3687 385 3734 non
416 3669 565 3751 hostem,
598 3669 656 3734 sed
688 3683 838 3751 pacatum
873 3668 1014 3750 aliquem
1047 3667 1230 3750 Principem
1263 3670 1491 3751 populumve‚

318 3777 459 3860 primum
485 3799 590 3844 vanus
611 3794 660 3844 est
687 3779 741 3844 ille
758 3795 885 3857 metus,
908 3799 983 3845 cum
1007 3779 1251 3863 pignerationes
1272 3779 1342 3846 sive
1366 3799 1492 3863 repres-

320 3888 419 3952 saliae
439 3907 618 3971 numquam
641 3890 862 3956 concedantur
882 3910 990 3955 earum
1014 3911 1120 3956 rerum
1143 3891 1269 3974 gratia,
1299 3911 1384 3972 quae
1409 3892 1492 3956 inter

319 4000 475 4065 bellantes
504 4014 592 4064 actae
625 4015 710 4067 sunt.
766 4002 812 4066 Et
843 4001 1000 4084 quamdiu
1023 4002 1145 4069 bellum
1171 4001 1332 4086 injustum
1357 4023 1425 4068 non
1445 4017 1493 4068 est

319 4110 517 4175 declaratum
558 4111 688 4194 (contra
727 4111 916 4179 Batavicum
949 4128 1056 4178 autern
1090 4133 1184 4179 nemo
1217 4114 1516 4198 pronuntiavit)‚,

353 4368 437 4430 ¹J0h.
454 4371 538 4429 Lupus
564 4372 595 4418 de
613 4371 690 4418 bello.
708 4371 766 4428 §.si
790 4372 855 4420 bene
880 4375 1004 4422 advertas.
1037 4373 1116 4421 Willr.
1141 4374 1233 4420 Matth.
1260 4372 1286 4419 in
1317 4386 1338 4420 1.
1366 4386 1420 4432 req.
1447 4371 1490 4420 sub

320 4458 402 4506 linem.
423 4463 510 4507 Stnnm.
531 4462 592 4509 Ros.
613 4461 638 4507 in
656 4476 680 4508 v.
699 4463 803 4508 Bellum.
823 4475 847 4508 n.
866 4463 889 4508 6.
