3326 5506
332 595 394 638 202
638 590 685 636 DE
709 590 802 654 Junls
829 589 1013 637 nunaunt.
1038 591 1121 636 CAP·
1147 591 1195 636 xl.

332 745 428 830 genio
459 742 566 811 felicis
594 743 716 828 patriae
745 743 912 828 gratulari,
975 743 1062 810 Nam
1096 764 1170 810 cum
1201 744 1347 829 Jacobus
1384 744 1509 810 llems-

331 856 482 924 kerckius
514 857 547 922 in
580 877 633 922 eas
665 856 811 922 venisset
841 872 950 939 partes
973 872 1005 922 et
1027 856 1141 922 Patani
1172 847 1390 952 versaretur,'
1417 855 1510 922 unde

332 988 497 1036 accessum
529 969 571 1035 ad
600 988 707 1053 regem
736 968 834 1053 Jorae
866 966 1051 1047 ambiebat,
1082 986 1277 1050 responsum
1308 986 1422 1052 arege
1455 982 1510 1033 est

331 1101 398 1147 non
430 1080 528 1146 modo
559 1100 618 1162 per
649 1079 782 1160 literas,
815 1081 873 1146 sed
905 1099 962 1162 per
985 1078 1116 1146 fratrem
1139 1079 1274 1146 Siacltae
1294 1079 1511 1162 Principem,

331 1207 506 1258 venturum
525 1191 588 1258 sibi
608 1193 701 1257 illum
721 1191 960 1278 gratissimum,
982 1207 1094 1274 patere
1111 1211 1262 1276 regnum,
1285 1205 1395 1273 patere
1415 1210 1512 1256 com-

331 1303 467 1368 mercia:
492 1323 576 1385 quae
596 1303 625 1368 si
646 1302 801 1369 inviseret
819 1323 855 1368 re
881 1303 953 1386 ipsa
974 1318 1204 1392 percepturum
1224 1316 1258 1368 et
1276 1317 1392 1369 terram
1412 1320 1510 1366 suam

332 1435 408 1497 prae
427 1415 563 1480 caeteris
580 1417 768 1498 opulentam
786 1413 1028 1496 mercimoniis,
1053 1435 1136 1495 quae
1156 1413 1270 1480 Batavi
1290 1427 1510 1496 expeterent,

333 1541 366 1592 et
386 1526 493 1610 ipsunt
517 1546 551 1594 se
579 1528 684 1592 multo
713 1526 828 1609 aliter,
849 1546 947 1608 quant
975 1541 1121 1593 caeteros
1147 1525 1304 1593 Indorum
1333 1524 1510 1606 Principes

333 1636 509 1704 animatum
539 1637 771 1720 affectumque.
816 1638 1023 1722 Perspectam
1047 1637 1111 1704 sibi
1131 1636 1372 1704 Hollandorum
1392 1635 1510 1714 fidem,

333 1769 394 1815 nec
433 1749 615 1834 quidquam
644 1748 806 1833 praeferre
835 1749 967 1818 illorum
996 1748 1181 1831 amicitiae,
1213 1766 1299 1830 quos
1329 1761 1512 1832 cognosset

333 1876 398 1925 tam
423 1861 507 1928 fidos
527 1861 649 1939 sociis,
670 1881 767 1945 quam
791 1860 946 1928 hostibus
968 1860 1125 1927 invictos.
1172 1859 1307 1947 Quibus
1330 1858 1512 1924 intellectis

333 1972 486 2040 Lusitani
519 1973 654 2060 legatos}
677 1974 825 2039 Malacca
848 1973 1030 2054 miserunt,
1064 1973 1122 2056 qui
1143 1991 1213 2039 non
1234 1971 1334 2038 modo
1356 1990 1464 2054 regem
1491 1991 1511 2035 a

334 2083 536 2152 commerciis
554 2083 750 2151 Batavorum
761 2084 933 2151 calumniis
943 2085 1161 2166 deterrerent,
1186 2083 1373 2150 sedbellum
1385 2082 1510 2164 etiam,

333 2195 368 2258 ni
396 2195 591 2276 absisteret,
623 2195 851 2278 inexplicabile
878 2196 1091 2262 minarentur.
1147 2195 1197 2260 At
1223 2215 1264 2260 ne
1287 2179 1342 2260 'his
1371 2193 1510 2276 quidem

334 2326 391 2370 rex
420 2320 533 2373 motus
565 2321 603 2372 ut
623 2307 781 2390 pollicitis
802 2307 1012 2388 abscederet,
1036 2307 1211 2390 respondet
1240 2305 1410 2372 Lusitanis
1437 2304 1511 2370 ani·

334 2436 447 2498 mose,
472 2433 612 2484 attamen
635 2439 827 2500 exaequo,
851 2419 883 2483 in
904 2419 992 2485 hunc
1012 2417 1115 2484 ferme
1133 2417 1277 2484 modum.
1306 2417 1509 2503 Numquam

334 2528 398 2594 tibi
415 2543 615 2614 compertum
636 2530 721 2594 tales
744 2551 808 2596 essa
829 2530 1036 2612 Hollandos,
1061 2530 1176 2615 quales
1199 2549 1221 2594 a
1242 2527 1422 2594 Lusitanis
1439 2525 1511 2610 fin-

332 2654 518 2725 gerentur:
541 2654 709 2706 caeterum
738 2640 830 2708 illud
855 2640 1023 2724 audiisse,
1052 2641 1171 2708 illatas
1198 2622 1346 2727 injurius
1370 2639 1412 2704 ab
1435 2638 1511 2703 illis

327 2750 477 2833 fortiter
495 2749 693 2834 uindicari,
716 2751 805 2837 quod
833 2752 988 2838 quomodo
1011 2752 1212 2839 culpandum
1234 2755 1301 2832 sit,
1325 2772 1357 2816 se
1375 2749 1510 2836 quidem

335 2884 401 2928 non
428 2862 565 2931 uidere:
596 2877 698 2949 utque
718 2863 799 2929 adeo
818 2864 891 2929 illis
910 2868 1012 2929 eriam
1030 2862 1215 2947 confidere,
1237 2867 1320 2949 quia
1339 2863 1510 2947 injuriam

327 2972 447 3057 facere
469 2975 568 3042 nolit.
613 2975 651 3040 Si
679 2995 765 3061 quaa
796 2979 998 3042 inimicitiae
1023 2975 1203 3042 Hollandis
1225 2995 1297 3040 cum
1327 2974 1511 3039 Lusitanis

335 3085 599 3169 intercederent,
622 3084 662 3152 id
680 3086 728 3152 ad
745 3108 778 3152 su
800 3086 890 3152 nihil
902 3090 1097 3172 pertinere:
1110 3106 1253 3154 necuere
1266 3105 1510 3170 acquumessc,

336 3210 374 3260 ut
394 3197 450 3262 illi
470 3199 533 3262 sibi
544 3243 556 3278 ,
581 3197 665 3282 quid
684 3218 740 3262 suo
761 3200 799 3262 iu
819 3219 919 3285 regno
930 3198 1051 3284 facere
1062 3196 1210 3277 deberet,
1218 3196 1510 3281 praescriberent:

336 3311 401 3372 imo
427 3311 551 3373 rectius
578 3308 784 3391 Lusitanos,
803 3322 841 3374 ut
861 3314 921 3395 qui
941 3309 1136 3374 Muluccum
1159 3320 1333 3389 tenerent,
1357 3307 1451 3391 (nam
1476 3319 1510 3372 et

336 3419 420 3484 hanc
452 3419 541 3484 avito
568 3420 642 3503 jure
673 3439 731 3484 rex
760 3420 815 3486 ille
846 3420 910 3486 sibi
933 3420 1103 3503 vindicat,
1126 3419 1188 3485 etsi
1216 3418 1426 3502 possessione
1451 3418 1510 3484 de-

336 3531 470 3614 trusus)
491 3533 559 3596 suis
582 3531 708 3619 legibus
725 3536 918 3618 parituros.
965 3533 1061 3598 Adeo
1082 3533 1162 3598 haec
1185 3529 1387 3596 offenderant
1414 3549 1510 3597 aures

336 3643 407 3708 veri
436 3642 664 3726 impatientes,
697 3658 736 3710 ut
765 3643 925 3710 continuo
955 3662 1055 3710 naves
1089 3642 1223 3708 bellicae
1242 3657 1307 3709 tres
1336 3655 1370 3707 et
1399 3641 1508 3707 iustae

337 3753 485 3837 quinque
505 3756 546 3822 ad
564 3755 669 3820 amnis
688 3757 758 3840 ejus
775 3755 867 3842 regni
886 3755 970 3822 ostia
988 3754 1213 3821 mitterentur:
1236 3769 1306 3820 tum
1324 3768 1364 3819 ut
1382 3753 1506 3820 aditum

337 3865 467 3931 Batavis
486 3867 749 3949 praecluderent,
773 3881 842 3932 tum
864 3867 954 3934 utin
975 3868 1047 3951 ejus
1066 3865 1188 3932 littoris
1207 3867 1333 3932 accolas
1352 3865 1509 3932 caedibus

179 3993 370 4056 Anno1sog.et
390 3977 516 4061 praedis
541 3993 573 4042 et
594 3977 628 4042 in
652 3997 810 4044 summam
842 3978 1034 4045 Lusitaniae
1066 3993 1302 4064 grassarentur.
1347 3977 1413 4043 Ista
1433 3977 1508 4043 Rex

339 4088 447 4155 omnia
477 4089 517 4154 ad
549 4089 845 4174 Hemsltetckiunr,
877 4090 1029 4172 quitum
1053 4091 1095 4157 ad
1116 4091 1255 4158 insulam
1280 4089 1436 4155 Tiamaor
1458 4090 1509 4154 ul·
1536 4149 1540 4156 .

338 4218 433 4268 turus
464 4220 540 4268 suas
571 4201 803 4285 sociorumque
835 4203 970 4287 injurias
1003 4203 1138 4288 agebat,
1173 4202 1287 4268 sedulo
1319 4199 1510 4283 perscripsit

339 4315 474 4400 adjectis
496 4313 671 4397 precibus,
695 4335 736 4380 ne
747 4313 926 4396 beneficia,
950 4335 1034 4399 quae
1046 4315 1080 4380 in
1094 4314 1279 4380 Hollandos
1291 4312 1509 4392 contulisset,

339 4427 402 4493 sibi
423 4426 522 4493 exitio
543 4447 614 4494 esse
632 4441 805 4510 pateretur.
829 4427 937 4514 Quam
957 4446 1009 4493 res
1027 4427 1136 4493 sancta
1158 4426 1201 4493 sit
1222 4441 1253 4492 et
1266 4438 1355 4509 grata
1365 4443 1510 4507 superno
