3362 5504
349 586 409 647 288
647 600 693 646 or
716 601 809 668 June
836 600 1228 648 PRAEDAE.CA1³.XI11.

349 754 474 820 ditione
503 757 591 841 ragis
623 759 683 840 qui
714 777 800 819 nanc
831 769 878 819 est
914 756 1159 840 Hispaniarum
1193 768 1250 821 aut
1283 754 1525 834 archiducum,

350 881 430 932 terra
444 881 501 930 aut
513 885 619 947 aqua,
643 866 765 931 directe
778 882 834 931 aut
844 887 902 949 per
914 866 1093 950 circuitus,
1115 867 1337 949 qualicunque
1348 881 1527 950 praetextu

349 994 407 1043 aut
438 980 547 1043 colore
579 979 719 1058 vehere,
753 977 858 1059 ferre,
892 993 1107 1061 transportare
1142 1000 1241 1046 naves
1276 993 1337 1043 aut
1372 998 1425 1042 res
1460 992 1526 1042 aut

349 1091 563 1153 mercimonia
587 1088 683 1170 alla,
708 1090 894 1172 sub'paena
917 1093 1103 1154 amissionis
1126 1089 1310 1155 corumdem
1333 1089 1475 1170 aliisque
1486 1089 1525 1152 in

293 1257 300 1270 .
350 1200 459 1266 edicto
494 1200 664 1283 expressis.
714 1200 839 1284 Jubent
876 1201 1009 1283 insuper
1049 1216 1214 1266 curatores
1254 1199 1301 1266 rei
1342 1200 1525 1265 maritimae

349 1311 543 1395 (collegium
575 1311 798 1377 Admiralatus
822 1312 988 1396 dicitur),
1013 1331 1153 1394 quorum
1177 1312 1339 1377 ordinaria
1360 1311 1392 1375 in
1414 1311 1526 1377 causis

350 1423 509 1508 ejusmodi
540 1423 634 1488 notio
667 1437 738 1502 est,
770 1423 808 1488 de
836 1424 934 1489 rebus
969 1424 1009 1488 ad
1033 1425 1143 1489 hostes
1166 1423 1336 1490 destinatis
1360 1423 1524 1504 intercep-

190 1536 456 1618 natas-nanque
488 1556 527 1600 cx
559 1534 766 1617 praescriptis
800 1534 895 1600 istius
931 1535 1029 1600 edicti
1068 1536 1220 1620 judicari.
1278 1535 1367 1599 Huic
1410 1534 1522 1601 edicto

190 1603 295 1708 ἰ”ὲοᾶςῗμ
312 1615 335 1645 ⁶⁹
349 1648 503 1714 convenit
527 1646 713 1712 eorumdem
735 1646 898 1712 Ordinum
921 1646 1144 1731 interpretatio
1165 1647 1206 1712 ad
1224 1647 1401 1729 diplomata
1425 1646 1521 1710 liberi

190 1709 336 1808 fidissi?
349 1774 547 1825 commeatus
569 1757 779 1824 Lusitanicae
806 1757 930 1823 nationi
950 1779 1114 1825 concessa.
1161 1758 1256 1844 Quae
1275 1777 1349 1823 cum
1368 1758 1523 1823 nonnulli

349 1885 462 1937 contra
481 1871 672 1937 sententiam
695 1870 728 1934 in
740 1889 805 1935 non
818 1871 975 1953 permissa
985 1871 1228 1953 producerent,
1253 1871 1298 1935 ita
1309 1869 1523 1953 intelligenda

348 1983 411 2066 ipsi
442 1983 677 2063 decreverunt,
715 1997 753 2047 ut
774 1981 943 2067 Lusitanis
975 2003 1153 2064 eorumque
1173 1983 1271 2048 rebus
1291 1981 1325 2046 in
1352 1980 1521 2046 foederato

347 2094 461 2178 Belgio
491 2093 626 2176 repertis
657 2108 726 2159 tuta
747 2110 854 2160 essent
873 2094 982 2160 omnia
1005 2093 1068 2159 fide
1087 2094 1242 2177 publica,
1266 2113 1326 2159 nec
1347 2093 1456 2158 minus
1479 2092 1521 2156 iis

347 2207 468 2286 rebuS,
493 2225 574 2288 quas
599 2205 702 2270 eidem
715 2205 885 2285 Lusitani,
905 2226 943 2270 ex
956 2205 1069 2290 Belgio
1083 2207 1258 2287 duntaxat,
1280 2205 1314 2270 in
1325 2204 1402 2270 alias
1415 2220 1519 2269 terras

348 2317 625 2397 transmitterent,
649 2318 818 2399 impetrata
841 2317 997 2401 singulari
1020 2317 1259 2400 permissione,
1285 2330 1322 2381 ut
1338 2335 1409 2382 mos
1423 2317 1522 2380 habet

348 2431 536 2512 Belgarum,
561 2430 734 2494 Caeterum
756 2429 825 2494 sive
848 2429 1000 2494 Lusitani
1023 2450 1063 2492 ax
1088 2429 1165 2493 locis
1189 2428 1362 2492 hostilibus
1385 2431 1423 2490 in
1436 2427 1520 2490 locos

348 2541 502 2622 hostiles,
536 2556 574 2605 ut
604 2561 642 2605 ex
666 2541 772 2607 insula
796 2540 905 2606 Sancti
930 2540 1079 2605 Thomae
1103 2556 1160 2604 aut
1183 2539 1317 2604 Brasilia
1341 2538 1520 2621 Ulyssipo-

347 2672 444 2732 nem,
477 2666 534 2716 aut
565 2651 767 2735 Ulyssipone
790 2652 823 2717 in
846 2653 1015 2718 Brasiliam
1039 2650 1230 2718 Thomaeve
1251 2651 1415 2728 insulam,
1449 2648 1520 2714 sive

347 2787 388 2828 ex
418 2764 496 2828 locis
527 2764 700 2828 hostilibus
729 2767 765 2827 in
799 2764 881 2827 locos
914 2764 1164 2842 non-hostiles,
1197 2766 1265 2830 sive
1285 2782 1325 2826 ex
1351 2761 1431 2824 locis
1457 2781 1520 2823 non

347 2875 521 2940 hostilibus
543 2879 579 2940 in
603 2876 685 2940 lacos
709 2875 839 2939 hostiles
870 2874 1062 2940 commercia
1085 2889 1271 2955 mutarent,
1296 2873 1520 2962 deprehensos

348 2988 382 3052 in
405 2989 475 3053 istis
501 2987 703 3054 commerciis
724 2986 896 3066 homines,
926 3006 1025 3052 naves
1048 3006 1141 3052 resve
1162 2985 1398 3050 Lusitanorum
1429 2984 1521 3048 nulla

348 3122 387 3166 ex
418 3100 482 3166 fide
502 3100 634 3183 publica
655 3098 828 3164 securitate
847 3097 1040 3179 fructur08,
1065 3097 1121 3163 sed
1145 3111 1201 3162 aut
1221 3116 1238 3161 a
1260 3094 1406 3179 publicis
1427 3094 1520 3160 navi-

348 3214 410 3278 bus
438 3227 495 3278 aut
519 3211 560 3276 ab
583 3213 661 3276 aliis
682 3213 789 3277 victos
810 3216 846 3276 irs
863 3211 994 3297 praeda
1006 3211 1097 3294 fors.
1144 3211 1291 3292 Apparet
1312 3209 1389 3272 hinc
1411 3226 1519 3272 carac-

348 3346 416 3390 cam
438 3345 626 3405 mercesque
648 3323 680 3388 in
699 3345 733 3388 ea
754 3325 827 3408 jure
846 3322 967 3404 triplici
989 3321 1191 3404 capientibus
1214 3320 1360 3386 cessisse.
1385 3319 1518 3397 Prim0,

349 3437 426 3518 quia
459 3436 694 3502 Lusitanorum
731 3449 843 3515 erant,
868 3433 1075 3500 subditorum
1106 3433 1191 3517 regis
1225 3431 1415 3514 Hispaniae.
1464 3431 1521 3494 Se-

348 3551 479 3631 cund0,
513 3549 590 3630 quia
619 3548 796 3613 Macaiinte
825 3546 1023 3626 veniebant,
1049 3565 1133 3625 quae
1162 3542 1291 3609 colonia
1314 3557 1363 3607 est
1385 3541 1520 3606 Lusita-

347 3683 463 3729 norum
483 3675 515 3727 et
537 3681 572 3726 ea
592 3661 717 3726 ratione
740 3659 870 3726 hostilis
890 3657 1003 3722 haberi
1024 3657 1130 3723 debet.
1155 3654 1291 3732 Tertio,
1316 3654 1394 3735 quia
1415 3653 1518 3736 Ulys-

348 3776 494 3858 siponem
529 3773 764 3850 mittebantur,
800 3771 910 3835 urbem
938 3769 1140 3834 Lusitaniae.
1186 3768 1280 3854 Quae
1304 3781 1412 3832 autem
1439 3766 1517 3832 huic

349 3907 472 3952 annexa
502 3900 550 3950 est
578 3884 762 3966 inspecti0,
794 3897 904 3947 utrum
928 3880 1053 3947 scilicet
1074 3880 1121 3960 ii,
1146 3879 1203 3961 qui
1235 3893 1391 3961 ceperunt
1412 3899 1518 3943 carac-

350 4020 441 4074 cam,
464 3997 648 4062 mandatum
662 3995 695 4060 id
707 3993 845 4059 faciendi
859 3992 1055 4072 habuerint,
1069 4011 1270 4074 supervacua
1283 3990 1387 4056 videri
1400 4003 1519 4072 potest.

352 4110 457 4175 Omne
491 4109 575 4173 enim
608 4107 732 4172 subditi
762 4106 796 4170 in
828 4106 914 4169 bello
936 4103 1077 4168 officium
1100 4118 1156 4168 aut
1175 4105 1303 4168 hostem
1324 4115 1380 4166 aut
1403 4101 1520 4184 magis·

351 4237 470 4286 tratum
491 4219 636 4303 respicit.
684 4220 737 4282 An
758 4217 942 4282 mandatum
966 4214 1084 4294 fuerit,
1109 4215 1150 4278 ad
1171 4213 1298 4279 hostem
1320 4214 1415 4295 plane
1439 4211 1521 4275 nihil

350 4333 515 4416 pertinet,
550 4331 604 4396 cui
635 4329 712 4394 satis
746 4349 815 4395 csse
854 4329 950 4392 debet
985 4346 1114 4391 causam
1148 4324 1289 4390 adfuisse
1322 4321 1520 4388 offendendi.

352 4449 465 4528 Atque
489 4444 533 4508 ita
562 4462 635 4507 curii
660 4439 809 4504 Lusitani
830 4438 959 4504 Batavis
981 4438 1125 4504 hostium
1150 4439 1223 4502 loco
1247 4436 1313 4503 sint
1336 4450 1368 4500 et
1389 4433 1520 4516 spoliari
