3310 5482
346 617 388 681 70
632 617 680 664 DE
703 616 796 683 Juxta
820 615 1004 664 PRAEDAE·
1028 617 1107 664 CAP.
1130 615 1199 664 v11.

343 771 447 840 sionis
477 772 579 858 gratia
608 786 805 856 comparata.
852 771 905 838 Ex
923 770 1021 837 tertio
1044 786 1078 837 et
1099 785 1217 854 quarto
1238 771 1383 840 actiones
1405 791 1524 857 perso·

344 885 452 964 nales,
476 883 702 950 condictiones
719 881 899 950 scilicetex
920 896 1090 948 contractu
1113 898 1204 948 etex
1226 883 1399 951 maleficio,
1446 885 1523 952 Sic-

344 1011 383 1061 ut
404 1010 511 1063 autem
540 995 574 1062 in
595 996 653 1062 lite
673 993 720 1062 sic
752 1009 785 1062 et
808 996 841 1060 in
863 995 950 1061 bello
972 1013 1056 1076 quae
1079 1013 1215 1073 causae,
1237 993 1265 1058 si
1277 1014 1371 1062 verae
1392 1009 1524 1073 essent,

341 1107 467 1193 justum
491 1105 635 1173 facerent
654 1122 762 1173 actum
784 1105 959 1190 petitoris,
982 1106 1112 1172 eaedem
1132 1105 1161 1172 si
1183 1105 1218 1172 id
1235 1105 1522 1191 jusnonhabent,

344 1219 435 1302 quod
455 1239 532 1303 prae
552 1239 587 1284 se
607 1217 735 1300 ferunt,
755 1217 916 1304 justitiam
937 1215 1136 1284 transferunt
1156 1215 1196 1282 ad
1218 1237 1309 1283 reum
1332 1235 1391 1284 seu
1405 1213 1524 1282 defen·

343 1349 461 1397 sorem.
504 1330 554 1396 Ut
576 1329 604 1395 si
623 1349 673 1396 res
693 1344 806 1396 nostra
824 1349 843 1396 a
860 1329 956 1396 nobis
977 1343 1127 1414 petatur,
1148 1343 1205 1396 aut
1221 1328 1262 1394 ad
1282 1328 1317 1395 id
1328 1346 1524 1413 urgeamur,

344 1441 385 1508 ad
407 1441 500 1523 quod
521 1440 656 1527 obligati
689 1459 756 1506 non
776 1459 914 1521 sumus,
936 1454 994 1507 aut
1016 1440 1163 1508 insontes
1185 1439 1227 1504 ad
1248 1457 1384 1522 poenam
1405 1457 1525 1521 posca·

344 1572 440 1636 mur,
462 1552 516 1618 bic
536 1573 611 1618 cum
630 1552 718 1638 justa
740 1571 806 1618 non
828 1552 872 1620 sit
884 1551 1044 1633 offensis,
1067 1548 1290 1617 defensionem
1303 1569 1343 1614 ex
1363 1551 1434 1634 lege
1453 1548 1524 1632 pri-

346 1685 398 1730 ma
416 1665 538 1749 justam
559 1683 629 1731 esse
651 1682 783 1730 necesse
804 1677 853 1730 est
875 1668 896 1730 ¹.
938 1663 999 1748 Jus
1021 1678 1129 1728 autern
1150 1661 1280 1743 ethic,
1313 1660 1400 1727 sicut
1425 1660 1459 1727 in
1487 1679 1524 1725 re

344 1774 487 1854 forensi,
511 1794 577 1843 non
600 1794 695 1842 omne
722 1789 795 1840 ante
825 1773 1069 1840 exsecutionem
1100 1771 1255 1838 nascitur.
1297 1771 1360 1838 Est
1383 1770 1525 1838 enimet

345 1887 409 1952 hoc
433 1885 539 1968 ipsum
559 1887 634 1970 jus,
656 1884 691 1951 id
711 1885 802 1967 quod
821 1885 992 1970 jussuum
1017 1898 1066 1952 est
1088 1883 1239 1966 exsequi:
1263 1882 1355 1965 quod
1375 1881 1409 1948 in
1428 1903 1525 1965 prae·

346 1997 404 2062 dae
426 1997 643 2079 explicatione
665 1995 835 2081 attigimus
857 2000 879 2062 ².
925 1996 978 2063 Ex
1000 1995 1052 2061 his
1076 2011 1184 2061 autem
1208 2007 1359 2077 apparet,
1380 2010 1441 2060 nec
1464 1993 1525 2060 do·

346 2108 532 2175 minationis
552 2127 611 2175 nec
631 2108 790 2175 libertatis
812 2126 879 2174 non
901 2108 1029 2175 debitae
1061 2126 1157 2174 causa
1186 2106 1275 2192 justa
1306 2125 1395 2171 arma
1415 2103 1524 2171 sumi:

346 2237 430 2301 quae
451 2234 557 2285 tamen
586 2219 696 2285 eadem
726 2234 818 2302 parta
839 2235 912 2286 ante
944 2234 982 2285 ut
1001 2233 1090 2284 recte
1110 2217 1333 2296 retineantur,
1372 2235 1414 2282 ne
1435 2216 1522 2282 bella

347 2329 478 2414 quidem
511 2329 716 2398 formidanda
745 2344 832 2398 sunt.
890 2330 1097 2417 Quamquam
1130 2329 1215 2394 illud
1246 2348 1312 2393 non
1344 2341 1409 2392 tam
1439 2327 1524 2414 juris

347 2462 444 2525 quam
476 2441 606 2508 consilii
639 2456 704 2508 est:
732 2440 910 2508 videndum
934 2461 974 2506 ne
997 2442 1040 2508 ob
1072 2439 1206 2526 injurias
1234 2439 1375 2506 leviores
1401 2454 1524 2505 temere

345 2573 407 2620 nos
427 2573 708 2634 commoveamus,
737 2573 812 2618 cum
843 2573 895 2618 eas
926 2554 1063 2619 tolerare
1090 2550 1197 2617 minus
1218 2571 1312 2634 saepe
1332 2550 1376 2616 sit
1398 2551 1525 2616 incom-

347 2664 502 2744 modum,
524 2684 620 2748 quam
642 2665 704 2732 ista
724 2665 812 2748 pati,
838 2664 908 2732 sine
931 2664 1052 2747 quibus
1077 2664 1197 2728 bellum
1222 2681 1291 2728 esse
1314 2681 1380 2728 non
1404 2676 1524 2747 potest.

347 2774 492 2843 Vitanda
524 2776 726 2862 Charybdis,
759 2777 836 2843 dum
870 2796 911 2842 ne
934 2775 968 2842 in
991 2776 1132 2860 Scyllam
1157 2774 1353 2841 incidamus.
1401 2772 1469 2840 Cui
1492 2789 1526 2840 et

347 2887 411 2954 hoc
443 2887 477 2954 in
500 2886 572 2955 soro
594 2888 701 2955 simile
722 2904 796 2971 est,
822 2887 914 2971 quod
932 2886 1058 2971 litigare
1081 2905 1147 2951 non
1173 2885 1304 2968 quoties
1325 2887 1453 2971 justum
1476 2899 1527 2952 est

280 2992 282 2996 ’
348 2998 442 3066 etiam
466 2999 607 3082 expedit.
654 2999 746 3066 Haec
768 3015 876 3066 autem
900 3018 984 3081 quae
1007 2997 1047 3064 de
1064 2998 1138 3082 jure
1158 2996 1302 3062 diximus
1325 3015 1392 3062 non
1417 2995 1525 3062 minus

346 3111 390 3176 ad
410 3110 517 3176 socios
541 3131 639 3193 quam
663 3111 703 3178 ad
724 3111 918 3194 principales
939 3109 1019 3176 belli
1042 3122 1191 3174 auctores
1211 3107 1376 3191 pertinent
1396 3108 1427 3172 ⁸:
1450 3127 1525 3174 nam

349 3234 382 3285 et
399 3219 448 3287 illi
469 3220 671 3288 considerare
694 3222 837 3303 debent,
858 3240 899 3286 ne
921 3221 974 3286 cui
994 3240 1030 3286 se
1051 3220 1137 3285 bello
1159 3238 1226 3285 non
1244 3220 1339 3304 justo
1364 3219 1525 3284 immisce·

349 3345 414 3396 ant.
459 3329 530 3396 Nec
551 3332 636 3398 enim
658 3347 843 3417 coguntur,
866 3351 939 3397 cum
970 3331 1066 3398 etiam
1087 3332 1160 3418 jure
1182 3331 1248 3398 sint
1271 3330 1354 3396 irriti
1378 3343 1527 3397 contrac-

349 3456 404 3508 tus
424 3442 465 3507 ad
486 3442 633 3528 cujusvis
655 3443 732 3510 belli
754 3443 942 3510 societatem
964 3445 988 3509 ⁴.
1032 3443 1131 3510 Unde
1151 3442 1358 3509 Abrahamus
1382 3447 1394 3484 ⁵
1416 3442 1526 3509 socios

349 3554 389 3619 de
405 3553 533 3640 Justitia
556 3575 671 3623 causae
693 3555 832 3623 instruit
853 3570 886 3622 et
896 3555 1043 3622 Achilles
1055 3554 1191 3623 Graecis
1210 3552 1425 3621 auxiliaturus
1438 3553 1528 3636 apud

348 3680 477 3748 poetam
498 3666 655 3733 Latinum
676 3672 689 3708 ⁶
709 3687 822 3733 causas
845 3666 937 3751 prius
960 3665 1038 3732 belli
1058 3667 1226 3750 requirens
1248 3664 1436 3732 inducitur:

630 3799 715 3864 quae
736 3777 871 3844 Danais
894 3779 987 3842 tanti
1002 3775 1196 3864 primordia
1219 3776 1298 3842 belli
1309 3823 1321 3858 ‚

489 3888 584 3955 Ede:
622 3889 701 3954 libet
715 3891 830 3974 justas
853 3891 929 3954 hinc
952 3908 1078 3954 sumere
1094 3892 1252 3976 protinus
1276 3891 1361 3952 iras.

191 4023 323 4125 Qasr.
394 3998 505 4087 Quare
536 4002 588 4065 his
612 4003 672 4086 qui
690 4014 815 4088 gerunt
842 4000 1054 4080 voluntarie,
1078 3999 1117 4065 id
1136 3998 1255 4065 bellum
1270 3999 1403 4084 justam
1427 3999 1526 4063 habet

385 4259 442 4306 ¹V.
467 4257 494 4330 in
518 4259 584 4308 dem.
601 4270 647 4307 art.
667 4273 688 4308 1.
707 4273 780 4308 conc.
797 4273 821 4308 a.
855 4256 951 4308 ivict.
968 4272 994 4308 n.
1015 4273 1053 4308 11.
1068 4270 1093 4307 et
1113 4272 1151 4307 ra.
1170 4269 1195 4306 et
1213 4257 1291 4306 Arist.
1310 4258 1341 4307 de
1358 4270 1412 4317 rep.
1427 4259 1444 4304 l.
1460 4270 1486 4316 7.
1503 4270 1527 4308 c.

351 4363 374 4399 a.
399 4347 439 4412 [p.
465 4361 536 4410 1324.
563 4362 585 4398 1.
610 4363 648 4398 vs.
672 4361 712 4407 35.
737 4348 804 4414 sqq]
841 4349 961 4398 ³Summ.
980 4351 1044 4398 Ros.
1060 4349 1086 4397 in
1104 4365 1129 4399 v.
1148 4350 1245 4397 Bellum
1261 4362 1286 4396 n.
1308 4361 1346 4396 ιο.
1380 4348 1442 4396 Silv.
1458 4348 1485 4397 in
1501 4363 1527 4397 v.

349 4443 448 4490 Bellum
461 4454 486 4489 n.
502 4453 526 4503 9.
543 4443 627 4489 concl.
640 4455 665 4502 4.
707 4439 718 4472 ⁴
735 4442 789 4489 lnn.
808 4441 833 4489 in
851 4454 874 4489 c.
892 4439 967 4490 sicut.
985 4442 1017 4489 de
1033 4437 1138 4498 jurejur.
1156 4439 1234 4490 Wilh.
1249 4441 1329 4488 Math.
1339 4441 1371 4488 de
1379 4437 1447 4487 bello
1457 4438 1526 4497 justo

352 4544 376 4579 et
394 4531 476 4580 licito.
493 4531 518 4580 in
537 4544 558 4580 1.
575 4545 629 4591 req.
663 4531 756 4581 ‘Gen
775 4546 813 4594 14.
826 4545 865 4582 vs.
886 4545 924 4593 14.
958 4531 1152 4580 ⁶Stat.Achill.
1170 4533 1187 4579 l.
1204 4545 1227 4580 a.
1248 4527 1300 4592 [vs.
1320 4542 1375 4588 333.
1390 4529 1441 4592 sq]
1510 4552 1514 4560 ·
