3326 5506
360 593 420 670 178
672 610 720 658 un
742 611 836 678 June
862 610 1045 658 rutenae.
1074 611 1154 657 cnr.
1179 611 1228 657 rer.

359 761 404 826 sis
426 781 492 829 non
513 778 637 832 tantum
657 765 887 846 commerciis,
911 763 970 832 sed
992 764 1081 831 adito
1103 764 1200 830 etiam
1224 764 1311 830 vitae
1331 763 1537 832 discrimine.

213 871 344 918 Ami
359 873 445 940 Mox
478 894 553 941 cum
577 876 750 942 Achenum
772 877 939 944 venissent
962 894 1081 955 naves,
1111 875 1234 958 quibus
1260 875 1378 942 Petrus
1401 876 1538 941 Bottius

360 1000 528 1068 praeerat,
561 986 680 1054 missus
702 1009 720 1052 a
740 988 896 1055 societate
919 987 1115 1054 Hollandica
1135 987 1339 1070 posteriore,
1366 988 1479 1052 eadem
1504 987 1539 1052 in

360 1098 433 1162 aula
453 1097 581 1163 eaedem
605 1117 718 1165 rursus
738 1113 847 1180 artes,
872 1097 972 1164 misso
994 1098 1121 1164 scilicet
1140 1099 1309 1178 Malacca,
1334 1117 1420 1180 quae
1433 1096 1539 1163 Lusi-

360 1221 510 1274 tanorum
541 1210 671 1275 colonia
703 1225 753 1276 est
785 1211 818 1276 in
849 1209 1035 1276 continente
1056 1224 1169 1276 contra
1193 1209 1440 1292 Taprobanen,
1464 1229 1539 1274 mo·

359 1320 464 1384 nacho
494 1319 712 1387 Franciscano
743 1321 839 1405 legati
872 1320 979 1403 specie
1011 1334 1044 1385 et
1075 1320 1267 1386 centurione
1298 1320 1468 1386 Roderico
1496 1320 1538 1384 de

199 1435 269 1480 Am
285 1442 345 1483 1⁶01·
360 1431 464 1496 Costa
482 1430 693 1497 Motamori0.
717 1431 868 1497 Secunda
888 1446 996 1497 autem
1015 1430 1134 1498 Neckii
1153 1431 1416 1516 peregrinatione
1428 1431 1539 1512 scrip-

357 1556 409 1607 tae
427 1542 540 1608 literae
564 1542 603 1608 ad
626 1561 734 1627 regem
753 1542 937 1625 Tematae,
966 1562 1113 1608 sermone
1136 1543 1361 1623 Malaccensi,
1386 1556 1419 1606 et
1441 1561 1538 1607 man-

360 1653 433 1718 data
451 1653 558 1720 nuntii
577 1675 634 1737 per
657 1654 864 1738 interpretem
885 1653 1032 1736 reddita,
1058 1654 1185 1720 easdem
1206 1653 1431 1719 accusationes
1453 1671 1537 1718 con·

358 1764 523 1830 tinebant:
554 1784 628 1831 cum
661 1765 715 1830 ille
738 1765 850 1830 subito
868 1785 989 1849 pavore
1011 1765 1171 1831 attonitus
1194 1779 1226 1829 et
1248 1766 1342 1829 velut
1364 1763 1457 1849 regni
1481 1763 1537 1830 sui

360 1876 565 1944 insidiatores
596 1876 773 1959 respiciens
806 1877 864 1943 vix
898 1876 1026 1941 tandem
1062 1876 1215 1959 precibus
1248 1876 1457 1957 placaretur,
1493 1893 1537 1940 ne

359 1987 566 2054 inimicorum
588 1988 743 2056 saevitiae
762 1989 958 2053 Batavorum
981 1986 1199 2052 innocentiam
1221 1986 1434 2051 condonaret.
1482 1984 1538 2049 Si·

358 2097 516 2164 nensibus
548 2098 667 2180 etiam,
691 2114 729 2165 ut
751 2119 862 2164 eorum
882 2099 1007 2165 animos
1027 2119 1045 2162 a
1065 2098 1196 2164 Batavis
1218 2111 1425 2178 averterent,
1451 2097 1539 2179 quid

358 2228 425 2274 non
445 2224 477 2274 et
500 2210 632 2291 quoties
656 2210 765 2275 cmrati
786 2225 864 2276 sunt
881 2209 1093 2293 persuadere,
1116 2209 1180 2276 nisi
1204 2209 1297 2291 quod
1313 2228 1392 2292 gens
1404 2209 1538 2291 perspi-

359 2321 496 2386 cacioris
516 2320 634 2405 judicii
663 2321 839 2387 etiamnum
864 2320 1002 2403 experiri
1024 2320 1108 2386 illud
1129 2321 1278 2399 mavult,
1310 2339 1408 2400 quam
1432 2319 1538 2384 Lusi-

201 2435 270 2481 Annt
285 2442 345 2486 1⁶02·
359 2431 444 2498 tanis
464 2431 622 2498 credere?
647 2432 725 2498 Non
742 2432 851 2499 minus
866 2431 984 2498 frustra
1001 2431 1118 2516 Jacobi
1140 2430 1369 2498 Hemskerckii
1388 2431 1538 2497 adventu

358 2543 589 2610 laboraverunt
620 2543 709 2627 apud
738 2543 879 2628 reginam
912 2543 1051 2608 Patanae
1083 2557 1116 2609 et
1148 2543 1236 2626 apud
1266 2543 1363 2626 Jorae
1399 2562 1537 2627 regem,

357 2655 455 2738 (sunt
478 2656 557 2721 haec
580 2675 679 2740 regna
690 2655 724 2719 in
737 2655 936 2721 continentis
951 2653 1104 2738 regione,
1122 2673 1206 2736 quae
1219 2652 1398 2720 Siamensis
1410 2653 1535 2735 hodie,

357 2787 430 2850 pars
451 2767 552 2849 olim,
576 2782 614 2832 ut
631 2767 783 2833 nonnulli
799 2782 934 2850 putant,
958 2787 1072 2832 aureae
1086 2765 1285 2832 Chersonesi
1298 2764 1402 2864 fuste)
1424 2780 1462 2830 ut
1473 2765 1537 2829 ua-

358 2893 508 2945 tavorum
533 2877 730 2959 amicitiam,
754 2898 851 2960 quam
875 2878 923 2943 illi
946 2877 1132 2943 avidissime
1157 2891 1252 2946 erant
1268 2877 1435 2960 amplexi,
1460 2895 1536 2942 sus-

357 3006 486 3073 pectam
510 2989 811 3058 insimulationibus
834 2988 1000 3069 facerent,
1024 2987 1178 3054 invalidis
1198 2990 1265 3072 jam
1291 2987 1534 3055 Lusitanorum

357 3102 534 3168 mendaciis
566 3116 598 3166 et
620 3100 700 3168 satis
732 3101 803 3182 ipso
827 3116 972 3182 tempore
994 3100 1178 3180 convictis,
1202 3100 1299 3183 cujus
1321 3099 1424 3164 liliam
1448 3099 1537 3166 veri-

356 3227 454 3278 tatem
483 3232 550 3278 non
577 3211 739 3276 immerito
767 3211 894 3293 antiqui
917 3211 1038 3276 dixere.
1080 3211 1152 3294 Jam
1173 3229 1253 3275 vero
1277 3230 1318 3274 ex
1340 3210 1420 3292 his,
1448 3231 1535 3292 quae

357 3323 487 3388 fortuna
511 3322 650 3404 quadam
670 3321 767 3386 celari
786 3341 852 3387 non
873 3335 1075 3404 potuerunt,
1095 3341 1192 3402 quam
1204 3323 1307 3386 multa
1319 3340 1391 3387 esse
1403 3322 1535 3406 colligi-

358 3453 451 3513 mus,
476 3453 560 3513 quae
584 3431 617 3496 in
635 3431 785 3498 notitiam
809 3433 954 3497 nondum
976 3431 1214 3514 pervenerint?

212 3555 292 3600 Arare.
310 3555 343 3602 11.
400 3541 534 3608 Nemini
556 3542 657 3626 igitur
679 3541 796 3607 mirum
819 3543 925 3609 videri
948 3543 1068 3623 debet,
1093 3543 1120 3607 si
1143 3562 1218 3607 cum
1242 3541 1296 3606 his
1319 3543 1535 3608 calumniisa

356 3653 462 3737 pretio
494 3654 624 3734 pondus
662 3653 849 3732 accederet,
882 3655 994 3719 hostes
1025 3653 1155 3720 batavis
1187 3667 1220 3718 et
1248 3652 1357 3719 sicarii
1387 3674 1405 3719 e
1437 3656 1534 3720 turba

356 3779 414 3830 aut
441 3765 575 3846 decepta
608 3763 782 3830 autetiam
805 3765 912 3829 venali
935 3763 1085 3830 submitti
1108 3779 1298 3847 potuerunt.
1344 3766 1425 3850 Quo
1446 3765 1534 3831 sacto

356 3895 421 3939 non
442 3893 532 3941 suam
552 3875 650 3940 modo
670 3873 812 3956 quietem
831 3874 982 3940 Lusitani
1006 3890 1038 3940 et
1061 3875 1256 3942 Batavorum
1276 3894 1402 3957 poenas
1423 3878 1532 3942 lucra·

351 3976 495 4065 bantur,
529 3987 585 4050 sed
613 4001 730 4051 cuncta
757 3984 854 4050 simul
878 3985 982 4050 caecis
1003 3987 1178 4050 turbabant
1198 3985 1471 4069 suspicionibus,
1494 4003 1535 4053 ut

356 4097 470 4163 Batavi
494 4117 533 4160 ex
562 4116 738 4179 paucorum
771 4095 977 4177 improbitate
1007 4097 1191 4162 aestimatas
1223 4112 1337 4180 gentes
1360 4097 1532 4183 fugerent:

355 4207 399 4274 ita
427 4223 465 4274 ut
492 4206 575 4271 nihil
602 4207 739 4291 propius
766 4205 889 4271 factum
919 4206 984 4289 sit,
1009 4227 1105 4288 quam
1126 4223 1165 4273 ut
1185 4207 1257 4273 istis
1279 4208 1535 4276 difficultatibus

354 4318 465 4383 ludica
497 4319 652 4384 mercatio
683 4318 718 4382 in
752 4331 944 4399 perpetuum
979 4317 1249 4400 desponderetur.
1296 4319 1409 4386 Primo
1445 4321 1532 4385 enim

194 4440 264 4487 Anno
278 4446 338 4496 1⁵9⁶·
353 4431 493 4512 appulsu
518 4429 714 4497 Batavorum
742 4428 776 4492 in
802 4428 915 4513 Javam
934 4427 1112 4510 Lusitani,
1131 4450 1207 4496 cum
1228 4449 1263 4495 se
1280 4431 1387 4513 palam
1408 4432 1532 4499 amicos
