3326 5506
336 585 399 648 216
649 605 696 650 ns
719 604 812 669 June
837 603 1020 650 oncense.
1046 605 1115 651 ono
1139 604 1206 650 xri.

336 757 461 840 impetu
490 758 656 840 quodam,
679 759 737 826 sed
764 759 920 842 paulatim
945 773 1081 826 ventum
1103 758 1257 838 videtur,
1280 755 1412 822 initium
1437 753 1512 838 ejus

336 883 535 936 monstrante
567 885 692 937 natura.
740 871 826 936 Cum
860 869 945 936 enim
975 890 1028 936 res
1050 871 1116 937 sint
1144 871 1344 948 nonnullae,
1369 885 1512 949 quarum

337 999 418 1046 usus
448 981 481 1046 in
514 983 619 1049 abusu
651 981 828 1063 consistit,
851 996 909 1047 aut
937 981 1015 1064 quia
1037 1001 1214 1048 conversae
1237 979 1271 1047 in
1294 977 1513 1048 substantiam

336 1091 462 1158 utentis
495 1095 623 1159 nullum
656 1109 772 1178 postca
805 1112 902 1160 usum
934 1093 1113 1160 admittunt
1135 1099 1171 1176 ¹,
1199 1108 1256 1160 aut
1285 1091 1362 1174 quia
1385 1089 1512 1157 utendo

337 1202 421 1270 liunt
451 1204 492 1269 ad
522 1224 617 1270 usum
651 1205 851 1288 deteriores,
876 1204 909 1270 in
940 1207 1040 1273 rebus
1059 1205 1179 1289 prioris
1203 1203 1349 1292 generis,
1373 1217 1412 1267 ut
1434 1201 1512 1266 cibo

335 1328 369 1380 et
396 1329 503 1397 potu,
535 1315 718 1400 proprietas
756 1316 865 1382 statim
898 1316 1058 1399 quaedam
1090 1318 1130 1382 ab
1168 1336 1233 1382 usu
1263 1335 1330 1382 non
1363 1315 1513 1398 sejuncta

336 1425 482 1494 emicuit.
530 1427 606 1494 Hoc
639 1428 724 1494 enim
758 1443 807 1494 est
840 1428 1010 1512 proprium
1035 1447 1129 1511 esse,
1154 1427 1199 1494 ita
1222 1445 1293 1494 esse
1314 1428 1511 1512 cujusquam

336 1553 375 1604 ut
394 1553 426 1604 et
447 1537 579 1606 alterius
601 1559 759 1606 essenon
780 1539 904 1623 possit:
929 1541 1021 1622 quod
1043 1540 1161 1607 deinde
1184 1539 1224 1606 ad
1246 1559 1297 1606 res
1316 1537 1513 1621 posterioris

336 1649 488 1734 generis,
517 1664 626 1716 vestes
653 1667 734 1734 puta
764 1667 797 1717 et
824 1671 876 1718 res
903 1652 1042 1720 mobiles
1071 1653 1150 1720 alias
1174 1665 1231 1719 aut
1258 1663 1512 1728 semoventes,

333 1762 460 1829 ratione
495 1762 635 1846 quadam
669 1762 866 1848 productum
897 1779 957 1830 est.
1003 1764 1107 1851 Quod
1136 1783 1212 1830 cum
1244 1777 1353 1843 esset,
1384 1780 1426 1826 ne
1459 1779 1512 1826 res

300 1847 308 1868 ⁸
337 1873 470 1956 quidem
491 1873 676 1940 immobiles
695 1895 831 1957 omnes,
851 1895 946 1961 agros
966 1889 1065 1958 puta,
1090 1875 1250 1942 indivisae
1270 1893 1399 1940 manere
1412 1886 1512 1956 potu-

336 2000 448 2053 eruut:
472 2005 671 2067 quamquam
695 1986 780 2052 enim
810 1988 928 2054 horum
951 2006 1033 2054 usus
1050 2005 1116 2054 non
1139 1987 1331 2071 simpliciter
1350 1985 1384 2052 in
1403 1985 1511 2050 abusu

337 2097 518 2178 consistat,
542 2117 655 2164 eorum
686 2113 792 2164 umen
817 2117 899 2164 usus
922 2100 1046 2166 abusus
1068 2099 1238 2184 cuiusdam
1260 2117 1358 2164 causa
1380 2115 1513 2178 compa-

335 2223 425 2277 ratus
454 2224 526 2291 est,
552 2224 590 2275 ut
612 2230 687 2276 arva
711 2223 744 2275 et
767 2211 899 2277 arbusta
922 2211 987 2276 cibi
1008 2231 1128 2291 causa,
1152 2231 1271 2294 pascua
1292 2209 1388 2276 etiam
1409 2207 1514 2274 vesti-

337 2341 412 2386 um:
436 2320 583 2387 omnium
608 2336 715 2388 autem
738 2322 855 2390 usibus
877 2322 1064 2406 promiscue
1093 2323 1240 2390 sufficere
1269 2341 1335 2388 non
1355 2334 1510 2405 possunt.

337 2432 499 2516 Repertae
524 2432 716 2515 proprietati
742 2435 795 2500 lex
815 2433 923 2516 posita
944 2449 1016 2516 est,
1040 2455 1126 2517 quae
1147 2448 1294 2502 naturam
1318 2433 1513 2500 imitaretur.

336 2543 431 2610 Sicut
460 2542 545 2609 enim
578 2543 673 2610 initio
701 2565 758 2628 per
778 2545 1030 2629 applicationem
1055 2547 1256 2630 corporalem
1280 2563 1361 2612 usus
1380 2544 1437 2610 ille
1455 2544 1513 2608 ha·

335 2656 497 2737 bebatur,
522 2655 610 2722 unde
639 2655 872 2740 proprietatem
895 2658 1036 2741 primum
1064 2672 1167 2724 ortam
1197 2658 1364 2737 diximus,
1390 2656 1436 2720 ita
1467 2655 1513 2720 si-

336 2766 405 2833 mili
438 2767 656 2852 applicatione
686 2787 739 2836 res
771 2768 918 2852 proprias
951 2770 1114 2854 quusque
1144 2767 1215 2835 fieri
1238 2768 1372 2852 placuit.
1420 2768 1512 2833 Haec

336 2894 386 2945 est
412 2899 497 2961 quae
529 2877 651 2945 dicitur
683 2880 882 2963 occupatio,
915 2899 997 2946 voce
1029 2881 1365 2948 accommodatissima
1392 2880 1436 2946 ad
1459 2899 1514 2945 eas

334 3009 408 3074 res,
442 3011 526 3074 quae
556 3005 630 3058 ante
663 2990 697 3056 in
728 2991 837 3058 medio
857 2991 985 3076 positae
1009 2991 1159 3062 fuerant:
1182 3013 1249 3074 quo
1273 2988 1427 3058 Seneca²
1450 3007 1514 3056 tra-

335 3103 430 3188 gicus
453 3102 572 3170 alludit

814 3219 850 3280 irc
874 3216 976 3282 taedio
1000 3231 1046 3282 est
1070 3217 1171 3282 scelus

682 3327 832 3392 Positum
857 3332 1042 3413 occupanti.

379 3436 427 3501 Et
459 3435 679 3520 philosophus
715 3441 746 3501 ³:
780 3444 950 3524 equestria
983 3443 1125 3505 omnium
1157 3443 1305 3525 equitum
1345 3438 1513 3504 Romano-

336 3570 411 3614 rum
443 3561 546 3614 sunt:
578 3551 615 3613 ia
638 3547 709 3614 illis
732 3563 843 3614 tamea
867 3549 955 3616 locus
979 3571 1066 3616 meus
1085 3549 1129 3634 fic
1150 3555 1312 3637 proprius
1342 3571 1436 3636 quem
1462 3573 1512 3616 oc-

332 3663 464 3746 cupari.
518 3658 606 3726 Hinc
633 3659 893 3747 Quintilianus⁴
916 3661 1019 3744 dicit,
1053 3662 1141 3748 quod
1174 3664 1321 3730 omuibus
1352 3668 1509 3736 nascitur

335 3770 527 3837 industriae
549 3793 614 3838 esse
631 3776 844 3858 praemium,
878 3786 910 3838 et
942 3774 1079 3840 Tullius
1104 3772 1134 3853 ⁸,
1159 3774 1279 3858 factas
1308 3795 1372 3840 esse
1404 3778 1511 3842 ueteri

337 3887 548 3967 occupatione
579 3904 632 3951 res
665 3906 800 3965 eorum,
834 3888 894 3970 qui
926 3885 1090 3970 quondam
1124 3890 1160 3950 iu
1194 3907 1302 3954 uacua
1332 3900 1509 3954 uenerant.

369 4181 377 4214 ¹
396 4182 452 4243 Dig.
470 4184 502 4232 de
526 4180 605 4230 usufr.
631 4194 680 4229 ear.
699 4195 747 4230 rer.
765 4195 830 4242 quae
847 4195 894 4232 usu
912 4196 983 4233 cons.
1003 4181 1048 4248 [D.
1068 4196 1091 4242 7·
1110 4183 1147 4248 5·]
1167 4185 1237 4233 Excr.
1256 4185 1287 4232 de
1305 4183 1378 4233 verb.
1395 4183 1460 4244 sign.
1478 4185 1508 4231 ad

334 4272 503 4323 conditorem.
528 4284 568 4334 et,
594 4271 653 4333 quia
676 4274 850 4333 quorumdam.
877 4275 993 4335 [Extrav.
1012 4275 1102 4324 Const.
1123 4289 1162 4324 20.
1180 4277 1252 4338 Joan.
1272 4277 1350 4324 XXII.
1367 4275 1410 4324 tit.
1431 4290 1469 4337 14.
1486 4289 1508 4323 c.

335 4378 358 4423 3.
376 4376 401 4414 et
419 4379 442 4415 c.
461 4363 496 4429 ⁵·]
516 4366 606 4414 Thoan.
626 4377 650 4413 a.
670 4377 692 4412 a.
712 4367 843 4424 q.78.art.
855 4379 876 4413 1.
910 4364 921 4398 ²
939 4369 995 4415 sen.
1005 4367 1126 4426 Thyeste.
1138 4368 1188 4429 [vs.
1200 4379 1255 4424 nos.
1265 4366 1316 4431 sq.]
1352 4364 1363 4398 ³
1382 4367 1506 4416 debenef.

334 4459 350 4505 l.
369 4470 392 4514 7.
411 4471 433 4505 c.
454 4470 493 4506 aa.
526 4454 627 4504 ⁴Decl.
648 4468 685 4513 13·
704 4455 762 4520 [Ed.
780 4458 808 4504 L.
826 4459 854 4505 B.
872 4470 893 4505 a.
915 4459 985 4514 1665.
1003 4471 1029 4519 p.
1051 4458 1120 4521 asu]
1157 4457 1504 4523 ‘dcoffil.1.[c.7.§.2o.]
