3310 5482
326 617 367 681 30
638 616 686 664 DE
708 615 802 683 JURE
827 614 1014 662 exuunt.
1038 613 1118 662 OAP.
1142 613 1182 661 11.

324 769 468 854 poterit,
502 789 586 851 quae
620 771 757 836 alterum
790 767 874 836 laedi
906 782 1019 850 vetat,
1042 785 1117 834 cum
1153 767 1207 852 jus
1230 780 1323 832 tuum
1356 781 1396 832 ex
1427 767 1499 852 lege

324 879 451 964 prima,
486 900 569 963 quae
603 880 702 947 vitam
736 880 796 946 tibi
824 895 913 947 tuam
934 877 1139 946 commendat
1162 881 1198 959 ¹,
1222 876 1315 942 aliter
1340 877 1498 960 consequi

323 1009 391 1058 non
421 991 540 1074 possis.
595 992 677 1057 Item
709 991 737 1058 si
769 991 845 1074 quis
878 1011 945 1058 rem
979 990 1095 1056 habeat
1127 1003 1230 1056 meam
1266 1005 1326 1056 nee
1357 988 1498 1072 pretium

325 1103 476 1169 restituat
505 1101 657 1185 idemque
685 1101 798 1187 fugam
827 1101 982 1183 adornet,
1015 1102 1061 1168 ita
1094 1101 1251 1168 utnulla
1279 1119 1353 1184 spes
1385 1099 1430 1166 sit
1459 1099 1501 1166 ad

322 1213 484 1297 judicium
506 1213 701 1296 revocandi,
725 1213 779 1280 hic
803 1233 879 1280 cum
900 1227 1006 1280 cesset
1024 1213 1080 1280 illa
1100 1233 1198 1294 quam
1219 1211 1288 1278 dixi
1312 1213 1365 1278 lex
1386 1212 1426 1276 de
1445 1213 1500 1297 ju·

325 1325 422 1391 diciis
453 1326 494 1391 ad
526 1339 648 1392 sextam
681 1323 879 1392 veniendum
900 1339 967 1405 est,
991 1345 1075 1407 quae
1099 1325 1173 1392 vult
1195 1325 1278 1390 bene
1299 1321 1498 1390 facientibus

324 1438 408 1503 bene
429 1435 518 1517 fieri,
542 1437 612 1503 sive
633 1436 787 1502 damnum
798 1438 890 1503 lucro
903 1436 1105 1519 compensari
1119 1436 1148 1501 ’τ
1169 1454 1278 1518 neque
1293 1435 1346 1500 lex
1358 1448 1498 1517 quarta,

326 1567 409 1630 quae
424 1547 565 1614 alienum
585 1562 677 1614 vetat
687 1567 870 1632 occupare,
892 1546 1126 1631 impedimento
1138 1546 1218 1628 erit,
1239 1543 1416 1630 quominus
1428 1560 1499 1610 tan-

324 1658 469 1726 tumdem
492 1657 664 1741 recipiam,
688 1660 780 1742 quod
807 1658 913 1742 ipsum
935 1659 1015 1726 mihi
1036 1658 1195 1726 advitam
1218 1657 1382 1724 conducat
1406 1657 1500 1743 juxta

325 1771 428 1854 legem
449 1775 643 1836 secundam:
668 1789 763 1836 nemo
786 1769 871 1836 enim
896 1770 1065 1856 cogendus
1086 1785 1135 1837 est
1155 1789 1251 1836 suum
1273 1769 1404 1854 iactare.
1451 1768 1500 1834 At

324 1881 422 1947 simul
452 1900 488 1945 ac
517 1896 622 1948 cessat
653 1901 804 1964 praesens
822 1881 907 1949 illud
924 1881 1038 1949 mortis
1061 1896 1118 1948 aut
1133 1883 1278 1968 jacturae
1297 1878 1499 1963 periculum,

325 1994 412 2077 leges
430 1995 496 2077 jam
517 2011 584 2058 non
606 2006 788 2076 pugnantes
812 1991 909 2060 simul
932 1991 1054 2061 servari
1076 2012 1206 2060 necesse
1233 2005 1292 2058 est.
1337 1988 1427 2060 Quid
1445 1991 1501 2076 jus

326 2103 370 2172 sit
391 2101 553 2170 vidimus:
577 2103 664 2169 unde
684 2103 804 2190 iniuria
827 2103 922 2171 etiam
943 2104 1109 2185 noscitur,
1133 2101 1274 2190 generali
1297 2101 1423 2168 scilicet
1440 2121 1501 2167 no-

326 2214 438 2296 tione,
470 2229 509 2280 ut
539 2215 573 2280 id
603 2213 766 2299 significet
786 2215 950 2298 quidquid
972 2235 1038 2282 non
1059 2216 1132 2300 jure
1151 2214 1209 2279 fiat
1232 2221 1256 2281 ⁸.
1302 2211 1375 2286 Qua
1400 2213 1501 2298 igitur

326 2324 453 2392 actione
473 2327 528 2410 jus
549 2328 590 2393 ad
610 2348 704 2409 eum,
728 2326 781 2392 cui
801 2328 979 2394 secundum
1001 2307 1128 2412 regulas
1152 2347 1188 2391 ac
1212 2326 1301 2410 leges
1324 2324 1498 2408 competit,

325 2437 534 2520 perducitur,
557 2439 636 2504 haec
654 2440 743 2523 justa
766 2454 833 2505 este
855 2459 938 2521 quae
961 2457 1073 2521 secus,
1097 2437 1230 2522 injusta.
1266 2436 1332 2502 Sed
1355 2435 1499 2504 actiones

326 2562 364 2614 ut
382 2548 421 2614 ab
444 2548 559 2614 animis
588 2549 767 2633 incipiunt,
792 2550 836 2617 ita
856 2549 1010 2617 desinunt
1032 2548 1066 2614 in
1087 2548 1290 2631 corporibus.
1337 2549 1428 2615 Haec
1448 2548 1498 2613 di·

325 2675 415 2726 cetur
448 2660 625 2729 exsecutio.
671 2662 804 2745 Corpus
835 2676 941 2727 autem
972 2658 1097 2727 homini
1129 2658 1290 2732 tributum
1321 2674 1370 2726 est
1390 2659 1496 2726 debile

326 2787 358 2838 et
376 2771 559 2853 infirmum,
583 2773 670 2839 unde
690 2772 903 2840 instrumenta
919 2785 1008 2839 extra
1024 2791 1144 2856 corpus
1156 2772 1281 2856 adjecta
1293 2786 1389 2852 sunt,
1413 2792 1496 2853 quae

324 2883 453 2966 corpori
483 2882 687 2952 inservirent.
736 2885 839 2951 Arma
868 2885 948 2950 haec
977 2903 1152 2951 vocamus:
1186 2882 1308 2964 quibus
1328 2885 1439 2968 justus
1459 2885 1500 2952 ad

323 2997 481 3068 tuendum
503 3010 536 3062 et
555 2995 807 3078 acquirendum,
832 2996 976 3083 injustus
998 2995 1038 3061 ad
1059 2994 1290 3061 offendendum
1308 3010 1340 3060 et
1361 2995 1499 3079 eripien-

167 3112 313 3182 Bedunie-
325 3108 402 3176 dum
437 3107 551 3173 utitur.
600 3108 736 3174 Armate
767 3107 801 3173 in
826 3122 981 3174 armatum
1014 3105 1181 3174 exsecutio
1211 3107 1332 3173 bellum
1355 3106 1498 3187 dicitur,

168 3176 314 3282 mim
323 3221 449 3305 iustum
459 3217 591 3301 quidem
605 3218 710 3303 juris,
733 3217 892 3303 injustum
904 3233 1012 3284 autem
1025 3216 1177 3304 inJuriae:
1199 3217 1368 3301 publicum
1382 3263 1394 3298 ,
1407 3217 1500 3300 quod

168 3288 231 3333 Μ’
327 3349 366 3394 ex
391 3330 561 3395 voluntate
582 3327 779 3411 reipublicae
803 3329 863 3410 fit,
887 3329 1010 3412 quibus
1032 3329 1142 3396 verbis
1159 3328 1253 3396 etiam
1270 3329 1499 3414 magistratus,

326 3454 428 3522 puta,
445 3438 602 3522 principis
630 3441 783 3506 voluntas
806 3440 1101 3524 comprehenditur.
1149 3441 1224 3507 Hoc
1248 3456 1354 3508 autem
1374 3455 1423 3506 est
1444 3453 1500 3506 eut

180 3571 313 3630 cerrum»
326 3550 422 3618 civile
445 3550 479 3617 in
502 3565 625 3634 partem
652 3552 797 3636 ejusdem
822 3551 1043 3636 reipublicae,
1067 3567 1123 3618 aut
1144 3568 1312 3618 externum
1336 3551 1369 3618 in
1394 3551 1499 3633 alios,

176 3635 304 3752 {m}
325 3661 420 3746 cujus
441 3661 566 3745 species
590 3676 639 3728 est
654 3664 746 3745 quod
764 3663 882 3730 sociale
900 3663 1028 3730 dicitur.
1075 3663 1263 3745 Privatum,
1287 3665 1379 3746 quod
1395 3663 1498 3730 aliter.

324 3773 364 3839 Id
377 3787 484 3838 autem
503 3772 558 3838 alii
575 3769 586 3806 ⁴
602 3793 669 3839 non
686 3788 750 3840 tam
772 3775 912 3854 bellum,
932 3794 1029 3856 quam
1049 3774 1150 3840 rixam
1173 3773 1279 3841 dicere
1296 3778 1498 3841 maluerunt:

206 3915 309 3963 pm„
324 3899 433 3967 potest
449 3897 556 3950 autem
575 3899 608 3949 et
627 3885 690 3949 hoc
714 3904 784 3950 esse
804 3901 869 3951 tam
893 3884 1009 3966 civile,
1031 3905 1128 3967 quam
1150 3901 1330 3953 externum.
1361 3885 1500 3953 Praeda

305 3991 380 4062 ¹hic
399 3996 580 4079 appellatur
601 3995 647 4062 rei
666 3995 797 4063 hostilis
817 4018 877 4081 per
898 3997 1020 4063 bellum
1043 3996 1231 4080 acquisitio

332 4163 530 4176 ——

359 4241 448 4294 ¹silv.
471 4244 498 4294 in
521 4259 548 4296 v.
574 4245 716 4301 Furtum.§
737 4253 874 4304 roquan.
892 4241 961 4292 etin
979 4257 1005 4292 v.
1022 4242 1205 4293 Homicidium.
1223 4246 1236 4303 5
1253 4256 1278 4306 9.
1312 4239 1357 4290 ²1.
1372 4241 1436 4304 quid
1452 4254 1499 4292 est.

325 4338 346 4395 5.
371 4348 428 4386 eum
454 4335 539 4398 igitur.
560 4335 586 4386 ff.
613 4336 645 4384 de
670 4333 698 4384 vi
724 4343 748 4382 et
762 4333 791 4384 vi
807 4345 901 4384 mmm
918 4334 963 4398 [D.
980 4347 1022 4396 4³·
1040 4335 1078 4384 16.
1096 4347 1120 4393 a.
1137 4338 1150 4394 5
1169 4334 1208 4398 9.]
1225 4336 1243 4382 1.
1259 4333 1295 4384 ait
1312 4344 1423 4395 praetor.
1438 4336 1460 4392 5.
1476 4331 1499 4382 si

324 4426 474 4476 debitorem.
487 4427 514 4476 ff.
528 4439 591 4490 quae
606 4425 634 4476 in
650 4425 682 4474 fr.
700 4426 769 4474 cred.
788 4425 832 4487 [D.
848 4438 890 4487 42.
909 4427 932 4473 8.
952 4437 990 4474 10.
1007 4429 1020 4484 5
1037 4425 1088 4489 ι6.]
1108 4425 1171 4476 snv.
1185 4425 1213 4474 in
1230 4440 1255 4476 v.
1271 4426 1377 4476 Bellum.
1388 4424 1497 4486 niupr.

322 4514 334 4548 ³
351 4520 368 4566 l.
388 4531 410 4568 ι.
426 4517 453 4568 ff.
469 4519 503 4568 de
518 4515 627 4576 iniuriis.
641 4516 687 4580 [D.
699 4527 742 4579 47.
762 4515 814 4579 ro]
848 4513 861 4546 ⁴
877 4516 967 4566 Tuom.
984 4529 1007 4566 α.
1026 4527 1190 4580 2.q.4o.art.
1201 4516 1463 4574 uscudeittboc.
1474 4528 1501 4573 ⁵·
