3310 5482
320 547 361 608 24
633 547 681 594 DE
704 548 797 613 JURE
823 547 1006 594 PRAEDAE.
1030 547 1109 594 CAP.
1134 547 1173 594 11.

319 704 386 765 nisi
408 699 498 766 olter
519 700 664 767 alterurn
689 701 842 789 offensum
866 705 966 768 iisset.
992 701 1128 771 Invidia
1148 704 1232 767 enim
1253 697 1406 766 seditioni
1424 715 1491 760 mo·

320 812 407 877 litur
430 811 615 878 exordium.
662 812 716 878 Sic
737 813 936 898 judiciorum
961 833 1026 880 non
1052 812 1114 878 alia
1137 833 1234 895 quam
1259 814 1367 896 legum
1386 807 1484 893 origu

319 922 487 990 Dicuntur
509 921 594 989 enirn
620 925 650 988 i:

683 1037 848 1106 δικάσπολοι
870 1034 900 1103 oi'
916 1064 949 1105 κε
971 1039 1107 1120 θέμιστας

532 1148 565 1212 ἐκ
588 1148 655 1222 Διὸς
677 1149 816 1230 εἰρύαται.

598 1269 603 1278 “
683 1271 836 1343 proceres
857 1259 1067 1323 sanctissimo
1090 1268 1249 1342 quotquot

321 1449 346 1514 ‘t
418 1455 429 1491 ¹
600 1366 696 1454 Juro
716 1369 813 1457 Joois
837 1367 981 1436 reddunt
998 1367 1145 1455 populis.

320 1470 396 1515 rem
441 1475 448 1515 ε

527 1539 567 1616 εἷς
589 1545 730 1624 βασιλεὺς
753 1541 773 1629 ᾧ
796 1545 881 1612 ἔδωκε
901 1543 1002 1627 Κρόνου
1022 1552 1093 1617 osuit
1114 1543 1325 1622 ἀγκυλομήτεω

527 1662 668 1736 σκῆπτρον
689 1651 769 1731 τ’ἦδὲ
790 1657 937 1738 θέμιστας.

535 1761 611 1827 Rex
635 1784 720 1828 unus
743 1767 798 1828 cui
820 1764 880 1829 dot
904 1765 1087 1831 Saturnius
1112 1786 1219 1830 aureo
1244 1764 1340 1848 regni

534 1872 738 1959 Sceptraque
751 1872 994 1960 judiciumque.

320 1982 364 2049 Et
385 1984 471 2066 apud
492 1985 627 2050 alterum
650 1981 681 2050 ⁸:

761 2099 869 2178 μεσταὶ
890 2100 920 2167 δὲ
940 2103 1007 2175 Διὸς
1027 2103 1122 2167 uirus
1142 2101 1196 2181 μὲν
1217 2102 1335 2176 oporte,

542 2209 645 2274 uticus
668 2210 839 2291 i'oiodqsiossoo
861 2210 976 2292 tropat.

753 2339 830 2383 num
853 2323 940 2386 uicos
963 2323 1096 2384 numine
1117 2316 1253 2402 complet

541 2429 727 2516 Juppiter‚
751 2429 835 2494 idem
859 2431 1025 2495 hominum
1046 2429 1183 2514 comptu
1199 2427 1292 2512 foto.

368 2541 419 2604 Ac
441 2540 536 2622 plane
560 2559 634 2605 cum
656 2540 844 2606 naturaliter
865 2541 984 2623 cuique
996 2540 1172 2624 liceretjus
1183 2537 1244 2606 sibi
1256 2557 1353 2602 manu
1367 2535 1498 2614 dicere,

228 2653 236 2676 '
324 2650 540 2717 necessarium
564 2651 690 2718 cunctis
712 2652 843 2735 populis
862 2652 969 2719 visum
993 2667 1042 2720 est
1061 2652 1202 2735 aliquem
1221 2648 1389 2716 instituere
1403 2647 1498 2734 iudi·

326 2762 450 2828 ciorum
483 2762 651 2838 ordinem,
684 2763 737 2830 cui
768 2763 903 2830 accessit
937 2779 969 2831 ct
990 2765 1194 2851 singulorum
1214 2773 1414 2841 consensus,
1439 2758 1498 2842 qui

329 2897 405 2943 cum
437 2875 589 2942 viderent
623 2875 716 2942 aliter
748 2897 843 2943 suum
875 2897 910 2944 se
941 2876 1098 2958 consequi
1127 2876 1170 2941 ob
1191 2872 1409 2939 infirmitatem
1432 2891 1498 2936 non

327 3009 448 3072 posse,
483 3001 625 3054 staturos
653 3007 687 3054 se
720 2987 862 3055 civitatis
893 2987 1070 3055 sententiae
1101 2986 1329 3071 promiserunt.
1375 2982 1419 3049 Et
1450 2998 1501 3050 est

327 3101 460 3167 omnino
480 3120 515 3165 ea
533 3098 770 3184 jurisdictionis
793 3114 929 3180 natura,
953 3114 991 3164 ut
1012 3098 1075 3166 nisi
1097 3119 1136 3164 ex
1156 3116 1314 3164 consensu
1334 3095 1410 3161 oriri
1432 3115 1499 3162 non

327 3211 454 3295 possit,
479 3210 570 3293 quod
590 3210 668 3277 satis
689 3212 858 3296 vulgatum
878 3224 927 3278 est
949 3219 970 3275 ⁴.
1016 3211 1056 3276 Id
1077 3212 1136 3277 hac
1157 3211 1268 3294 regula
1287 3207 1500 3273 indicabitur:

177 3337 271 3398 negata
286 3336 315 3382 V.
332 3320 507 3410 Quidquid
537 3321 723 3408 respublica
746 3344 778 3388 se
799 3322 882 3390 uelle
904 3320 1132 3410 significarit,
1156 3321 1194 3386 id
1213 3325 1304 3385 inter
1326 3325 1410 3388 ciues
1433 3323 1501 3383 siro·

327 3434 422 3522 gulos
443 3435 503 3518 jus
535 3427 609 3498 est.'
643 3433 764 3498 Differt
796 3435 874 3499 haec
908 3436 1020 3519 regula
1042 3433 1197 3518 aptiori,
1225 3432 1315 3516 quod
1338 3430 1501 3516 judicium

179 3572 305 3630 purarum,
331 3567 349 3610 a
377 3547 448 3629 lege
478 3544 587 3623 civili;
631 3559 680 3612 est
714 3545 798 3611 enim
829 3544 990 3631 Judicium
1025 3547 1077 3611 lex
1110 3544 1151 3610 ad
1183 3542 1305 3610 factum
1339 3542 1501 3626 singulare

330 3670 447 3740 aptata.
491 3657 602 3739 Atque
626 3656 705 3723 adeo
728 3657 812 3722 inter
834 3659 922 3742 leges
944 3657 1059 3723 civiles
1081 3656 1184 3740 prima
1207 3671 1256 3723 est
1274 3655 1340 3738 ista
1363 3653 1402 3719 ad
1423 3674 1500 3718 con-

331 3767 495 3834 tinendam
518 3768 721 3848 societatem,
746 3787 829 3851 quae
847 3768 1045 3853 iudiciorum
1069 3767 1292 3834 necessitatem
1315 3765 1413 3832 facit:
1438 3766 1501 3831 hoc

187 3905 238 3951 rte
252 3904 295 3952 rr.
332 3894 398 3945 est:
422 3879 476 3944 Ne
491 3884 573 3948 ciuis
590 3880 748 3948 adsersus
759 3877 930 3966 fciuemjus
942 3901 1036 3944 suum
1049 3881 1115 3943 nisi
1117 3876 1249 3964 judicio
1262 3883 1500 3962 exsequuturf.

368 4187 485 4250 ¹[Hom„
510 4189 579 4237 11.1.
606 4201 627 4238 1.
644 4202 683 4239 vs.
708 4191 765 4247 238.
788 4189 838 4251 sq.]
874 4185 992 4253 2[H0rn.
1013 4189 1042 4237 11.
1066 4191 1083 4237 l.
1107 4201 1130 4237 a.
1154 4201 1192 4238 vs.
1210 4198 1266 4245 205·
1280 4186 1331 4249 sq]
1367 4183 1503 4249 ⁸[Arstus

333 4281 467 4328 Phaenom.
485 4281 503 4327 l.
519 4293 542 4328 n.
560 4293 597 4329 vs.
622 4293 645 4329 a.
662 4280 712 4342 sq.]
748 4278 837 4341 iArg.
855 4278 881 4328 in
898 4282 915 4328 l.
932 4279 1008 4329 diem.
1027 4283 1048 4340 ς.
1065 4279 1134 4329 stari.
1151 4279 1177 4327 ff.
1195 4280 1226 4328 de
1244 4276 1353 4327 arbitris.
1372 4277 1416 4341 [D.
1433 4292 1458 4340 4.
1478 4279 1502 4326 8.

335 4383 375 4430 27.
398 4374 411 4431 5
434 4370 470 4432 n]
505 4369 516 4402 ⁵
539 4368 669 4436 lssexstat.
693 4371 718 4420 ff.
739 4374 809 4433 quod
830 4383 899 4420 metu
923 4372 967 4434 [D.
990 4385 1015 4432 4.
1033 4385 1057 4419 a.
1077 4369 1129 4434 tn]
1148 4372 1165 4419 1.
1182 4371 1273 4418 nullus.
1297 4370 1326 4418 C.
1345 4369 1375 4418 de
1392 4368 1502 4432 Judaeis.

336 4461 379 4524 [C-
400 4475 421 4510 1·
438 4476 462 4525 9·
482 4462 533 4525 14]
