3362 5504
699 620 907 664 oocuuuurn.
1331 623 1384 681 351

216 792 352 861 navium,
382 809 455 877 guae
486 790 522 851 ad
553 791 664 851 Indiam
697 793 875 854 Orientalem
901 794 1132 867 navigaverunt,
1152 813 1186 854 ac
1210 796 1387 869 praefectum

216 912 313 954 earum
345 895 484 970 Jacobum
514 897 771 966 Hemskerckium,
791 914 890 956 omnes
911 900 1068 972 petitores,
1089 910 1118 957 et
1139 900 1174 957 ab
1196 902 1285 958 altera
1306 911 1388 973 parte

216 1015 283 1070 eos,
313 1001 364 1072 qui
395 1000 470 1058 bona
491 1012 520 1059 et
542 1018 686 1060 caraccam
710 1002 738 1059 S.
761 1002 946 1060 Catharinam
967 1001 1105 1061 adversus
1127 1005 1267 1076 petitores
1289 1002 1388 1062 defen·

217 1101 309 1172 dunt,
340 1105 391 1177 qui
424 1115 517 1162 tamen
550 1105 633 1163 citati
665 1121 724 1163 non
756 1105 970 1179 responderunt
1001 1117 1089 1179 atque
1111 1105 1177 1164 ideo
1199 1119 1387 1166 contumaees

216 1205 353 1266 censendi
385 1220 471 1279 sunt3
501 1210 641 1281 petitores
673 1209 756 1267 nobis
787 1208 1039 1280 demonstrarunt,
1061 1210 1234 1268 Societatem
1257 1209 1386 1270 Indicam

215 1327 293 1370 anno
328 1311 399 1371 1601
434 1329 520 1370 naves
550 1324 620 1373 octo
640 1314 765 1381 misisse,
786 1314 891 1387 quibus
913 1313 1037 1388 Jacobus
1060 1315 1285 1372 Hemsketckius
1306 1330 1387 1387 prae·

216 1416 327 1489 positus
348 1414 422 1484 fuit,
443 1427 476 1474 ut
497 1416 527 1474 iu
549 1415 632 1474 India
654 1417 797 1475 Orientali
819 1420 919 1476 aliisve
940 1420 1028 1486 locis,
1050 1419 1072 1475 si
1094 1421 1225 1476 locorum
1243 1416 1386 1492 praesides

216 1530 403 1593 paterentur,
434 1521 660 1593 negotiationem
691 1532 878 1591 exercerent,
909 1537 1014 1594 eosque
1040 1539 1055 1578 a
1078 1522 1214 1596 Ptinpre
1243 1521 1387 1580 Mauritio

216 1622 368 1682 coditillos
403 1623 581 1694 obtinuisse,
617 1641 669 1699 per
706 1642 778 1697 quos
817 1643 875 1683 non
912 1628 1005 1683 solum
1037 1626 1106 1683 licet
1137 1625 1305 1699 praefecto,
1337 1623 1387 1683 sed

215 1727 300 1785 etiam
320 1727 439 1800 iubetur
460 1726 614 1786 defendere
634 1745 663 1785 se
684 1727 819 1787 adversus
839 1745 955 1799 omnes,
975 1730 1025 1801 qui
1054 1729 1084 1786 in
1112 1730 1217 1787 itinere
1242 1730 1385 1787 molestias

216 1842 316 1890 creent
336 1833 383 1888 vel
415 1842 557 1901 noceant,
587 1843 617 1890 et
638 1843 764 1905 potestas
786 1830 891 1900 datur,
922 1843 956 1890 ut
977 1833 1000 1889 si
1022 1830 1093 1906 quid
1115 1831 1211 1890 damni
1232 1834 1305 1906 passi
1328 1834 1385 1891 sint
1430 1903 1435 1910 ι

215 1936 430 1994 restitutionem
461 1947 629 2009 quaerant.-.
652 1936 730 1993 Cum
761 1947 855 1994 autem
887 1935 1049 2010 praefectus
1078 1952 1143 1994 cum
1165 1936 1243 1994 hisce
1264 1937 1386 1995 navibus

215 2039 274 2098 suis
295 2040 400 2098 insulas
429 2039 566 2098 Canarias
594 2051 812 2114 praetervectus
832 2040 888 2113 jam
910 2051 1000 2108 esset,
1020 2041 1150 2098 occurrit
1172 2041 1197 2098 ei
1219 2039 1385 2113 quindecim

215 2144 332 2202 navium
353 2145 449 2202 classis
471 2145 644 2218 Hispanico,
665 2145 739 2202 bene
760 2156 866 2205 armata
887 2154 917 2202 et
939 2145 1098 2214 instructa,
1119 2144 1269 2218 ipsumque
1290 2146 1385 2203 statim

215 2263 344 2322 aggressa
365 2259 418 2306 est.
460 2249 499 2307 Et
520 2265 577 2306 una
598 2265 634 2306 ex
647 2250 704 2306 illis
715 2248 856 2317 navibus,
878 2249 994 2306 nomine
1006 2247 1102 2307 Rubri
1114 2248 1238 2315 Leonis,
1260 2249 1385 2308 bostium

215 2354 368 2412 tormentis
398 2361 467 2411 tam
487 2353 614 2426 graviter
645 2356 767 2411 lacerata
799 2364 860 2422 est,
891 2363 926 2410 ut
957 2352 1102 2410 navarcho
1131 2363 1161 2410 et
1188 2353 1385 2426 compluribus

139 2446 141 2450 ’
215 2457 379 2515 hominibus
409 2458 515 2515 occisis
545 2457 668 2530 aliisque
698 2458 796 2515 multis
824 2459 985 2515 vulneratis
1013 2456 1050 2513 ab
1071 2457 1176 2514 itinere
1197 2457 1333 2514 absistere
1356 2467 1385 2514 et

216 2559 332 2620 domum
354 2561 461 2618 reverti
482 2571 584 2619 coacta
605 2562 653 2619 sit.
695 2561 739 2619 Ita
760 2561 922 2634 praefectus
943 2561 972 2618 in
995 2561 1052 2618 hoc
1073 2561 1201 2634 praelio,
1229 2571 1262 2618 ut
1284 2575 1384 2619 navem

216 2665 290 2722 hanc
321 2662 510 2734 defenderet,
540 2665 600 2738 ipse
631 2643 703 2723 cum
729 2681 778 2723 sua
810 2682 882 2722 nave
914 2665 1029 2738 sulsque
1060 2663 1193 2721 omnibus
1225 2664 1384 2737 periclitari

215 2778 333 2826 coactus
355 2780 415 2838 est,
435 2785 494 2841 quo
515 2780 545 2826 et
565 2769 622 2825 viri
643 2770 756 2842 aliquot
777 2768 838 2842 ejus
859 2767 1007 2826 interfecti
1029 2779 1115 2826 sunt:
1138 2770 1229 2825 altero
1250 2765 1297 2824 die
1317 2778 1384 2840 post

213 2873 299 2930 etiam
330 2873 455 2946 legatum
487 2889 568 2930 suum
599 2873 711 2930 amisit:
743 2873 766 2929 is
793 2873 870 2929 enim
902 2888 969 2930 cum
1000 2875 1078 2930 solus
1111 2871 1188 2929 inter
1209 2888 1295 2928 naves
1318 2871 1384 2928 His-

216 2977 331 3050 panicas
372 2976 530 3034 aberrasset
571 2987 601 3034 et
631 2993 688 3033 non
724 2977 779 3033 nisi
810 2992 914 3048 magno
945 2975 1078 3049 periculo
1110 2973 1260 3042 evaderet,
1291 2973 1384 3033 donee

216 3082 385 3140 Bantamum
406 3091 525 3138 venerat
545 3078 581 3138 ad
607 3080 847 3138 Hemsketckium
874 3078 969 3138 redire
989 3091 1018 3138 et
1039 3079 1096 3138 iter
1123 3095 1181 3137 una
1211 3078 1304 3136 facere
1325 3095 1382 3136 non

215 3187 323 3259 potuit.
364 3185 588 3243 Hemsketckius
608 3200 680 3242 vero
702 3194 735 3242 ut
756 3184 927 3241 Bantamum
948 3183 1086 3253 accessit,
1114 3182 1149 3239 ab
1177 3183 1281 3240 incolis
1302 3181 1384 3240 audi·

214 3290 275 3357 vit,
307 3306 392 3362 quam
423 3290 533 3347 acriter
561 3289 643 3347 brevi
675 3300 742 3347 ante
773 3286 969 3362 depugnatum
994 3297 1067 3344 esset
1087 3287 1164 3344 inter
1185 3289 1302 3344 classem
1324 3288 1384 3345 Lu·

214 3395 373 3452 sitanorum
405 3391 479 3451 duce
511 3391 628 3451 Andrea
660 3390 826 3451 Furtadone
847 3402 877 3450 et
897 3392 1028 3464 quinque
1058 3408 1144 3449 naves
1177 3390 1383 3461 Hollandicas,

216 3497 322 3571 quibus
354 3497 532 3571 praepositus
563 3507 625 3554 erat
650 3494 845 3570 Wolphardus
875 3496 1075 3566 Harmannus3
1096 3497 1211 3553 classem
1232 3512 1303 3554 vero
1324 3497 1384 3554 Lu·

215 3603 373 3660 sitanorum
394 3601 450 3659 hoc
471 3598 636 3659 mandatum
658 3599 805 3674 babuisse,
827 3611 860 3658 ut
882 3612 911 3658 et
929 3616 1015 3657 naves
1037 3597 1248 3657 Hollandorum
1269 3616 1384 3669 omnes,

214 3718 244 3766 et
276 3705 381 3776 Indos,
416 3707 467 3778 qui
499 3722 565 3764 cum
598 3703 751 3762 Hollandis
783 3705 1017 3778 negotiarentur,
1050 3703 1165 3777 penitus
1196 3701 1322 3761 deleret:
1354 3715 1383 3762 et

215 3811 281 3869 satis
309 3820 424 3868 constat
451 3825 500 3867 eos
528 3809 629 3866 urbem
662 3809 692 3866 in
721 3818 892 3882 potestatem
922 3823 1000 3866 suam
1029 3804 1196 3864 redacturos
1226 3807 1330 3877 fuisse,
1360 3809 1383 3865 si

214 3931 230 3972 a
261 3913 348 3972 dictis
379 3915 509 3987 quinque
540 3913 661 3971 navibus
692 3930 750 3970 non
782 3911 924 3986 prohibiti
962 3921 1065 3969 essent.
1114 3911 1178 3968 Nec
1209 3911 1279 3970 latet
1311 3930 1382 3981 nos,

214 4017 285 4092 quid
316 4029 382 4092 post
413 4018 610 4076 commiserint
640 4018 671 4074 in
703 4017 804 4074 insulis
827 4017 901 4074 Hito
932 4027 962 4074 et
993 4015 1143 4083 Ambona‚
1185 4016 1234 4073 ubi
1266 4017 1382 4075 miseros

215 4123 323 4180 incolas
355 4123 482 4195 graviter
513 4131 736 4195 oppresserunt:
774 4121 860 4179 etiam
896 4120 1017 4178 insulam
1050 4119 1209 4188 Mathiam‚
1247 4137 1320 4194 quae
1341 4122 1380 4195 in

215 4227 289 4299 regis
321 4225 506 4283 Ternatensis
537 4223 666 4282 dominio
696 4235 759 4294 est,
790 4221 925 4281 incendio
957 4220 1091 4281 deterunt
1122 4234 1151 4280 et
1181 4239 1247 4281 cum
1279 4226 1382 4283 incolis

214 4345 332 4404 quoque
353 4329 472 4403 pessime
492 4339 624 4402 egerunt.
646 4327 724 4386 Idem
745 4327 838 4385 facere
860 4338 1010 4385 tentarunt
1030 4326 1060 4383 in
1083 4327 1142 4400 lpsa
1165 4326 1310 4396 Ternate,
1331 4329 1382 4387 ubi

214 4433 287 4492 duae
319 4450 404 4492 naves
436 4433 493 4491 illis
524 4431 652 4491 subsidio
680 4442 825 4490 venerunt
855 4432 890 4488 ab
922 4432 993 4489 urbe
1024 4430 1173 4500 Manilha,
1194 4430 1274 4503 quod
1294 4446 1382 4506 caput
