3362 5504
463 625 509 670 DE
534 625 626 692 JURE
653 627 836 673 nnnEDnE.
858 627 941 692 cal).
965 627 1026 674 XV.
1265 629 1326 692 337

154 794 250 862 capta
272 780 315 845 ita
334 779 422 863 juste
445 779 649 860 retinentur,
674 796 712 845 ut
735 781 768 845 in
786 779 1040 846 controversiam
1059 780 1145 845 trahi
1165 800 1230 847 non
1250 802 1328 864 pos·

153 891 229 956 sint.
283 889 452 954 Praeterea
482 889 550 955 suis
585 891 727 972 quisque
760 890 915 972 civibus,
950 911 1016 956 non
1053 892 1236 974 extraneis,
1269 913 1328 975 per

152 1001 359 1084 repressalias
392 1001 554 1066 consulit:
587 1003 666 1067 haec
697 1017 804 1067 autem
833 1021 885 1068 res
911 1002 952 1067 ad
976 1002 1154 1068 Lusitanos
1174 1003 1326 1086 pertinet.

153 1112 256 1198 Quod
285 1112 312 1176 si
344 1111 486 1194 aliquem
520 1111 616 1178 nobis
653 1113 867 1195 proponimus
906 1113 1071 1178 addictum
1105 1113 1255 1196 Hispano
1296 1129 1328 1180 et

154 1223 213 1305 qui
235 1222 282 1286 illi
304 1223 412 1288 omnia
429 1223 558 1289 studeat
580 1223 777 1308 gratificari,
791 1242 849 1288 nae
874 1224 961 1306 apud
982 1224 1074 1288 illum
1094 1225 1237 1309 judicem
1260 1244 1326 1290 non

155 1349 220 1399 tam
244 1336 380 1416 praedae
410 1335 601 1417 percepti0,
625 1355 722 1416 quam
744 1349 851 1401 sumta
872 1333 904 1398 in
934 1335 1117 1418 Principem
1143 1355 1249 1417 arma,
1274 1336 1327 1400 In-

156 1446 230 1511 dica
251 1446 431 1530 negotiatio
454 1448 624 1528 multaque
648 1446 710 1511 alia
733 1447 830 1513 simul
860 1447 979 1512 luenda
1010 1447 1185 1513 autsimul
1215 1446 1328 1512 defen-

157 1558 261 1622 denda
283 1572 369 1622 sunt.
416 1559 503 1622 Nam
532 1558 669 1641 praedae
692 1558 858 1641 perceptio
883 1559 921 1622 in
953 1545 1079 1623 tantum
1112 1573 1221 1640 potest
1244 1558 1328 1623 obli-

157 1690 255 1753 gare,
289 1669 404 1751 quanti
436 1669 553 1752 praeda
586 1685 657 1750 est,
689 1689 755 1736 non
786 1671 889 1735 ultra:
925 1655 1138 1752 itaque'hacc
1162 1669 1328 1735 restitutio

155 1782 282 1845 lucrum
317 1781 438 1862 eripit,
472 1781 623 1846 damnum
657 1801 722 1847 non
755 1780 885 1864 infligit.
952 1781 1163 1846 Caeterorum
1197 1794 1328 1860 autem,

156 1912 240 1972 quae
271 1891 397 1956 crimini
431 1892 615 1972 ducentur,
649 1892 776 1958 infinita
806 1891 867 1958 erit
896 1891 1087 1958 aestimatio.
1133 1892 1269 1974 Insuper
1293 1913 1329 1957 ea

156 2016 206 2068 est
227 2003 490 2084 repressaliarum
520 2019 657 2085 natura,
691 2018 728 2068 ut
746 2002 869 2068 factum
892 2002 974 2069 civis
995 2003 1172 2087 cujuslibet
1193 2005 1327 2068 alterum

156 2113 308 2194 quemvis
333 2115 477 2198 ejusdem
503 2114 701 2196 reipublicae
724 2114 984 2197 comprehendat.
1031 2113 1128 2179 Nihil
1150 2113 1250 2198 igitur
1265 2115 1328 2179 hoc

154 2225 287 2289 nomine
320 2227 395 2307 plus
430 2225 494 2290 illis
529 2225 587 2307 qui
619 2241 742 2308 partem
773 2245 812 2291 ex
844 2225 960 2308 praeda
981 2225 1207 2307 perceperint,
1232 2245 1328 2306 quam

156 2322 303 2416 quinon
327 2337 550 2419 perceperint,
583 2337 794 2403 metuendum
828 2352 888 2402 est.
945 2337 1098 2401 Praedam
1132 2337 1232 2420 igitur
1262 2355 1327 2400 non

156 2447 353 2530 agnoscendi
387 2449 476 2511 nulla
502 2463 551 2512 est
579 2448 672 2514 ratio.
719 2447 815 2514 Arsi
840 2448 915 2530 quis
938 2463 1091 2532 agnoscat
1114 2446 1246 2529 quidem
1271 2447 1328 2511 ali-

158 2573 342 2638 quatenus,
366 2558 424 2624 sed
446 2558 507 2623 alia
528 2559 677 2643 religioni
699 2574 755 2624 aut
777 2547 944 2625 timiditati
965 2579 1042 2625 suae
1066 2558 1206 2623 remedia
1227 2577 1327 2639 quae·

156 2688 227 2733 rere
258 2669 362 2750 velit,
396 2669 424 2734 is
457 2669 599 2754 geminet
628 2690 778 2735 errorem.
824 2670 926 2756 Quod
954 2669 1037 2735 enim
1061 2668 1249 2752 agnoscitur
1270 2682 1328 2732 aut

156 2779 379 2861 retinendum,
402 2795 458 2845 aut
482 2779 740 2846 transferendum
775 2795 834 2846 est.
891 2779 1040 2845 Retineri
1071 2793 1177 2845 autem
1201 2777 1327 2862 duplici

157 2889 265 2955 animo
283 2905 416 2973 potest,
441 2905 498 2957 aut
518 2878 556 2956 ut
574 2891 748 2971 hostibus,
774 2890 957 2972 exquibus
983 2905 1112 2972 captum
1137 2905 1208 2971 est,
1231 2889 1327 2955 resti-

156 3015 291 3081 tuatur,
323 3017 380 3068 aut
414 3018 452 3068 ut
483 3021 541 3068 sua
576 3002 697 3085 cuique
721 3022 817 3068 causa
846 3001 1025 3085 sepositum
1049 3001 1102 3066 sit.
1147 2981 1326 3066 Veteribus

157 3111 298 3180 dominis
319 3113 410 3178 reddi
432 3113 523 3195 quod
543 3129 672 3196 captum
695 3129 743 3180 est
767 3132 828 3178 nec
849 3127 982 3197 potest,
1006 3133 1065 3177 nec
1088 3113 1194 3177 debet.
1239 3112 1324 3176 Nam

157 3223 215 3288 ubi
250 3223 297 3288 illi
330 3223 565 3290 invenientur?
601 3226 657 3290 An
680 3224 764 3291 forte
784 3239 990 3308 expectamus
1012 3238 1050 3289 ut
1077 3244 1117 3290 ex
1137 3223 1252 3303 India,
1270 3236 1327 3287 aut

157 3335 361 3418 Ulyssipone
391 3335 525 3401 veniant
547 3337 653 3402 hostis
674 3336 822 3417 subditi,
847 3336 905 3418 qui
926 3355 965 3400 ex
985 3337 1058 3420 jure
1079 3343 1177 3400 manu
1195 3354 1326 3402 conser-

157 3460 249 3526 tum,
285 3461 323 3510 ut
351 3445 495 3528 dicitur,
519 3467 568 3512 res
592 3446 765 3530 repetant?
790 3448 839 3512 At
861 3446 910 3513 illi
930 3447 1062 3530 quidem
1084 3467 1211 3513 omnem
1234 3466 1327 3512 recu·

158 3557 291 3639 perandi
322 3577 411 3640 spem
438 3579 476 3623 ex
497 3559 605 3624 animo
628 3560 859 3643 projecerunt,
884 3572 924 3623 ut
946 3559 1003 3639 qui
1027 3579 1061 3624 se
1080 3560 1184 3640 palam
1205 3557 1328 3622 fatean-

157 3682 212 3733 tur
242 3667 276 3732 id
306 3687 442 3751 passm,
479 3670 570 3752 quod
596 3671 650 3754 jus
682 3670 759 3735 belli
791 3669 886 3735 tulit:
920 3685 1032 3735 contra
1064 3684 1171 3734 autem
1194 3667 1326 3734 ridiculi

156 3793 259 3858 sunt,
292 3780 349 3860 qui
380 3781 419 3845 de
452 3800 489 3845 eo
520 3782 594 3865 Jure
626 3781 818 3866 ambigunt,
843 3782 973 3862 dequo
1006 3798 1046 3845 ne
1068 3780 1172 3846 hostis
1196 3779 1326 3861 quidem

157 3890 413 3955 controversiam
445 3889 532 3956 facit.
589 3891 675 3958 Satis
707 3891 792 3958 enim
822 3907 910 3974 patet
944 3912 1043 3971 eum,
1076 3891 1133 3973 qui
1157 3889 1327 3956 bonafide

155 4002 279 4065 bellum
302 4002 406 4085 gerit,
430 4003 470 4066 ad
491 4002 731 4068 restitutionem
756 4023 796 4067 ne
816 4003 849 4070 in
870 4002 1069 4068 conscientia
1091 4001 1222 4084 quidem
1244 4001 1327 4067 obli-

159 4111 239 4194 gari.
286 4112 405 4194 Neque
423 4133 501 4179 vero
526 4113 622 4178 debet
633 4112 698 4179 illis
711 4113 828 4195 praeda
840 4113 992 4192 restitui,
1014 4127 1050 4178 ut
1062 4112 1202 4177 maxime
1212 4113 1327 4193 possit.

158 4223 299 4289 Faciunt
316 4223 399 4289 enim
421 4239 533 4290 contra
551 4225 625 4308 jura
647 4239 679 4290 et
694 4226 891 4308 majestatem
911 4226 1026 4308 populi
1047 4236 1055 4269 ¹
1076 4224 1223 4303 violant,
1245 4243 1328 4305 quo-

159 4389 347 4402 t———n-——-

193 4469 201 4502 ¹
220 4471 237 4516 l.
253 4468 385 4529 cujusque.
401 4470 427 4518 is.
443 4472 473 4518 ad
489 4473 505 4519 l.
521 4473 570 4534 Jul.
587 4470 646 4528 maj.
666 4470 710 4535 [D.
724 4475 765 4532 48.
783 4485 807 4532 4.
824 4470 861 4535 4.]
