3362 5504
467 598 513 642 ou
537 598 631 663 ¹runa
656 598 842 644 rannone.
869 599 948 645 car.
974 599 1049 646 xrvt
1285 598 1347 662 315

172 749 225 816 fas
248 765 388 834 putant,
413 772 467 818 eos
489 754 547 818 vix
568 751 761 832 hominum,
786 767 871 818 certe
892 753 1090 819 Batavorum
1112 754 1245 820 nomine
1267 774 1347 820 ncu-

174 863 300 946 tiquam
324 864 495 950 dignabor.

217 977 289 1042 Alii
310 975 393 1042 sorte
416 991 511 1042 erunt
531 976 589 1057 qui
609 976 787 1042 Lusitanos
807 977 939 1058 quidem
960 977 1093 1044 meritos
1113 976 1217 1042 fuisse
1237 977 1348 1044 dicent
1362 979 1423 1028 ram
1438 971 1473 1028 Η·

173 1103 211 1153 ut
240 1089 302 1153 ista
331 1104 543 1172 paterentur,
574 1089 632 1155 sed
664 1109 714 1154 res
746 1087 898 1155 hostibus
928 1103 1052 1171 ereptas
1076 1103 1133 1155 aut
1156 1089 1246 1170 quod
1271 1089 1345 1155 inde

172 1200 338 1265 redactum
364 1215 435 1280 est,
459 1219 559 1283 penes
583 1220 616 1266 se
640 1199 785 1282 conspici
809 1199 899 1266 haud
921 1199 999 1267 satis
1032 1200 1187 1268 decorum
1211 1201 1345 1268 arbitra·

172 1312 306 1378 buntur.
354 1312 427 1376 Hoc
459 1332 537 1378 veto
569 1331 727 1394 perquam
760 1311 878 1395 abjecti
902 1326 952 1376 est
976 1328 1008 1378 ct
1031 1311 1199 1397 degeneris
1223 1312 1345 1393 animi,

173 1423 207 1488 id
232 1425 334 1490 vereri
357 1443 397 1490 ne
418 1423 481 1490 sibi
503 1425 624 1506 probro
651 1423 715 1503 sit,
748 1423 839 1505 quod
857 1424 989 1489 maximi
1006 1444 1097 1508 reges
1121 1440 1153 1490 et
1175 1424 1344 1508 Principes

171 1551 204 1602 et
228 1537 372 1619 optimus
395 1537 537 1619 quisque
561 1537 811 1603 instrumentum
836 1537 959 1623 gloriae
980 1538 1111 1604 habent.
1157 1537 1243 1601 Nam
1264 1537 1346 1618 quid

170 1648 262 1713 aliud
283 1650 401 1715 volunt
421 1663 526 1714 erecta
549 1648 730 1714 victoribus
743 1663 898 1731 tropaea,
923 1669 1015 1714 arcus
1029 1649 1187 1715 exstructi
1200 1648 1345 1716 hostium

171 1760 288 1843 spoliis
312 1775 345 1825 et
364 1760 535 1826 manubiae
559 1775 591 1826 et
614 1775 740 1842 rostra,
764 1761 835 1827 sive
848 1760 926 1826 olim
940 1762 1163 1828 Romanorum
1177 1761 1247 1828 sive
1259 1779 1346 1827 nunc

172 1873 269 1937 etiam
291 1871 520 1938 Venetorum?
546 1873 597 1938 Ex
617 1873 716 1940 sacris
736 1893 811 1938 sanc
831 1873 934 1938 literis
955 1873 1077 1938 discere
1097 1872 1152 1938 isti
1171 1887 1344 1955 poterant,

170 2005 238 2050 non
271 1986 368 2050 modo
399 1985 549 2068 praedam
583 2005 664 2068 pura
688 1986 887 2052 conscientia
912 1985 1025 2068 quaeri
1044 1999 1076 2050 et
1095 1985 1206 2050 haberi
1225 2003 1344 2067 posse,

171 2096 229 2162 sed
248 2097 312 2161 hoe
333 2096 438 2179 ipsum
459 2098 512 2162 vei
535 2096 672 2162 maxime
697 2096 876 2180 gloriosum
901 2096 1000 2178 duci,
1032 2098 1122 2178 quod
1144 2097 1228 2162 idem
1253 2097 1346 2162 cedat

172 2209 270 2272 nobis
294 2209 488 2287 commoda,
523 2207 675 2275 hostibus
700 2209 839 2288 terrori,
872 2208 1006 2274 caeteris
1031 2210 1188 2291 exemplo.
1235 2209 1345 2295 Quare

170 2319 262 2386 Deus
294 2320 364 2402 ipse
386 2323 394 2356 ¹
416 2321 499 2386 inter
531 2335 679 2400 caetera,
715 2320 838 2401 quibus
861 2319 1041 2386 Abrahami
1065 2319 1288 2402 posteritatem
1310 2341 1344 2388 se

171 2431 370 2498 donaturum
390 2432 583 2514 pollicetur,
608 2431 698 2498 addit
721 2432 803 2497 illud
825 2434 919 2498 velut
942 2431 1078 2498 maxime
1101 2431 1343 2513 honorificum,

171 2543 364 2610 effecturum
387 2564 420 2610 se
441 2559 477 2610 ut
495 2545 699 2626 possiderent
721 2559 833 2627 portas
854 2543 1062 2610 inimicorum
1084 2565 1227 2611 suorum.
1248 2544 1344 2628 Jaco-

172 2657 234 2722 bus
254 2651 265 2686 ²
283 2670 392 2721 autem
415 2657 664 2739 possessiones,
687 2675 771 2737 quas
791 2657 937 2740 Josepho
961 2656 1125 2740 assignat,
1155 2655 1344 2722 eonomine

171 2768 282 2833 laudat
301 2768 391 2850 quod
409 2768 475 2834 siut
493 2773 668 2852 deportata,
693 2767 855 2849 armisque
887 2782 1005 2849 partae.
1052 2767 1097 2832 Et
1117 2766 1219 2849 Josua
1237 2765 1248 2800 ³
1267 2786 1343 2832 curu

171 2880 368 2946 Manassitas
387 2901 405 2946 a
424 2901 458 2948 se
478 2879 636 2960 dimittit,
660 2879 780 2963 legitur
801 2879 866 2946 illis
886 2894 916 2945 et
931 2879 1095 2965 praedam
1116 2879 1249 2944 honoris
1267 2899 1343 2964 ergo

170 2993 320 3075 donare,
344 3006 375 3058 et
395 2997 544 3079 pretium
569 2992 678 3058 dicere
701 2996 842 3066 muneri.
888 2991 983 3056 Sicut
1003 3005 1036 3056 et
1059 2989 1173 3071 David
1189 2990 1200 3025 ⁴
1219 3005 1342 3072 partem

171 3106 328 3188 praedae,
363 3125 460 3186 quam
483 3104 524 3169 ad
547 3104 669 3168 amicos
693 3123 792 3183 auos,
822 3103 964 3187 judaeae
996 3121 1147 3184 proceres
1170 3102 1341 3183 mittebat,

171 3217 222 3284 his
247 3217 355 3283 verbis
379 3216 601 3282 commendat:
627 3216 713 3282 Ecce
738 3216 826 3284 robis
854 3214 972 3280 donum
992 3213 1180 3299 depraeder
1200 3216 1341 3282 hortium

171 3330 320 3394 Domini.
356 3328 594 3394 Seneca⁵intet
612 3328 714 3411 prima
733 3326 891 3394 beneficia
909 3342 1077 3408 numerat,
1096 3330 1243 3412 pauperi
1263 3341 1343 3412 rap·

170 3455 223 3506 tas
248 3441 325 3506 belli
335 3443 418 3526 jure
438 3455 507 3525 opes
527 3439 684 3521 tradere,
710 3453 740 3504 et
765 3438 853 3525 quod
871 3453 917 3503 ert
939 3438 1147 3502 militaribus
1168 3443 1253 3507 airis
1275 3455 1342 3526 spe·

170 3557 409 3632 closissimum,
434 3551 569 3620 diuitem
606 3551 701 3616 illum
737 3550 848 3637 spoliis
883 3554 983 3615 etiam
1019 3549 1193 3614 hostilibus
1209 3549 1340 3634 facere.

172 3665 264 3751 Quin
280 3680 312 3730 et
325 3665 408 3730 inter
425 3665 680 3750 jurisconsultos
700 3660 1021 3728 Accursius⁶dicere
1042 3681 1107 3727 non
1128 3676 1177 3726 est
1196 3661 1341 3742 veritus,

170 3777 273 3859 magis
293 3791 440 3844 nostrum
460 3797 553 3857 esse,
578 3776 669 3858 quod
689 3796 727 3840 eo
746 3776 844 3841 modo
865 3775 987 3841 virtute
1007 3788 1117 3838 nostra
1138 3773 1341 3854 quaesitum,

171 3909 268 3971 quam
289 3889 379 3970 quod
392 3910 409 3953 a
421 3889 600 3973 majoribus
615 3887 763 3953 relictum
777 3903 834 3953 est.
860 3886 962 3974 Quod
974 3906 1052 3952 vero
1065 3886 1107 3951 ad
1118 3884 1193 3951 illos
1205 3885 1341 3965 attinet,

172 4001 230 4082 qui
249 4001 378 4082 publice
397 4001 509 4066 haberi
531 4000 679 4083 praedam
703 3998 796 4065 facile
818 3999 953 4078 ferunt,
977 3997 1130 4080 privatim
1153 4017 1219 4063 non
1241 3998 1341 4076 item,
1368 4005 1371 4011 '

206 4284 213 4316 ¹
234 4288 296 4332 Gen.
315 4299 337 4333 c.
357 4299 396 4332 22.
414 4299 451 4333 vs.
473 4299 510 4342 17.
527 4297 551 4332 et
568 4299 590 4333 c.
608 4299 647 4345 24.
664 4299 701 4333 vs.
718 4286 758 4333 60.
784 4283 876 4333 2Gen.
893 4299 915 4334 c.
928 4288 970 4345 48.
989 4286 1014 4332 in
1034 4283 1092 4332 fine.
1118 4282 1170 4331 ³c.
1187 4298 1227 4332 nn.
1250 4283 1340 4331 ⁴Sam.

173 4389 251 4433 1·30·
267 4375 293 4424 in
311 4375 369 4424 fine.
402 4375 463 4424 ‘de
481 4375 564 4424 benef.
584 4377 629 4425 lib.
648 4391 670 4434 3.
687 4391 710 4425 c.
730 4387 769 4434 53.
804 4375 863 4424 ⁶ad
880 4379 897 4424 1.
914 4376 935 4424 si
953 4375 1015 4436 quta
1034 4376 1060 4423 in
1080 4376 1149 4424 bello
1169 4376 1193 4423 ff.
1213 4377 1244 4424 de
1260 4377 1340 4436 capti·

170 4467 469 4529 mmmmm
