3316 5494
462 592 509 637 DE
532 588 626 657 JURE
652 589 837 637 nunaunt.
866 591 947 639 CAP.
972 593 1007 638 Χ.
1257 595 1316 658 137

147 749 259 811 animo
289 747 405 831 utique
435 759 568 825 nostro,
601 759 738 832 corpore
769 745 825 812 vel
855 759 966 810 nostro
997 748 1053 814 vel
1082 748 1206 815 alieno.
1253 747 1320 814 Sed

143 855 283 923 alienum
304 876 424 940 corpus
447 855 491 923 ita
512 855 641 922 demum
662 870 775 922 nostro
799 855 907 922 animo
928 857 968 922 ad
988 856 1204 924 ministerium
1229 873 1318 943 apta·

144 967 257 1048 bitur,
280 967 308 1033 si
333 982 366 1034 et
386 967 490 1050 ipsius
510 967 637 1035 animus
664 967 815 1033 accedat:
838 967 902 1032 hoc
923 982 971 1034 cst
989 967 1017 1034 si
1038 969 1223 1036 mandatum
1246 988 1319 1036 sus·

142 1078 265 1162 ceperit
285 1080 308 1145 ¹.
354 1079 401 1144 Et
432 1078 479 1144 sic
502 1077 748 1162 intelligendum
771 1091 820 1143 est
843 1077 935 1160 quod
957 1078 1077 1146 dicitur
1099 1098 1195 1163 posse
1219 1099 1317 1163 quem

142 1209 202 1272 per
233 1189 354 1271 alium,
388 1189 479 1272 quod
508 1203 618 1273 potest
647 1188 752 1254 facere
783 1209 842 1273 per
864 1209 898 1255 se
922 1189 1029 1272 ipsum
1049 1197 1081 1255 ²:
1116 1206 1148 1256 et
1180 1191 1238 1274 qui
1261 1211 1319 1275 per

142 1301 243 1368 alium
266 1300 364 1383 facit,
386 1301 520 1384 perinde
543 1300 654 1366 haberi
677 1321 713 1366 ac
736 1299 764 1365 si
786 1320 844 1383 per
866 1319 902 1366 se
926 1300 1036 1367 iaciat.
1061 1302 1189 1368 Natura
1213 1303 1318 1385 enim,

143 1432 230 1494 quae
260 1427 326 1478 tam
358 1427 445 1479 arcta
476 1412 631 1479 societate
651 1431 754 1497 genus
774 1412 952 1478 humanum
976 1412 1145 1496 devinxit,
1170 1413 1321 1480 concedit

145 1541 247 1603 sane,
280 1524 373 1606 quod
404 1523 565 1590 interdum
590 1538 622 1588 et
643 1523 858 1590 necessarium
893 1538 943 1589 est
965 1539 1022 1590 aut
1045 1523 1242 1590 infirmitatis
1264 1539 1320 1591 aut

144 1634 310 1701 absentiae
345 1634 556 1716 conditione,
594 1650 632 1701 ut
662 1649 735 1720 agat
767 1621 866 1700 humo
898 1656 957 1719 per
987 1636 1152 1702 hominem
1184 1637 1319 1702 alterum

145 1745 299 1827 quamvis
314 1745 469 1812 liberum.
516 1745 606 1832 Ergo
638 1760 677 1811 ut
698 1744 782 1811 alius
804 1745 901 1812 nobis
923 1761 1058 1828 quaerat
1077 1746 1319 1830 possessionem

145 1856 231 1921 illud
249 1875 350 1922 unum
379 1857 580 1939 requiritur,
604 1871 642 1922 ut
662 1876 792 1941 operam
814 1857 971 1923 duntaxat
991 1877 1081 1923 suam
1100 1857 1323 1924 accommodet

144 1967 262 2034 nobis:
296 1987 379 2049 quae
403 1982 435 2033 et
458 1968 528 2052 ipsa
558 1967 651 2034 Pauli
671 1968 682 2002 ³
702 1969 802 2034 verba
833 1983 920 2035 sunt.
966 1969 1035 2034 Ubi
1068 1983 1174 2036 autem
1197 1983 1322 2034 caetera

145 2079 179 2145 in
199 2079 297 2146 nobis
316 2094 412 2163 sunt,
434 2100 518 2162 quae
539 2079 718 2146 dominium
732 2079 890 2157 efficiunt,
915 2094 946 2145 et
958 2081 1026 2145 sola
1039 2080 1130 2147 deest
1140 2080 1321 2163 possessio,

145 2190 296 2273 quaesita
318 2211 375 2273 per
397 2192 532 2256 alterum
564 2189 772 2274 possessione
804 2190 901 2258 simul
923 2191 1105 2274 proprietas
1129 2190 1321 2274 quaeritur,

146 2316 184 2366 ut
206 2300 336 2386 legibus
358 2301 524 2385 proditum
548 2316 598 2368 est
617 2297 647 2367 ἰ
681 2303 773 2384 quod
795 2303 942 2386 exemplo
963 2302 1009 2368 rei
1033 2302 1185 2368 venditae
1209 2318 1241 2369 et
1263 2305 1322 2368 do·

146 2427 240 2478 natae
273 2413 503 2494 comprobatur
522 2418 554 2477 ⁵:
582 2413 636 2479 cui
660 2431 865 2496 consequens
888 2428 960 2496 est,
984 2412 1042 2479 ubi
1066 2415 1135 2480 sola
1157 2413 1321 2498 possessio

145 2522 326 2589 dominium
345 2522 424 2589 facit
445 2526 549 2590 multo
568 2542 629 2590 nos
645 2523 777 2590 facilius
797 2525 948 2590 dominos
969 2524 1040 2590 fieri
1061 2543 1158 2607 opera
1171 2524 1320 2590 alterius:

147 2635 233 2701 sicut
263 2634 296 2699 in
327 2635 512 2720 Olympicis
540 2634 670 2701 illorum
700 2655 819 2702 nomen
849 2635 1088 2702 inscribebatur
1118 2650 1150 2701 et
1179 2635 1323 2719 praemia

146 2760 261 2827 erant,
293 2746 451 2828 aquibus
479 2746 570 2812 missi
601 2747 766 2814 vicissent.
811 2748 848 2812 In
879 2747 967 2813 hunc
997 2747 1129 2813 modum
1154 2765 1321 2832 aucupes,

146 2857 350 2940 piscatores,
373 2873 564 2938 venatores,
588 2857 819 2943 margaritarii,
842 2877 901 2923 seu
920 2857 1094 2940 conducti,
1119 2877 1177 2924 seu
1196 2856 1322 2923 inducti

147 2969 265 3051 quavis
287 2969 413 3035 ratione
435 2985 473 3035 ut
493 2969 590 3035 nobis
613 2963 743 3053 operam
767 2968 924 3034 duntaxat
943 2988 1034 3034 suam
1048 2983 1186 3049 navent,
1210 2969 1322 3053 (quod

146 3080 314 3146 diversum
339 3094 389 3146 est
411 3081 451 3145 ab
474 3081 560 3146 aleae
582 3081 792 3147 venditione:
826 3080 904 3163 quia
930 3079 992 3146 soli
1012 3094 1200 3146 contractus
1218 3079 1322 3145 domi·

145 3191 237 3258 nium
261 3211 328 3257 non
350 3190 593 3276 transferunt,)
617 3191 709 3274 quod
734 3191 867 3274 capiunt
881 3190 988 3256 statim
1001 3206 1147 3257 nostrum
1160 3190 1288 3258 faciunt
1301 3192 1323 3249 ⁸·

147 3304 223 3370 Hoc
246 3317 354 3368 autem
376 3302 409 3367 in
438 3303 547 3386 operis
571 3302 697 3368 bellicis
719 3322 757 3368 co
781 3303 900 3369 certius
925 3301 1114 3388 colligitur,
1139 3303 1217 3386 quia
1242 3301 1323 3368 istae

147 3415 239 3496 quod
272 3427 434 3497 occupant
461 3428 517 3480 aut
545 3429 583 3480 ut
615 3413 677 3480 sibi
708 3429 890 3496 occupant,
923 3427 980 3479 aut
1008 3429 1046 3480 ut
1066 3414 1095 3479 ei
1119 3414 1178 3497 qui
1201 3415 1321 3480 bellum

147 3525 303 3609 suscepit.
350 3526 395 3590 Et
416 3525 443 3590 si
466 3525 597 3607 quidem
620 3540 657 3590 ut
678 3525 883 3608 susceptori,
907 3524 999 3592 deest
1019 3525 1085 3591 illis
1107 3525 1235 3600 animus
1254 3525 1323 3591 sine

148 3657 215 3719 quo
235 3655 301 3703 non
321 3635 549 3720 possidetur⁷:
573 3636 623 3702 sin
643 3651 681 3702 ut
700 3635 782 3718 sibi,
807 3638 928 3703 nullam
948 3636 1070 3703 habent
1088 3637 1176 3719 ipsae
1195 3657 1322 3704 causam

149 3828 342 3839 ,μ-

186 3944 195 3976 ¹
214 3957 238 3994 c.
255 3958 277 4001 5.
289 3957 313 3994 et
329 3948 360 3995 ad
378 3949 462 3994 conci.
479 3946 501 3994 6.
516 3957 561 3994 ιιι.
578 3959 601 4004 3.
636 3943 646 3979 ²
663 3961 686 3996 c.
703 3958 796 4007 potest.
807 3947 961 4008 etquifaeit.
974 3948 1112 4009 [Decretal.
1123 3947 1272 4002 insertos.
1285 3960 1323 3996 ιι.

154 4049 204 4096 reg.
219 4038 260 4084 68.
277 4048 300 4084 et
318 4035 370 4100 γι]
391 4038 421 4084 V.
439 4050 515 4097 supra
530 4051 552 4085 c.
568 4051 590 4085 2.
607 4038 638 4086 ad
655 4039 672 4085 l.
691 4051 730 4086 10.
765 4037 803 4086 ³1.
820 4052 841 4086 1.
857 4038 882 4086 ff.
900 4040 930 4086 de
947 4052 1002 4097 aeq.
1015 4051 1084 4098 poss.
1100 4041 1121 4096 5.
1136 4051 1182 4098 pet
1197 4049 1323 4098 procurat.

150 4127 193 4187 [D.
208 4140 249 4188 41.
270 4141 292 4174 2.
309 4140 331 4174 1.
347 4131 368 4186 5.
385 4126 437 4191 ια]
463 4125 475 4158 ⁴
492 4129 509 4175 l.
527 4141 573 4188 per
590 4141 718 4188 procurat.
734 4131 763 4176 C.
780 4131 810 4178 de
827 4142 883 4189 acq.
898 4142 967 4190 poss.
985 4129 1028 4192 [C.
1045 4141 1069 4187 7.
1084 4142 1123 4185 ιι.
1135 4129 1169 4190 8.]
1195 4127 1206 4159 ⁸
1224 4130 1241 4176 1.
1253 4141 1322 4176 com-

149 4217 239 4266 munis.
256 4220 278 4275 5.
292 4230 421 4278 procurat.
437 4218 463 4266 ff.
480 4220 511 4267 de
529 4232 581 4280 aeq.
599 4233 667 4280 poss.
687 4221 732 4281 [D.
750 4233 791 4281 41.
806 4235 829 4268 a.
843 4234 884 4281 42.
902 4224 923 4278 5.
934 4201 976 4281 ⁴1.]
995 4222 1013 4267 l.
1029 4219 1142 4268 traditio.
1155 4223 1177 4277 5.
1192 4217 1236 4267 fin.
1250 4218 1276 4266 ff.
1291 4220 1323 4267 de

151 4321 203 4368 acq.
217 4310 286 4356 dom.
307 4308 350 4372 [D.
366 4323 408 4369 41.
430 4323 451 4357 1.
473 4323 513 4358 ιο.
529 4313 551 4369 5.
568 4311 604 4373 2.]
622 4312 639 4358 l.
656 4311 700 4372 qui
715 4311 827 4359 mihin.
844 4313 875 4360 de
892 4313 977 4360 donat.
995 4310 1038 4374 [D.
1053 4323 1092 4372 ³9·
1111 4322 1134 4366 5.
1154 4311 1205 4372 ιιι]
1232 4308 1323 4359 ⁶1.ex

151 4411 226 4447 emto.
247 4399 309 4448 alias
331 4402 494 4450 lentorem.
515 4401 541 4450 in
558 4401 607 4450 line
632 4415 689 4451 cum
715 4404 731 4451 l.
748 4416 801 4463 seq.
820 4404 846 4450 if.
865 4405 895 4452 de
919 4415 969 4452 act.
987 4402 1056 4451 emti.
1076 4402 1120 4464 [D.
1141 4415 1179 4464 19.
1200 4415 1221 4451 1.
1242 4413 1279 4450 ιι.
1298 4411 1322 4448 et

156 4490 203 4551 la]
239 4488 250 4524 ⁷
268 4493 284 4538 l.
305 4505 325 4539 1.
339 4495 361 4550 5.
378 4505 424 4553 per
440 4504 568 4554 procurat.
586 4494 612 4542 tf.
629 4495 661 4543 de
680 4494 733 4554 aeq.
752 4507 823 4554 poss.
840 4493 883 4557 [D.
898 4507 938 4555 4¹·
958 4508 980 4542 a.
999 4508 1019 4543 1.
1037 4497 1058 4552 5.
1075 4493 1128 4554 ao]
