3326 5506
205 895 246 940 Ex
275 897 352 942 caruil.

203 949 224 995 1.
217 963 281 1012 ..cap
286 950 353 997 VlII.

217 1961 341 2032 ln'seor.p

217 2015 250 2060 II.
280 1974 349 2066 amc.

218 2071 245 2114 ΙΙ
247 2069 267 2116 1.

215 3123 256 3166 Ει·
276 3127 346 3192 ιοηςΙ.

215 3178 316 3226 11le
276 3181 345 3226 (reric.

215 3231 264 3278 Ill.
273 3245 299 3294 p.
311 3235 345 3280 II.

368 604 429 665 262
665 623 712 668 oa
736 625 829 690 Juua
856 624 1038 670 nunaunt.
1064 625 1146 673 cau.
1169 625 1232 672 xrr.

367 775 531 858 patiatur,
555 799 573 842 a
605 778 727 860 quovis
759 780 823 845 alio
848 782 919 866 eJ'us
941 780 1144 864 reipublicae
1165 783 1238 848 cive
1262 803 1357 849 suum
1379 783 1472 868 juste
1496 805 1543 850 re-

346 904 509 970 ·.c11peret
554 890 653 956 Unde
675 905 707 956 et
726 891 813 957 illam
836 893 1030 978 collegimus
1051 893 1208 959 firmatam
1232 894 1457 976 Hispanorum
1479 911 1544 962 tes·

365 1001 512 1066 timoniis
544 1002 758 1068 sententiam:
786 1023 923 1087 corpora
955 1005 1089 1086 quidem
1121 1005 1328 1072 subditorum
1358 1027 1426 1072 non
1458 1010 1543 1073 ultra

365 1110 449 1178 laedi
473 1133 586 1195 posse,
608 1134 705 1196 quam
730 1130 893 1198 quatenus
916 1131 1037 1200 suopte
1059 1117 1182 1183 delicto
1204 1133 1368 1184 merentur
1380 1132 1439 1183 aut
1451 1139 1543 1185 exse-

365 1223 530 1290 cutionem
561 1225 768 1309 impediunt,
792 1228 941 1310 praedam
966 1243 1073 1295 autem
1102 1230 1192 1313 juste
1221 1230 1260 1294 ab
1289 1229 1444 1296 omnibus
1474 1231 1542 1313 peti

366 1350 398 1400 et
427 1357 574 1420 semper,
599 1339 768 1420 usquead
798 1359 955 1405 summam
980 1343 1051 1426 ejus
1075 1341 1165 1423 quod
1187 1341 1345 1424 debetur,
1369 1361 1432 1408 nec
1455 1362 1543 1408 mer·

365 1449 530 1516 catoribus
562 1449 731 1534 exceptis,
753 1468 814 1520 nec
841 1454 910 1518 ullo
940 1452 1054 1518 ordine
1087 1453 1329 1534 quantumlibet
1360 1454 1541 1520 innocenti.

365 1559 513 1644 Apparet
551 1562 627 1627 hinc
663 1562 729 1627 illis
761 1563 1022 1646 mercatoribus,
1068 1585 1209 1646 quorum
1241 1581 1309 1632 erat
1342 1585 1477 1631 caracca
1511 1581 1542 1631 et

364 1690 511 1753 merces,
544 1675 665 1741 bellum
701 1690 833 1741 eatenus
865 1675 975 1742 inferri
1009 1676 1181 1759 potuisse,
1215 1691 1253 1740 ut
1283 1675 1370 1740 bona
1401 1675 1541 1758 praedae
1569 1692 1575 1700 “

365 1784 526 1852 cederent.
555 1785 646 1858 Sed
678 1802 710 1852 et
741 1787 924 1870 specialiter
955 1787 1011 1853 hic
1048 1787 1227 1853 notandum
1264 1800 1335 1868 est,
1374 1806 1540 1852 caraccam

217 1907 293 1972 Refer
321 1908 449 1978 adquae
482 1912 576 1981 capta
601 1913 650 1964 est
672 1899 802 1966 venisse
836 1900 1035 1982 Macaunte,
1067 1919 1122 1964 eos
1153 1898 1213 1981 qui
1234 1898 1361 1964 inerant
1379 1897 1539 1963 mercium

343 1996 514 2076 dominos
545 2010 658 2076 eodem
689 2031 729 2077 ex
761 2013 834 2076 loco
865 2011 1043 2090 advectos,
1067 2011 1125 2076 ubi
1147 2011 1273 2076 scilicet
1299 2009 1458 2076 Hollandi
1478 2011 1540 2076 ho·

362 2121 467 2187 mines
495 2119 564 2186 fere
590 2122 711 2208 viginti
743 2123 979 2189 Lusitanorum
1009 2121 1105 2189 furiis
1137 2121 1201 2188 acti
1224 2122 1257 2187 in
1279 2121 1463 2205 patibulum
1481 2136 1541 2186 aut

361 2231 520 2298 fluctibus
548 2233 643 2299 mersi
674 2249 774 2300 erant.
821 2235 908 2322 Quis
931 2235 1023 2301 hos'
1015 2249 1205 2301 rnnocentes
1229 2233 1398 2317 appellet?
1423 2233 1541 2317 Majus

361 2343 451 2409 aliud
471 2344 586 2410 dicam.
632 2345 807 2429 Reperta
799 2366 832 2412 m
856 2346 926 2429 ipsa
947 2367 1030 2412 nave
1051 2346 1247 2413 vestimenta
1266 2361 1299 2410 et
1324 2346 1434 2411 tristes
1456 2365 1540 2410 exu-

360 2455 434 2520 viae
461 2455 726 2522 interfectorum·
759 2479 844 2539 quae
877 2459 925 2523 illi
953 2473 994 2524 ut
1017 2458 1164 2543 egregiae
1187 2457 1358 2542 cujusdam
1377 2455 1539 2522 victoriae

360 2566 504 2650 spolia
496 2587 529 2634 m
558 2569 693 2652 patriam
724 2568 894 2650 ferebant,
918 2570 1017 2636 veriti
1038 2569 1187 2652 scilicet,
1212 2589 1253 2634 ne
1278 2569 1355 2651 quis
1376 2569 1441 2634 nisi
1462 2569 1539 2633 tali·

362 2679 424 2747 bus
445 2679 574 2746 indiciis
602 2700 716 2763 parurn
746 2681 892 2747 crederet
913 2701 1110 2764 quemquam
1133 2681 1213 2746 adeo
1235 2679 1337 2746 fuisse
1359 2679 1537 2746 crudelem.

361 2789 520 2857 Horum
512 2791 614 2877 rgitur
637 2792 757 2875 aliquis
779 2792 1012 2860 miserebitur?
1037 2793 1108 2858 Aut
1119 2811 1185 2858 non
1199 2793 1294 2858 etiam
1309 2792 1377 2856 illis
1391 2791 1538 2875 putanda

361 2918 410 2967 est
442 2902 586 2969 ludibrio
618 2903 732 2970 futura
762 2904 959 2971 Batavorum
989 2905 1142 2985 bonitas,
1167 2904 1226 2986 qui
1249 2903 1394 2970 contenti
1416 2903 1536 2969 damno

360 3029 501 3096 terrere,
525 3015 615 3098 ipsos
639 3015 697 3097 qui
720 3015 797 3081 talia
820 3015 926 3082 facere
947 3031 1082 3099 possent
1103 3016 1197 3082 vivos
1216 3013 1449 3097 reliquerunt?
1471 3014 1538 3081 Sed

360 3141 487 3209 praeter
513 3127 568 3212 jus
600 3129 737 3193 alterum
768 3128 943 3193 terminum
968 3127 1236 3211 praescripsimus
1259 3128 1346 3193 bello
1367 3126 1535 3212 gerendo,

360 3237 466 3304 fidem.
511 3237 608 3303 Nihil
638 3239 692 3304 hic
721 3239 874 3306 hostibus
901 3239 1097 3323 promissum
1120 3254 1190 3321 est,
1215 3259 1283 3321 quo
1306 3257 1373 3303 non
1393 3236 1536 3320 amplius

358 3349 402 3414 sit
420 3348 624 3432 praestitum.
671 3351 714 3415 Ei
737 3350 849 3435 genti,
874 3371 959 3432 quae
980 3349 1149 3417 Batavos
1141 3371 1174 3414 m
1195 3370 1273 3432 pace
1292 3348 1536 3430 trucidaverat,

358 3460 444 3525 bello
467 3460 575 3526 victae
594 3461 663 3527 vita
682 3462 842 3545 promissa
865 3477 898 3528 et
919 3462 1073 3546 praestita
1098 3477 1155 3528 est.
1202 3463 1273 3526 Nec
1291 3460 1360 3526 vita
1383 3475 1535 3540 tantum,

357 3573 416 3638 sed
435 3573 590 3653 libertas,
615 3587 648 3638 et
670 3574 750 3639 haec
772 3572 895 3658 gratis,
915 3593 989 3638 curn
1008 3593 1073 3639 non
1095 3594 1207 3656 parum
1224 3571 1321 3655 pretii
1338 3587 1535 3653 extorquere

357 3684 482 3750 liceret.
529 3684 575 3749 Et
604 3705 645 3750 ne
675 3684 757 3767 quid
778 3705 817 3749 ex
840 3684 1002 3751 beneficio
1023 3684 1167 3768 periret,
1192 3683 1348 3750 Hollandi
1370 3683 1549 3766 praesidio

357 3796 450 3876 dati,
483 3797 540 3878 qui
573 3797 726 3866 dimissos
760 3797 942 3862 Malaccam
977 3796 1187 3862 deducerent.
1248 3796 1356 3861 Tanta
1389 3795 1534 3877 denique

356 3907 493 3973 victoris
521 3907 675 3991 populi
666 3929 699 3972 m
723 3907 830 3974 victos
852 3906 945 3974 fuere
974 3909 1101 3988 officia,
1125 3922 1163 3973 ut
1184 3907 1358 3987 Lusitani,
1383 3907 1443 3988 qui
1466 3907 1533 3973 vir·

355 4033 443 4085 tutes
466 4019 544 4085 istas
566 4040 633 4101 quo
657 4019 766 4085 minus
797 4034 920 4085 norunt
942 4020 1006 4084 hoc
1030 4019 1174 4085 validius
1202 4019 1381 4097 mirantur,
1405 4019 1533 4085 illustre

356 4130 486 4196 Batavis
507 4130 714 4212 praebuerint
726 4130 939 4216 benignitatis
952 4145 984 4196 et
995 4130 1186 4196 nominatim
1200 4129 1277 4196 fidei
1289 4131 1531 4196 testimonium·

355 4242 447 4323 quod
463 4243 575 4308 literae
594 4257 725 4310 senatus
741 4258 773 4308 et
790 4240 944 4326 praefecti
963 4241 1179 4307 Malaccensis
1203 4257 1236 4308 et
1262 4245 1355 4328 eJUS,
1384 4243 1444 4325 qui
1462 4242 1532 4308 vic-

354 4367 405 4417 tae
437 4353 512 4418 navi
541 4352 747 4436 praefuerat,
772 4355 885 4419 libello
903 4368 1016 4420 nostro
1039 4355 1203 4438 subiectae
1225 4354 1418 4436 loquentur.
1463 4355 1532 4420 De-

354 4462 454 4544 nique
473 4485 586 4531 verum
607 4480 655 4531 est
675 4466 766 4548 quod
783 4465 950 4552 Lusitani,
972 4486 989 4529 a
1011 4465 1185 4531 Warwicii
1205 4466 1345 4532 navibus
1366 4465 1526 4550 superati,
