3310 5482
468 563 514 615 on
538 564 632 630 June
656 564 841 616 russone.
867 566 946 614 cnr.
970 565 1009 614 u.
1283 571 1319 620 ιι

147 721 216 788 Hac
249 721 335 787 enim
365 721 408 792 de
439 741 473 788 re
503 735 535 792 et
557 720 679 788 Stoicis
700 737 733 790 et
756 720 929 806 Epicureis
953 737 985 788 et
1000 721 1225 806 Peripateticis
1245 745 1323 794 con·

146 833 257 916 venit3
293 846 334 899 ne
367 833 552 916 Academici
581 833 713 916 quidem
746 834 901 908 videntur
928 835 1103 906 dubitasse.
1149 836 1321 924 Quatenus

147 961 251 1012 autem
287 966 425 1030 corpore
457 959 663 1028 constamus,
688 946 750 1012 alia
773 947 868 1014 nobis
895 968 1032 1032 corpora
1054 950 1244 1017 naturaliter
1265 965 1322 1018 aut

146 1059 297 1142 prodesse
320 1073 483 1142 possunt,
507 1073 565 1126 aut
585 1077 712 1125 nocere.
756 1058 803 1130 Et
825 1059 872 1126 sic
895 1061 947 1126 lex
971 1059 1026 1126 illa
1048 1062 1138 1144 prior
1154 1077 1321 1130 exercetur

145 1171 331 1254 repulsione
353 1169 498 1254 corporis
519 1191 536 1238 a
558 1189 718 1254 corpore,
743 1171 904 1254 posterior
935 1172 1152 1256 applicatione
1174 1174 1319 1258 corporis

146 1283 184 1349 ad
205 1303 340 1366 corpus.
385 1283 452 1352 Cui
471 1282 547 1350 usui
571 1283 645 1350 data
676 1282 896 1352 animantibus
921 1285 1064 1352 membra
1088 1300 1121 1352 et
1148 1285 1244 1354 nobis
1264 1307 1319 1370 pe·

145 1395 199 1460 des
234 1415 271 1460 ac
305 1415 444 1478 manus,
479 1415 562 1478 quae
594 1409 664 1464 tum
693 1394 971 1480 propulsationis,
996 1411 1066 1465 tum
1091 1398 1319 1482 applicationis

145 1506 324 1576 ministerio
348 1506 574 1592 iungerentur.
619 1507 808 1592 Applicatio
827 1529 862 1574 ea
880 1509 944 1574 Dei
960 1508 1135 1578 donatione
1159 1524 1226 1576 est:
1245 1531 1318 1578 nam

146 1619 200 1701 qui
223 1619 445 1686 animantibus
465 1636 504 1688 ut
522 1634 629 1688 essent
649 1620 763 1703 dedit,
787 1620 872 1688 idem
896 1620 986 1688 dedit
1009 1621 1049 1712 ad
1069 1622 1152 1688 hanc
1175 1643 1241 1690 rem
1263 1644 1319 1690 ne·

144 1731 291 1800 cessaria.
338 1731 531 1800 Necessaria
551 1747 658 1801 autem
682 1746 760 1802 sunt
780 1733 842 1800 alia
864 1749 902 1800 ut
925 1732 1006 1818 quid
1026 1732 1094 1816 sit,
1119 1733 1180 1801 alia
1203 1749 1241 1802 ut
1263 1735 1318 1802 cui

145 1843 223 1910 bene
246 1843 310 1911 sit:
335 1843 568 1912 incolumitatis
589 1858 621 1910 et
642 1845 883 1912 commoditatis
903 1845 1010 1912 dicere
1028 1866 1213 1930 possumus.
1239 1846 1319 1914 Om-

146 1955 220 2022 nino
241 1970 350 2022 autem
374 1956 491 2024 viliora
513 1955 782 2040 praestantiorum
807 1957 923 2024 usibus
943 1977 1118 2037 concessa,
1140 1972 1179 2025 ut
1189 1961 1317 2043 plantae

144 2067 328 2150 herbaeque
339 2067 477 2151 bestiis,
501 2069 623 2136 bestiae
647 2083 679 2136 et
691 2089 741 2136 res
758 2069 791 2134 in
809 2069 998 2136 universum
1015 2089 1127 2136 omnes
1143 2071 1316 2154 homini1,

145 2180 252 2263 utqui
276 2180 436 2265 dignitate
455 2181 554 2250 rebus
569 2181 722 2248 omnibus
740 2180 881 2248 conditis
897 2184 1076 2266 praecellat.
1106 2182 1192 2248 Cum
1209 2197 1317 2250 autem

144 2292 234 2358 Deus
257 2293 320 2358 ista
341 2294 486 2360 humano
508 2293 641 2378 generi,
665 2311 731 2360 non
747 2293 937 2362 hominibus
948 2293 1086 2379 singulis
1097 2294 1316 2378 donaverit¹,

144 2423 199 2469 nec
229 2422 336 2472 tamen
357 2405 398 2472 ad
417 2425 499 2471 usus
522 2405 670 2472 converti
692 2405 820 2488 possint
842 2404 905 2472 nisi
928 2405 1080 2488 privatim
1105 2405 1316 2490 occupando,

142 2534 271 2583 necesse
304 2514 371 2582 fuit
405 2537 444 2584 eo
467 2516 611 2584 deveniri
643 2532 681 2582 ut
704 2537 800 2584 suum
831 2517 953 2600 cuique
982 2517 1096 2599 fieret,
1121 2519 1213 2600 quod
1233 2533 1318 2586 esset

145 2630 402 2712 apprehensum,
434 2632 734 2716 clironomian.
786 2629 1011 2714 Apprehensio
1044 2631 1123 2698 haec
1152 2631 1315 2714 possessio
1329 2651 1446 2718 rossan..
1527 2641 1532 2650 '

144 2739 287 2823 dicitur,
313 2740 399 2806 unde
423 2760 502 2808 usus
523 2755 556 2805 et
571 2760 648 2808 mox
671 2740 853 2810 dominium
876 2755 1025 2808 secutum
1049 2758 1099 2808 est
1121 2744 1142 2810 ⁸.
1166 2743 1214 2808 At
1236 2706 1459 2810 veromam»,

144 2873 206 2918 non
238 2853 318 2918 satis
352 2851 590 2918 conservationi
623 2873 759 2936 operum
783 2873 918 2920 suorum
941 2853 1109 2936 provisum
1133 2855 1226 2922 Deus
1248 2875 1315 2922 cre·

145 2964 247 3043 didit,
272 2965 300 3030 si
323 2983 413 3031 suam
438 2964 596 3030 duntaxat
614 2963 870 3032 incolumitatem
894 2964 1015 3047 cuique
1032 2966 1314 3046 commendaretl,

143 3076 203 3144 nisi
238 3092 272 3142 et
303 3096 370 3142 rem
402 3078 532 3142 alteram
564 3075 695 3142 alterius
729 3076 909 3142 commodis
938 3079 1038 3144 vellet
1060 3079 1254 3160 consulere,
1278 3093 1317 3145 ut

143 3204 258 3256 cuncta
292 3189 376 3255 inter
408 3209 442 3254 se
475 3191 568 3256 velut
591 3180 721 3255 aeterno
743 3187 874 3256 foedere
895 3188 1128 3256 consentirent.
1175 3191 1315 3258 Seneca:

144 3301 246 3367 alteri
268 3305 364 3369 airas
377 3314 524 3387 oportet,
537 3305 566 3364 si
589 3304 637 3368 ais
651 3301 713 3366 tibi
725 3304 846 3370 uivere.
871 3302 1004 3384 Duplex
1017 3300 1313 3386 nequeenim,

144 3415 192 3480 sui
216 3429 249 3479 et
265 3412 424 3496 alterius,
449 3433 591 3495 quorum
610 3412 669 3480 ille
690 3413 877 3496 cupidinis,
902 3411 1136 3480 hicamicitiae
1156 3415 1313 3482 diciturl.

145 3526 254 3611 Hujus
273 3540 383 3592 autern
403 3525 512 3608 aliqua
529 3525 623 3592 etiarn
644 3525 677 3592 in
694 3526 792 3592 rebus
804 3524 953 3592 inanimis
966 3525 1090 3608 species
1101 3527 1314 3607 observatur,

145 3637 175 3702 in
198 3637 306 3703 brutis
322 3636 540 3704 animantibus
561 3637 701 3719 clarior,
726 3637 759 3704 in
782 3637 914 3704 homine
937 3657 1015 3706 vero
1033 3637 1313 3721 luculentissima,

144 3765 179 3815 ut
201 3749 255 3815 cui
277 3763 403 3832 praeter
422 3768 610 3816 communes
634 3769 707 3815 cum
731 3748 866 3814 caeteris
889 3748 1077 3816 affectiones
1108 3749 1314 3833 peculiariter

143 3881 292 3928 concessa
314 3860 357 3927 sit
378 3860 460 3926 ratio
482 3859 537 3926 illa
557 3860 763 3945 imperatrix:
788 3860 842 3926 cui
866 3859 991 3927 scilicet
1003 3862 1042 3926 ab
1056 3859 1127 3945 ipso
1140 3862 1213 3928 Deo
1225 3861 1312 3945 prin·

140 4061 330 4088 ...ψη-Δ-

174 4215 422 4266 ¹Gen.1.inflne.
459 4217 514 4266 Cic.
530 4220 561 4266 de
579 4217 697 4266 offilx.
719 4215 753 4280 [c.
768 4213 893 4279 4.§11.]
908 4217 925 4266 l.
939 4215 965 4264 ia
982 4217 1118 4278 pecudxun.
1132 4217 1310 4269 ffideusuris.

144 4306 185 4370 [D.
200 4321 239 4357 aa.
260 4322 281 4358 ι.
298 4307 350 4372 28.]
368 4308 436 4360 Arist
461 4311 494 4358 de
507 4323 561 4370 rep.
579 4311 596 4358 1.
618 4322 639 4358 r.
658 4310 712 4357 αθ.
725 4305 761 4371 [p.
784 4307 856 4362 1256.
872 4319 893 4356 a.
911 4306 1013 4372 vs.16.]
1050 4306 1060 4339 ²
1078 4308 1133 4356 Cic.
1149 4311 1180 4357 de
1195 4311 1242 4369 leg.
1255 4311 1271 4358 l.
1290 4324 1309 4358 1.

144 4397 178 4462 [c.
193 4402 215 4447 8.
231 4400 243 4462 5
259 4399 313 4463 as.]
350 4397 361 4432 ⁸
377 4402 395 4450 1.
412 4401 458 4460 1.§
479 4414 499 4449 1.
515 4399 540 4448 ff.
558 4401 590 4450 de
605 4412 660 4460 aeq.
675 4411 745 4458 poss.
763 4397 806 4462 [D.
824 4411 865 4459 41.
885 4398 920 4460 c.]
940 4397 1005 4448 Vide
1023 4398 1088 4448 infra
1100 4413 1122 4448 c.
1134 4400 1311 4462 raadprobl.

145 4501 180 4552 1³·
214 4490 225 4521 ⁴
242 4491 314 4538 Plato
326 4491 382 4552 Lys.
400 4489 436 4560 [p.
455 4504 511 4550 207.
531 4490 566 4564 c.]
604 4489 614 4522 ⁶
632 4491 722 4538 Thom.
740 4503 759 4538 1.
781 4503 803 4538 a.
819 4503 843 4554 q.
861 4490 901 4537 26.
919 4501 963 4537 art.
981 4503 1006 4556 4.
