3362 5504
348 587 408 666 308
624 601 695 669 xun
719 601 813 666 June
839 598 1022 645 susanna.
1048 599 1128 644 cnr.
1152 600 1226 646 x1v.

344 759 435 824 velut
456 754 667 822 clandestinis
691 754 885 820 excursibus
908 753 1062 818 hostilem
1087 754 1327 837 possessionem
1351 754 1518 838 irrepunt,

343 867 405 932 alia
424 887 502 934 vero
522 867 684 933 exercitus
704 881 759 932 aut
779 865 892 932 classis
910 865 1031 944 totius,
1056 886 1140 946 quae
1160 868 1264 949 palam
1286 887 1355 934 sese
1376 881 1520 932 ostentat

345 979 483 1064 figitque
513 980 604 1065 signa
637 994 670 1044 et
703 997 845 1064 pugnarn
881 992 937 1043 aut
970 977 1086 1060 incipit
1118 980 1227 1060 ultro,
1262 993 1319 1044 aut
1348 993 1519 1062 provocat.

345 1091 431 1156 Nam
459 1092 510 1156 his
543 1106 599 1156 aut
631 1091 728 1158 venia
759 1090 786 1155 si
818 1104 947 1169 errent,
972 1103 1028 1154 aut
1048 1089 1076 1155 si
1093 1090 1214 1173 justam
1236 1111 1363 1156 causam
1386 1089 1522 1156 foveant

345 1203 447 1287 gloria
464 1204 620 1281 debetur,
645 1203 702 1285 qui
723 1203 845 1268 bellum
865 1202 1167 1284 quomodocunque
1187 1201 1321 1268 student
1339 1202 1520 1268 conficere:

344 1315 392 1381 illi
414 1336 491 1383 vero
512 1315 658 1381 omniurn
681 1315 755 1380 odia
778 1315 966 1394 incurrunt,
992 1313 1049 1396 qui
1073 1313 1197 1379 imbelli
1218 1315 1351 1380 audacia
1370 1315 1521 1398 publicas

344 1428 541 1494 calamitates
571 1428 718 1512 privatos
748 1427 781 1491 in
818 1443 974 1509 quaestus
998 1428 1215 1510 protrahunt,
1251 1428 1343 1509 quod
1364 1447 1431 1493 non
1450 1442 1522 1494 tan·

344 1555 414 1606 tutu
445 1540 591 1625 justitiae
620 1541 791 1606 adversum
821 1539 974 1619 videtur,
1002 1539 1059 1604 sed
1086 1554 1118 1603 et
1149 1537 1362 1620 fortitudini,
1390 1541 1431 1605 de
1455 1560 1521 1622 qua

344 1652 468 1718 virtute
497 1652 581 1718 inter
605 1652 769 1737 legitimos
798 1652 907 1716 hostes
929 1651 1148 1716 contenditur.
1196 1651 1286 1717 Haec
1305 1652 1335 1716 si
1359 1652 1400 1717 ad
1428 1652 1521 1740 insti-

346 1779 456 1829 tutum
480 1780 628 1832 nostrum
654 1763 884 1844 conferamus,
908 1762 1054 1845 repetitis
1080 1745 1163 1845 quae
1185 1779 1259 1830 ante
1279 1779 1405 1829 narrata
1423 1779 1521 1844 sunt,

344 1876 553 1959 perspicuum
584 1877 640 1942 liet
673 1876 852 1942 Lusitanos
885 1889 1101 1940 mercatorum
1136 1875 1243 1958 specie
1272 1897 1337 1942 non
1362 1878 1521 1960 procula

344 1988 460 2071 piratis
477 1988 654 2055 discedere.
680 1988 715 2053 Si
734 1988 818 2053 enim
838 1988 901 2053 hoc
917 2006 1036 2052 nomen
1056 1987 1122 2052 illis
1144 1988 1320 2068 convenit,
1346 1988 1404 2071 qui
1422 1988 1521 2053 maria

346 2101 501 2166 obsident
530 2115 561 2165 et
592 2100 736 2184 gentium
768 2099 960 2165 commercia
980 2097 1156 2180 infestant,
1181 2120 1220 2164 an
1244 2119 1310 2165 non
1331 2099 1465 2166 venient
1487 2100 1518 2164 in

345 2215 433 2278 huuc
463 2232 634 2277 numerum
669 2212 750 2294 qui,
776 2232 849 2277 cutn
874 2231 986 2277 omnes
1015 2213 1157 2294 populos
1180 2211 1397 2294 Europaeos,
1423 2213 1518 2278 etiarn

345 2324 379 2388 in
410 2343 495 2406 quos
526 2325 632 2389 nullas
655 2324 732 2388 belli
756 2344 870 2390 causas
890 2324 1035 2404 habent,
1056 2302 1182 2389 'oceano
1203 2337 1236 2388 et
1254 2323 1364 2388 Indiae
1388 2343 1520 2390 accessu

345 2457 403 2518 per
428 2436 494 2502 vim
517 2451 669 2516 arceant,
694 2435 778 2501 inter
801 2434 1038 2502 diversissimos
1060 2450 1159 2517 atque
1181 2435 1265 2502 inter
1285 2456 1319 2500 se
1340 2436 1520 2502 contrarios

346 2549 494 2627 colores,
521 2568 605 2628 quos
628 2547 706 2613 huic
735 2546 857 2612 feritati
881 2547 1087 2628 obtendunt,
1112 2567 1152 2613 ne
1184 2568 1284 2613 unum
1318 2547 1452 2630 quidem
1471 2569 1519 2613 re·

345 2659 499 2741 periunt,
525 2679 622 2741 quem
655 2658 865 2741 aequioribus
888 2659 975 2742 apud
1005 2679 1038 2723 se
1060 2660 1249 2725 hominibus
1271 2661 1441 2743 potuerint
1464 2681 1520 2744 ap-

344 2772 510 2853 probare?
546 2772 632 2837 Cum
657 2772 758 2856 igitur
782 2771 815 2836 id
840 2791 943 2856 genus
967 2771 1137 2852 homines,
1162 2786 1200 2836 ut
1223 2771 1257 2836 in
1287 2791 1382 2838 omne
1404 2773 1519 2836 huma-

345 2903 423 2949 num
457 2903 559 2968 genus
590 2883 794 2968 injuriosos,
829 2899 1021 2994 cuugtorum
1055 2902 1226 2949 commune
1258 2883 1371 2949 odium
1405 2885 1519 2949 mereri

344 2995 523 3076 antiquitas
545 3016 672 3078 semper
692 2995 871 3080 judicarit3
899 3016 939 3061 ne
963 3015 1049 3062 nunc
1077 2996 1209 3078 quidem
1234 2995 1322 3076 sint,
1347 2995 1410 3063 nisi
1435 2996 1519 3062 forte

344 3106 556 3190 paucissimi,
582 3108 639 3189 qui
664 3107 844 3172 Lusitanos
867 3107 963 3172 istius
987 3106 1133 3172 criminis
1154 3107 1347 3189 absolvant,
1371 3109 1520 3189 quidest

345 3219 436 3300 quod
468 3239 506 3284 ex
540 3219 671 3285 illorum
704 3220 816 3302 paenis
850 3219 961 3285 timeat
996 3219 1115 3302 aliquis
1138 3220 1298 3285 sustinere
1331 3220 1517 3288 iuvidiam?

345 3331 439 3398 Sicut
472 3332 571 3416 igitur
604 3333 747 3414 viatori,
781 3353 877 3415 quem
910 3334 993 3399 latro
1027 3333 1061 3397 in
1089 3332 1204 3398 itinere
1229 3333 1361 3398 adortus
1394 3349 1466 3414 est,
1493 3333 1520 3398 si

345 3463 417 3508 eum
441 3465 501 3526 pro
525 3445 640 3510 merito
663 3444 793 3511 fortiter
816 3445 980 3527 excipiat,
1005 3465 1100 3511 nemo
1124 3460 1172 3510 est
1196 3445 1254 3527 qui
1279 3445 1313 3511 id
1336 3445 1420 3511 vitio
1445 3466 1520 3511 ver·

345 3570 413 3637 tat,
449 3557 493 3621 ita
516 3558 753 3625 mercatoribus
776 3557 985 3623 inhonestum
1016 3577 1085 3625 esse
1116 3577 1182 3622 non
1213 3571 1344 3640 potest,
1370 3558 1464 3639 quod
1487 3559 1521 3622 in

342 3668 426 3753 juris
445 3669 569 3751 publici
592 3670 769 3736 violatores
793 3670 955 3754 condigne
976 3669 1168 3749 vindicant,
1186 3690 1253 3752 quo
1265 3669 1403 3751 posthac
1415 3669 1521 3734 tutius

346 3781 459 3845 eodem
489 3782 561 3865 jure
585 3781 746 3846 fruantur.
793 3782 915 3864 Neque
938 3782 1001 3846 hoc
1025 3782 1128 3866 magis
1150 3795 1275 3864 pugnat
1298 3801 1371 3846 cum
1394 3781 1520 3846 ratione

344 3891 432 3956 vitae
465 3887 701 3972 mercatoriae,
728 3913 824 3973 quam
846 3893 881 3958 id
905 3894 996 3976 quod
1018 3893 1175 3978 agricolas
1199 3913 1293 3975 saepe
1323 3893 1405 3959 locis
1435 3893 1520 3976 peri-

346 4004 469 4069 culosis
500 4003 664 4070 factitasse
700 4003 937 4090 intelligimus,
976 4021 1012 4070 ut
1040 4005 1148 4090 gladio
1180 4005 1340 4071 succincti
1377 4021 1518 4072 aratrum

346 4130 533 4181 tractarent.
582 4115 700 4200 Neque
725 4120 809 4180 enim
833 4131 880 4181 est
904 4115 1145 4196 interdictum,
1170 4131 1207 4182 ut
1230 4117 1318 4200 apud
1340 4116 1517 4182 Tulliu1n¹

347 4227 527 4309 discimuS,
552 4241 613 4292 aut
638 4251 658 4292 a
683 4249 796 4293 rerum
819 4242 948 4294 nutura
972 4243 1034 4294 aut
1058 4251 1079 4294 a
1103 4229 1172 4316 lege
1194 4229 1313 4314 aliqua
1333 4243 1435 4314 atque
1453 4251 1518 4294 mo-

384 4461 390 4492 ¹
408 4463 439 4510 de
458 4474 521 4510 orat.
539 4463 584 4510 lib.
605 4477 626 4511 1.
642 4462 680 4527 [c.
694 4479 736 4526 49.
755 4463 863 4529 §.215.]
