3362 5504
474 595 521 640 un
544 596 638 662 Junn
666 595 848 642 aurnuns.
874 596 955 644 cnr.
981 596 1046 643 x11.
1278 587 1342 665 265

164 751 276 835 Joram
310 753 416 836 legat:
450 772 591 833 quorum
623 771 720 833 opera
751 751 819 837 regi
840 765 1069 834 excusaretur,
1093 752 1179 819 mitti
1199 754 1340 839 aliquem

168 863 209 928 ad
241 883 275 927 se
303 883 376 928 cum
407 863 559 930 mandato
589 881 725 949 rogans,
750 863 803 930 cui
836 863 984 946 quinque
1007 863 1077 930 auri
1101 863 1234 949 Catias,
1259 887 1341 950 quas

166 974 258 1056 dixi,
282 976 491 1058 persolveret.
516 975 590 1040 Rex
610 990 718 1041 autem
738 975 925 1058 respondet:
949 976 1055 1041 Nihil
1064 997 1095 1042 sc
1107 981 1143 1042 in
1160 978 1228 1063 ejus
1242 979 1340 1063 facto

165 1089 347 1169 invenircj
379 1087 467 1172 quod
499 1091 658 1152 excusari
691 1086 849 1154 deberat..
893 1087 986 1153 Satis
1020 1091 1104 1153 anim
1139 1102 1339 1175 compartum

166 1197 352 1264 Hollandos
375 1220 413 1263 aa
436 1219 501 1263 assa
523 1202 734 1279 innocentia,
761 1211 800 1263 at
821 1202 945 1264 nemini
960 1214 1084 1284 pacato
1107 1204 1251 1266 nocitum
1273 1202 1341 1268 rel-

167 1309 236 1373 lont
249 1331 261 1374 :
286 1323 454 1374 caeterum
477 1309 654 1377 uindicare
677 1331 708 1374 se
728 1309 769 1374 ab
790 1310 865 1390 his,
890 1314 950 1396 qui
966 1315 1100 1397 priores
1113 1311 1272 1396 fecissent
1284 1316 1338 1378 in·

155 1421 318 1505 suriam,
343 1442 406 1486 non
429 1420 520 1486 modo
543 1435 645 1486 extra
668 1421 823 1506 culpam,
847 1421 905 1487 red
923 1422 1201 1508 ubiquagantium
1215 1423 1338 1490 lauda-

87 1584 91 1592 .
166 1531 242 1600 bila.
290 1529 387 1616 Quod
406 1537 512 1620 ipsam
537 1537 567 1598 si
588 1555 660 1598 cum
685 1555 742 1598 suo
766 1546 827 1597 aut
850 1553 985 1621 suorum
1006 1533 1151 1618 alicujus
1171 1533 1340 1621 dispendio

158 1643 309 1730 fortuna
332 1644 410 1710 balli
432 1645 588 1713 voluisset
610 1648 822 1732 contingere,
847 1666 911 1708 non
934 1665 998 1710 csse
1020 1665 1083 1708 cur
1105 1647 1163 1710 hoc
1184 1649 1336 1731 iniquius

158 1756 287 1841 ferret.
335 1756 408 1822 Sibi
425 1773 490 1844 pro
514 1760 602 1821 omni
618 1745 831 1821 restitutione
844 1755 945 1820 solam
960 1755 1206 1822 Hollandoram
1219 1761 1337 1822 amici·

166 1871 250 1933 tiam
275 1868 404 1935 abunde
427 1866 654 1955 suffecturam.
685 1868 771 1944 Cum
792 1867 909 1933 deinde
927 1867 1038 1951 Joram
1051 1868 1090 1932 ad
1102 1869 1339 1954 negotiandum

168 1979 424 2046 Hemskerckius
456 1979 625 2061 venisset,
655 1979 713 2045 vix
742 1999 853 2064 arege
885 1977 1100 2062 supplicando
1130 1979 1339 2063 impetravit,

168 2106 206 2157 ut
234 2092 390 2177 magistro
426 2093 576 2159 detentae
596 2091 713 2175 navis,
738 2092 907 2157 Rasaduta
927 2091 1129 2171 vocabatur,
1151 2090 1340 2158 satisfacere

168 2223 202 2269 se
231 2203 447 2287 permitteret.
494 2206 541 2270 Ita
561 2225 621 2288 pro
643 2203 713 2270 auri
737 2203 842 2269 Catiis
864 2202 1012 2285 quinque
1032 2203 1160 2269 volenti
1181 2203 1340 2286 persolvit

167 2314 256 2381 mille
277 2315 437 2382 ducentos
460 2317 601 2400 regales‚
629 2315 689 2380 etsi
714 2335 836 2382 merces
852 2313 910 2379 vix
931 2313 1157 2399 septingentos
1172 2314 1338 2380 valebant.

167 2426 261 2514 Quid
287 2426 342 2493 hic
369 2425 462 2510 prius
483 2427 635 2494 mireris?
661 2427 763 2514 Quod
783 2425 924 2510 pretium
944 2445 1003 2508 pro
1022 2425 1212 2492 hominibus
1229 2446 1340 2509 perso-

168 2539 274 2603 lutum
298 2552 370 2619 est,
395 2538 453 2622 qui
475 2539 567 2607 nullo
586 2539 680 2622 jure,
704 2539 794 2604 nulla
815 2537 880 2603 lide
903 2538 989 2620 capti
1011 2536 1126 2601 erant?
1153 2537 1256 2623 Quod
1266 2537 1339 2603 Indi

167 2646 317 2730 dimissi,
352 2668 425 2713 cum
457 2648 496 2713 ab
520 2647 609 2720 lndis
640 2646 752 2713 Batavi
776 2647 988 2713 tenerentur?
1031 2646 1133 2733 Quod
1155 2648 1222 2731 regi
1242 2648 1340 2733 Jorae

167 2779 202 2824 se
235 2759 305 2842 ipse
330 2758 586 2826 Hemslrerckius
616 2758 800 2825 indicavit?
825 2757 927 2845 Quod
958 2757 1064 2823 oravit
1087 2757 1213 2823 etiam?
1237 2760 1339 2846 Quod

166 2873 243 2954 plus
264 2892 361 2953 quam
383 2871 539 2937 debuerat
563 2870 689 2951 solvit,
714 2891 787 2937 cum
810 2884 921 2953 posset
942 2869 1075 2936 omnino
1093 2890 1160 2936 non
1184 2871 1337 2937 solvere?

167 2983 252 3048 Tam
274 2983 417 3049 liberalis
439 3003 534 3048 nemo
555 2982 729 3066 praedator
750 2996 808 3048 est.
853 2981 964 3068 Quare
996 3001 1069 3046 cum
1101 2981 1195 3049 etiam
1217 2982 1244 3050 si
1263 2983 1340 3049 talia

168 3096 316 3162 deessent
350 3095 491 3176 indicia,
517 3094 550 3160 in
574 3093 661 3160 facto
686 3094 788 3159 dubio
809 3092 959 3159 facienda
980 3092 1023 3158 sit
1043 3093 1216 3178 benignior
1239 3094 1338 3160 inter·

166 3207 330 3290 pretati0‚
353 3208 432 3273 haec
456 3205 628 3290 cogitanda
650 3220 699 3272 est
721 3225 809 3271 mens
840 3203 960 3283 fuisse,
984 3204 1038 3270 hic
1059 3205 1184 3272 animus
1202 3206 1339 3272 vincen-

169 3311 486 3400 tibusLusitanos,
521 3333 559 3384 ut
590 3318 648 3399 qui
682 3317 849 3383 beneficiis
873 3316 1015 3402 mitigari
1045 3337 1111 3383 non
1141 3333 1337 3402 potuerant,

167 3423 292 3496 damnis
325 3432 438 3496 saltem
462 3430 636 3495 mutandos
660 3429 699 3494 ad
724 3448 830 3496 mores
854 3444 1067 3513 cogerentur:
1091 3429 1177 3496 sicut
1198 3431 1339 3496 Ambro-

167 3543 234 3609 sius
268 3541 353 3607 dixit
377 3549 385 3581 ¹
412 3541 609 3624 eripiendam
640 3540 693 3606 his
724 3541 937 3606 latrocinandi
970 3539 1181 3623 facultatem,
1217 3543 1338 3624 quibus

167 3656 320 3720 voluntas
342 3653 424 3735 eripi
446 3673 514 3718 non
536 3653 658 3736 potuit.
702 3654 818 3735 Atque
842 3651 966 3718 utinam
989 3671 1079 3718 nunc
1100 3654 1213 3719 saltem
1236 3654 1338 3737 depo·

166 3787 242 3831 nere
267 3780 401 3847 possent
428 3765 515 3830 illam
545 3763 729 3844 feritatem,
752 3764 921 3829 admittere
953 3764 1086 3829 humani
1111 3765 1236 3848 generis
1259 3787 1337 3832 con·

165 3878 303 3944 sortium
327 3892 358 3941 et
375 3892 495 3942 certare
516 3891 640 3941 tantum
658 3875 826 3942 licitando.
854 3875 959 3941 Parati
972 3890 1048 3942 sunt
1061 3876 1173 3942 Batavi
1186 3877 1337 3945 omittere

165 3989 241 4055 odia
274 4005 305 4054 et
328 4008 455 4054 omnem
487 3989 574 4053 illam
599 3986 780 4053 facinorum
813 3987 999 4053 memoriam
1032 4002 1063 4052 ct
1092 3988 1236 4075 egregias
1259 3988 1337 4055 belli

163 4101 307 4167 feliciter
337 4100 468 4185 gerendi
501 4100 697 4167 occasiones.
745 4098 873 4165 Sufficit
904 4099 969 4164 illis
1001 4101 1152 4181 luctum,
1186 4100 1275 4181 quod
1297 4122 1336 4166 ex

198 4361 206 4392 ¹
226 4365 304 4410 serm.
324 4365 346 4410 8.
369 4362 395 4410 in
418 4364 457 4411 Ps.
483 4365 537 4410 118.
562 4375 601 4411 vs.
625 4375 647 4410 a.
665 4363 696 4410 Et
712 4372 749 4410 est
764 4361 789 4410 in
807 4374 830 4409 c.
847 4372 884 4409 est
903 4358 1005 4417 injusta.
1024 4358 1111 4423 [Dect.
1128 4363 1196 4409 Grat.
1211 4375 1237 4422 p.
1254 4375 1277 4410 a.
1295 4375 1336 4420 23.

164 4467 188 4514 4·
210 4454 262 4515 aa]
