3316 5494
351 612 412 662 110
644 614 691 666 DE
714 615 807 684 Junls
833 615 1019 664 PRAEDAE.
1044 615 1127 664 CAP.
1151 614 1235 664 vul.

347 768 496 854 captivos
526 770 747 839 Athenienses
778 769 866 854 apud
895 769 1045 836 Siculum
1066 779 1074 815 ¹
1095 770 1135 835 ab
1156 769 1234 853 his,
1263 769 1321 852 qui
1340 768 1465 836 malitia
1489 784 1524 836 et

346 881 526 965 cupiditate
557 901 616 950 sua
647 882 681 950 in
704 882 812 950 clades
834 881 1021 950 inciderunt
1042 879 1165 948 frustra
1187 879 1350 948 fortunam
1374 881 1522 948 accusari

347 992 451 1074 dicit,
481 992 667 1076 frustraque
701 993 843 1060 affectari
877 992 1064 1077 supplicum
1098 1012 1226 1060 nomen.
1272 992 1400 1060 Servari
1432 993 1521 1058 enirn

346 1104 408 1172 ista
439 1105 600 1188 praesidia
629 1104 842 1184 hominibus,
875 1124 1017 1186 quorum
1047 1124 1122 1171 cum
1154 1124 1258 1188 purus
1283 1119 1369 1171 esset
1391 1102 1522 1172 animus

347 1217 417 1284 sola
439 1214 573 1282 fortuna
594 1215 754 1299 peccavit.
800 1216 888 1282 Nam
911 1215 970 1299 qui
993 1215 1090 1283 istius
1121 1231 1229 1284 essent
1254 1215 1341 1300 juris
1369 1229 1520 1284 auctores

344 1323 530 1396 infelicibus
547 1325 822 1409 misericordiam,
846 1347 902 1411 per
931 1326 1125 1412 injustitiam
1144 1325 1412 1410 delinquentibus
1438 1345 1521 1410 poe-

345 1457 419 1506 nam
440 1437 663 1533 proposuisse.
708 1437 837 1504 Deinde
857 1437 1042 1506 concludit:
1066 1440 1160 1523 διόπερ
1178 1440 1450 1522 dominabimur
1467 1439 1521 1507 xl

344 1569 434 1633 λεμνν
448 1551 543 1620 ἄδικον
558 1554 699 1636 εὐψύχως
715 1552 909 1634 ὑπομενόντων
926 1553 969 1620 τὰ
985 1553 1087 1620 τούτου
1106 1552 1194 1619 δειναὶ.
1219 1546 1335 1633 Quare
1356 1569 1429 1614 cum
1453 1548 1521 1615 hel-

345 1660 415 1727 lum
439 1662 601 1747 injustum
624 1674 739 1746 sponte
766 1663 972 1746 inceperint,
996 1660 1137 1746 ejusdem
1163 1661 1358 1745 infortunia
1370 1659 1520 1744 fortiter

338 1771 476 1855 serant.
499 1772 728 1856 Eumdemque
740 1771 773 1838 in
793 1791 925 1839 sensum
945 1771 1151 1840 Themistius
1171 1767 1182 1804 ¹
1201 1771 1312 1838 deberi
1330 1771 1411 1838 dicit
1429 1772 1520 1838 casui

345 1881 498 1965 veniam,
530 1883 631 1950 errori
661 1882 929 1967 castigationem,
960 1883 1128 1966 iniquitati
1157 1903 1306 1968 poenam.
1349 1884 1388 1950 ln
1419 1883 1519 1950 tertio

345 2009 454 2062 autem
478 2013 594 2080 genere
618 2015 674 2062 eos
695 1994 814 2079 ponit,
844 1994 903 2077 qui
925 1995 1113 2062 rebellionis
1132 1996 1269 2062 fuerunt
1290 2010 1461 2076 auctores,
1485 1994 1520 2062 in

345 2105 514 2188 secundo,
548 2105 607 2188 qui
639 2106 763 2190 impetu
795 2106 938 2188 quodam
957 2106 1036 2174 belli
1057 2107 1183 2191 abrepti
1213 2121 1311 2189 sunt,
1335 2105 1519 2190 imprimo,

346 2217 405 2300 qui
428 2216 513 2300 parti
540 2232 610 2284 tum
638 2216 723 2285 forte
754 2216 908 2285 validiori
938 2220 1193 2286 succubuerunt.
1238 2218 1334 2286 Sicut
1353 2219 1394 2285 de
1413 2218 1520 2285 Athe·

345 2327 514 2396 niensibus
553 2327 635 2396 dicit
672 2330 845 2414 Velleius,
893 2347 949 2395 eos
988 2329 1196 2396 Mithridatis
1232 2330 1437 2414 temporibus
1478 2330 1518 2396 ab

345 2439 487 2508 inimicis
519 2459 715 2524 oppressos,
757 2454 964 2525 oppugnatos
996 2442 1036 2507 ab
1068 2441 1179 2508 amicis
1216 2456 1248 2508 et
1276 2441 1402 2508 animos
1430 2456 1519 2508 extra

345 2551 495 2634 moenia,
525 2571 659 2635 corpora
684 2552 872 2620 necessitati
898 2553 1077 2620 servientes
1105 2553 1190 2621 intra
1219 2571 1331 2620 muros
1348 2552 1516 2620 habuisse.

346 2661 424 2750 Quo
445 2665 593 2748 exemplo
616 2664 747 2748 probari
767 2679 878 2748 potest
897 2664 1028 2732 illorum
1050 2663 1241 2746 distinctio,
1264 2663 1323 2746 qui
1346 2664 1427 2731 alios
1449 2685 1519 2734 esse

344 2776 459 2842 lrostes
486 2774 627 2856 dicunt,
658 2775 740 2842 alios
770 2775 857 2859 apud
887 2777 1009 2844 hostes.
1055 2776 1110 2842 Ad
1140 2777 1230 2842 hunc
1262 2775 1363 2862 igitur
1385 2776 1517 2843 modum

344 2886 452 2954 victor
471 2887 593 2973 judicis
622 2903 740 2954 nactus
760 2901 954 2971 potestatem
975 2887 1290 2955 animadversionem
1311 2887 1516 2972 temperabit.

345 2997 391 3066 Et
421 2999 461 3066 de
490 3019 627 3085 corpore
658 3000 828 3067 hactenus.
873 2999 932 3065 Ad
963 2999 1049 3066 bona
1068 3019 1148 3066 vero
1171 2999 1262 3081 quod
1281 2999 1420 3082 attinet,
1444 3019 1517 3066 cum

344 3109 423 3178 satis
455 3111 533 3178 alibi
552 3112 564 3149 ⁸
583 3110 627 3178 sit
654 3110 852 3195 explicatum
885 3109 966 3194 eripi
999 3131 1036 3176 ea
1068 3130 1165 3194 posse
1198 3110 1239 3178 ad
1259 3112 1517 3195 propulsandum

344 3223 550 3306 periculum,
583 3221 675 3305 quod
700 3221 788 3288 vitae
818 3236 875 3288 aut
903 3222 1002 3290 rebus
1034 3221 1203 3304 imminet,
1228 3222 1353 3305 acquiri
1376 3242 1456 3289 vero
1480 3242 1518 3288 ex

344 3353 440 3400 causa
472 3332 597 3415 debiti,
632 3351 773 3415 quorum
806 3332 889 3399 illud
917 3353 957 3400 ex
985 3332 1081 3418 primi
1116 3332 1262 3417 ordinis,
1285 3334 1350 3402 hoc
1370 3353 1410 3400 ex
1430 3332 1517 3400 tertii

344 3443 473 3531 legibus
504 3442 697 3526 descendit,
728 3442 813 3526 quid
844 3443 898 3510 hic
930 3444 964 3510 in
996 3444 1138 3514 subditis
1169 3443 1271 3512 statui
1305 3445 1421 3512 debeat
1442 3444 1517 3514 visu

343 3575 410 3624 non
434 3569 483 3623 est
504 3554 648 3624 difficile.
674 3555 834 3623 Subditos
856 3556 963 3637 enim,
986 3571 1148 3639 quatenus
1169 3557 1223 3641 jus
1245 3570 1395 3624 nostrum
1419 3557 1515 3622 etiam

344 3668 536 3736 innocentes
567 3665 774 3749 impediunt,
807 3668 895 3734 bello
928 3668 1047 3754 subjici
1076 3683 1149 3736 ante
1170 3666 1182 3704 ⁴
1201 3666 1326 3734 dictum
1350 3682 1411 3736 est.
1456 3668 1516 3735 Fa-

341 3777 521 3846 cultatibus
553 3791 660 3845 autem
692 3776 762 3846 suis
793 3776 978 3862 impediunt
1009 3799 1069 3846 nos
1092 3799 1225 3862 omnes,
1250 3778 1347 3848 etiarn
1370 3778 1431 3862 qui
1454 3779 1516 3864 ipsi

343 3911 411 3959 non
440 3889 583 3956 militant
599 3889 636 3972 ⁸,
663 3910 738 3956 cum
761 3889 886 3956 tributa
908 3888 1101 3973 conserunt,
1133 3891 1255 3974 quibus
1278 3909 1315 3958 ea
1336 3905 1517 3976 parantur,

344 4022 428 4086 quae
460 4020 523 4069 nos
554 3997 587 4068 in
618 4002 706 4068 vitae
728 4001 896 4070 adducunt
918 4001 1091 4070 discrimen
1123 4022 1231 4087 neque
1253 4018 1380 4070 tantum
1407 4017 1519 4070 vetant

343 4129 454 4182 nostra
483 4133 696 4196 recuperare,
729 4114 786 4180 sed
809 4133 895 4181 nova
918 4113 1052 4197 insuper
1073 4131 1197 4200 cogunt
1217 4115 1364 4182 amittere
1382 4107 1409 4181 ⁸.
1456 4113 1518 4180 His

344 4256 533 4270 ι--ιι-ι--Ι

376 4335 767 4401 ¹Diod.sio.l.13.[c.ao.]
803 4333 857 4386 ¹in
876 4335 990 4385 oratione
1009 4337 1040 4386 ad
1057 4337 1189 4386 Valentem
1209 4335 1247 4400 [p.
1267 4350 1323 4389 111.
1348 4351 1387 4387 vs.
1414 4337 1468 4399 rs]
1494 4349 1518 4387 et

342 4431 369 4480 in
389 4434 467 4482 altera
482 4432 514 4482 ed
532 4428 741 4480 Valentinianum.
761 4429 799 4492 [p.
820 4431 874 4492 148.
899 4441 938 4478 vr.
961 4429 998 4491 3.]
1033 4427 1084 4480 3ο.
1106 4443 1129 4488 3.
1145 4429 1171 4478 in
1191 4431 1328 4480 demonstr.
1345 4439 1392 4478 art.
1412 4442 1434 4478 1.
1452 4429 1519 4480 Vict.

341 4542 366 4576 n.
385 4537 424 4587 29.
444 4534 483 4578 ss.
507 4519 519 4554 ⁴
535 4523 567 4571 ad
585 4532 630 4570 art.
649 4534 672 4570 α.
690 4522 776 4569 coucl.
793 4521 817 4568 6.
842 4519 896 4568 ⁸v.
915 4533 937 4567 c.
956 4532 979 4567 2.
1003 4517 1094 4570 ‘silio
1114 4521 1140 4568 in
1164 4537 1188 4570 ν.
1209 4518 1360 4571 Restitutio.
1377 4532 1401 4577 a.
1418 4520 1445 4570 in
1461 4518 1518 4570 dne.
