3362 5504
357 623 421 686 300
654 625 702 669 DE
725 623 820 690 JURE
846 621 1030 668 Pannona.
1055 621 1136 670 CAP.
1159 623 1233 669 XIV.

756 777 1005 844 CAPUT
1040 777 1133 844 XIV.

353 967 451 1033 Pares
470 967 498 1032 I.
533 965 746 1031 Hourasraru
775 984 864 1030 assa
896 983 1068 1030 innuosa
1098 984 1211 1050 nujus
1231 983 1462 1030 carruunu:
1488 983 1531 1028 ru

529 1097 604 1160 qua
628 1095 714 1142 isra
739 1095 986 1144 rusauuuruu
1010 1077 1282 1142 Puonramnra.

528 1190 556 1254 I.
594 1189 746 1274 Jusrum
770 1209 875 1254 onus
901 1208 1123 1256 nouasrun.

528 1302 573 1366 Π.
599 1301 778 1366 Hoursra
811 1319 1021 1366 rannerius
1044 1320 1159 1367 acrio
1192 1320 1260 1365 rao
1295 1318 1434 1381 socus‚
1461 1319 1533 1364 rao

600 1432 981 1493 rarn1A‚auvrnsos
1007 1432 1174 1479 uouemus
1205 1429 1532 1478 ruauruoaurtas.

529 1523 778 1591 [latronam
799 1545 1010 1592 narremur
1034 1544 1247 1590 bunnuarro
1269 1545 1319 1589 ux
1342 1543 1445 1588 arua.

355 1638 449 1702 Prius
469 1637 511 1703 ΙΙ.
537 1638 750 1704 Houasram
770 1657 858 1704 assa
881 1657 1054 1704 enarras
1077 1657 1191 1723 ouus
1213 1655 1501 1733 rossassrouaur.

397 1949 435 2013 In
468 1947 550 2032 justi
583 1947 777 2030 quaestione
812 1945 882 2012 veri
917 1945 1102 2011 amantibus
1136 1943 1340 2010 satisfactum
1376 1943 1531 2010 arbitror.

353 2060 498 2126 Abunde
527 2060 611 2125 enim
644 2060 900 2125 demonstratum
925 2073 974 2123 est
997 2072 1029 2123 et
1051 2056 1168 2140 pietati
1192 2072 1224 2122 et
1244 2071 1380 2122 naturae
1404 2071 1438 2122 et
1461 2077 1534 2121 mo-

354 2171 445 2237 ribus
478 2187 732 2239 consentaneum
766 2170 891 2252 fuisse,
925 2187 962 2236 ut
994 2169 1145 2237 Lusitani
1178 2170 1221 2235 ob
1255 2169 1361 2235 illatas
1394 2167 1534 2254 injurias

354 2283 592 2367 spoliarentur,
626 2298 729 2366 utque
760 2303 811 2348 res
843 2298 956 2365 captae
988 2281 1225 2348 mercatoribus
1251 2282 1417 2347 cederent.
1465 2279 1534 2345 Sed

353 2395 628 2479 quemadmodum
660 2414 728 2461 non
760 2415 863 2460 unum
896 2409 952 2460 aut
984 2394 1124 2477 simplex
1156 2394 1288 2460 illorum
1322 2413 1426 2479 genus
1458 2408 1532 2472 est,

353 2507 411 2591 qui
443 2505 526 2574 falsa
557 2506 713 2590 opinione
745 2521 917 2590 praecepta
947 2506 1066 2593 judicii
1100 2505 1152 2571 sui
1181 2506 1334 2571 arbitram
1369 2504 1531 2570 rationem

353 2639 419 2685 non
443 2617 590 2699 faciunt,
626 2617 669 2683 ita
694 2619 852 2700 quosdam
876 2638 946 2685 esse
970 2619 1144 2698 audimus,
1175 2617 1233 2700 qui
1258 2617 1319 2683 etsi
1343 2638 1411 2682 rem
1437 2638 1532 2697 eam,

234 2758 296 2806 p...
317 2732 392 2806 ade
416 2751 480 2814 qua
515 2750 603 2796 nunc
636 2730 765 2816 agitur,
793 2731 915 2816 justam
939 2729 1041 2797 fuisse
1066 2751 1132 2796 non
1156 2730 1281 2796 audent
1303 2750 1448 2815 negare,
1472 2749 1533 2794 nec
1616 2727 1620 2732 '

351 2844 473 2909 habent
504 2843 673 2924 quomodo
697 2843 731 2908 id
753 2857 931 2923 tueantur,
964 2863 1079 2926 parum
1112 2842 1192 2909 satis
1225 2842 1398 2908 honestam
1423 2857 1532 2907 tamen

192 2981 339 3030 pamma,
352 2955 415 3021 sibi
448 2954 686 3051 ajuntrvideri.
733 2953 770 3020 In
799 2975 867 3037 quo
894 2974 970 3020 sanc
998 2954 1088 3021 dicto
1114 2951 1286 3020 manifesta
1315 2954 1534 3038 repugnantia

352 3081 411 3133 est.
458 3066 592 3149 Semper
614 3065 699 3130 enim
724 3066 768 3131 ita
788 3065 971 3149 accepimus
993 3073 1027 3147 ¹,
1052 3086 1118 3131 non
1141 3086 1240 3149 posse
1261 3086 1327 3132 non
1351 3066 1533 3132 honestum

352 3197 421 3244 esse
450 3178 541 3261 quod
566 3179 693 3264 justum
722 3192 770 3244 est
800 3177 889 3242 omni
918 3198 957 3242 ex
986 3193 1086 3261 parte.
1134 3178 1321 3243 Honestum
1354 3177 1442 3244 enim
1474 3178 1534 3261 qui

351 3289 514 3355 definiunt
536 3307 648 3354 omnes
672 3304 729 3355 aut
748 3288 905 3354 virtutem
926 3289 1028 3371 ipsam
1050 3309 1120 3356 esse
1133 3291 1276 3369 volunt,
1301 3304 1360 3355 aut
1370 3289 1532 3372 quiddam

352 3399 444 3481 quod
464 3398 644 3466 virtutibus
665 3400 811 3466 inhaeret
832 3416 888 3466 aut
907 3422 947 3466 ex
967 3401 1007 3468 iis
1019 3401 1253 3485 proficiscitur.
1278 3402 1363 3467 Sane
1376 3401 1533 3468 avirtute

350 3509 464 3576 divelli
483 3528 661 3592 numquam
680 3526 790 3594 potest
820 3513 1077 3595 necquidquam
1105 3513 1230 3578 bonum
1252 3529 1321 3596 est,
1346 3513 1412 3580 nisi
1438 3514 1533 3596 quod

352 3636 385 3686 et
415 3620 589 3685 honestum
622 3636 679 3688 est.
733 3623 819 3687 Nam
853 3638 886 3691 et
917 3624 957 3689 ab
991 3624 1213 3690 exactionibus
1247 3625 1413 3710 magistris
1443 3627 1456 3662 ²
1486 3625 1531 3691 ita

352 3729 570 3810 describitur,
605 3746 643 3797 ut
676 3734 849 3799 honestum
883 3734 926 3799 sit
957 3735 1049 3818 quod
1075 3737 1261 3821 jucundum
1297 3752 1347 3803 est
1381 3737 1534 3818 idcirco,

354 3839 431 3920 quia
460 3841 584 3904 bonum
611 3840 665 3907 sit.
711 3842 907 3911 Necessario
929 3846 1030 3932 igitur
1052 3850 1189 3914 alterum
1211 3849 1304 3914 alteri
1324 3869 1536 3931 consequens

355 3963 426 4028 est,
449 3968 510 4013 nec
528 3963 624 4050 turpe
646 3970 716 4016 esse
734 3970 844 4037 potest
865 3973 921 4022 aut
941 3959 1028 4041 apud
1048 3960 1210 4042 sapientes
1231 3976 1264 4026 et
1284 3962 1392 4027 bonos
1411 3962 1534 4045 probro

353 4059 455 4140 duci,
490 4060 581 4140 quod
610 4082 703 4127 verae
731 4066 878 4148 justitiae
909 4070 1085 4154 congruit,
1118 4091 1178 4136 seu
1210 4072 1288 4155 quia
1310 4072 1421 4140 virtus
1444 4074 1536 4138 nulla

389 4303 397 4335 ¹
417 4305 472 4352 Cic.
491 4305 522 4351 de
538 4304 635 4354 invent.
652 4309 698 4356 lib.
716 4324 738 4359 2.
757 4311 796 4362 Id.
806 4316 836 4363 de
856 4318 899 4364 off.
915 4317 960 4365 lib.
982 4332 1003 4366 1.
1022 4317 1058 4381 [c.
1075 4318 1129 4383 aa]
1149 4331 1174 4367 et
1191 4319 1239 4367 lib.
1257 4331 1280 4376 3.
1300 4317 1336 4382 [c.
1354 4320 1411 4381 aa]
1430 4321 1463 4368 de
1478 4319 1537 4368 fini·

357 4395 412 4442 bus.
427 4393 472 4440 lib.
489 4406 510 4439 r.
528 4395 635 4445 Aristot.
651 4399 740 4448 libello
757 4405 788 4452 de
805 4407 866 4455 virt.
882 4420 906 4456 et
922 4409 969 4456 vit.
984 4410 1011 4458 in
1026 4411 1106 4470 prino.
1126 4409 1165 4474 [p.
1183 4424 1248 4473 1249
1262 4424 1284 4458 a.
1298 4424 1338 4459 vs.
1353 4410 1409 4477 a8.]
1429 4409 1441 4443 ²
1458 4412 1538 4461 Arist.

356 4485 432 4531 Rhet.
450 4481 494 4529 lib.
515 4496 575 4532 1.c.
593 4501 617 4546 9.
637 4486 675 4550 [p.
696 4492 767 4548 1366.
785 4508 806 4542 a.
825 4511 863 4544 vs.
882 4499 934 4562 aa]
