3316 5494
394 654 440 700 DE
462 653 557 720 JURE
582 652 768 700 annuunt.
794 653 876 702 CAP·
900 653 983 700 vltra
1238 657 1296 704 101

132 811 262 894 petitam
290 812 390 877 semel
419 809 581 896 justitiam
613 827 673 874 nec
708 808 931 893 impetratam,
966 823 1002 875 ut
1033 809 1074 877 ad
1099 811 1156 897 ius
1175 811 1301 877 scillcet

131 924 274 988 naturale
302 923 476 1004 redeatur,
508 941 575 1004 quo
603 920 637 987 vi
671 939 768 986 suum
791 920 951 1004 consequi
974 920 1127 988 illicitum
1150 942 1217 990 non
1240 938 1299 989 est.

131 1033 251 1115 Neque
277 1049 385 1100 tamen
417 1032 652 1101 inconveniens
682 1030 766 1112 erit,
798 1031 893 1098 etiam
922 1052 996 1098 cum
1018 1031 1223 1100 denuntiatio
1244 1054 1300 1100 ne·

131 1145 267 1210 cessaria
296 1163 362 1210 non
383 1159 453 1225 est,
483 1143 675 1210 sententiam
703 1157 810 1210 tamen
827 1141 973 1227 proferre
995 1143 1236 1226 universalem,
1260 1146 1301 1211 ad

132 1257 238 1322 debita
259 1255 388 1322 scilicet
407 1254 660 1338 consequenda,
684 1255 873 1338 praesertim
894 1253 1069 1338 poenaria,
1093 1270 1132 1322 ut
1153 1275 1203 1322 res
1223 1257 1301 1324 hos·

132 1368 213 1433 tium
243 1367 340 1450 quasi
372 1367 405 1433 in
431 1367 615 1452 judicatum
650 1367 830 1450 capiantur.
875 1366 1051 1434 Caeterum
1075 1388 1150 1434 cum
1172 1388 1190 1432 a
1211 1367 1302 1452 prin·

132 1480 227 1562 cipali
254 1479 332 1545 belli
364 1494 497 1546 auctore
523 1457 610 1545 facta
638 1493 687 1544 est
716 1476 943 1561 denuntiatio,
973 1479 1014 1544 ab
1041 1479 1112 1563 ejus
1135 1478 1226 1546 socio
1246 1480 1302 1546 de·

133 1591 272 1658 nuntiari
298 1589 381 1658 nihil
414 1605 567 1675 oportet,
598 1589 658 1672 qui
684 1590 751 1674 juri
777 1588 889 1657 alieno
920 1599 1047 1656 tantum
1081 1589 1212 1656 adsistit
1241 1610 1302 1658 nec

133 1701 311 1784 quidquam
336 1702 406 1786 ipse
436 1721 585 1768 seorsum
617 1703 774 1785 postulat.
824 1699 980 1768 Similiter
1002 1720 1078 1768 cum
1102 1702 1302 1786 reipublicae

132 1814 228 1880 alicui
259 1828 317 1880 aut
344 1812 548 1899 magistratui
575 1813 665 1897 Justa
694 1811 798 1880 forma
818 1813 945 1879 illatum
969 1826 1018 1880 est
1037 1813 1179 1895 bellum,
1203 1814 1302 1882 sociis

134 1927 201 2010 ejus
233 1939 265 1991 et
294 1925 436 1993 subditis
467 1923 567 1990 indici
596 1923 678 1990 nihil
710 1944 840 1992 necesse
871 1939 939 1991 est:
964 1925 1056 2006 quod
1078 1925 1180 1991 nostri
1204 1926 1303 1993 inter·

133 2052 237 2118 pretes
250 2045 259 2078 ¹
272 2057 334 2104 suo
355 2057 444 2102 more
462 2036 509 2103 sic
531 2035 689 2103 efferunt:
709 2035 861 2132 diffidato,
877 2037 1038 2122 Principe
1057 2036 1220 2123 diffidatos
1239 2057 1304 2104 esse

134 2169 236 2212 omnes
265 2149 336 2234 ejus
366 2147 535 2230 subditos,
559 2147 727 2234 complices
759 2161 791 2212 et
819 2147 1056 2215 auxiliatores.
1101 2147 1148 2215 Et
1170 2150 1233 2215 hoc
1254 2163 1304 2216 est

135 2280 198 2340 quo
222 2279 258 2324 se
289 2259 375 2326 inter
403 2259 465 2326 alia
491 2258 556 2325 Cn.
605 2258 753 2326 Manlius
780 2278 799 2325 a
829 2259 945 2344 legatis
971 2259 1041 2327 suis
1071 2275 1241 2326 accusatus
1260 2262 1303 2326 ob

134 2371 254 2436 bellum
290 2369 574 2455 Gallograecicum
604 2368 761 2438 defendit.
815 2371 925 2436 Verba
957 2384 1064 2436 autem
1096 2371 1151 2438 illa
1184 2371 1303 2439 Isidori

134 2483 225 2563 plane
256 2481 341 2548 idem
375 2481 563 2567 significant
592 2502 628 2548 ac
648 2483 676 2548 si
708 2482 815 2549 dicas:
857 2481 987 2548 Bellum
1013 2482 1186 2570 publicum
1209 2485 1392 2570 justeconfr.
1406 2499 1461 2549 vn.

133 2596 315 2678 suscipitur
345 2607 510 2680 quatenus
529 2593 700 2679 judicium
728 2590 860 2676 deficit,
884 2607 946 2660 aut
970 2594 1067 2660 rebus
1090 2598 1241 2680 repetitis
1270 2564 1386 2662 narse.
1400 2556 1438 2603 11.

134 2725 171 2766 ex
197 2703 329 2770 decreto
362 2704 565 2790 reipublicae
596 2708 814 2791 suscipientis.
858 2703 1047 2771 Videndum
1076 2707 1141 2791 jam
1163 2706 1246 2788 quid
1267 2707 1302 2775 in

134 2815 182 2879 his
215 2814 275 2898 qui
304 2816 491 2883 voluntarie
523 2831 626 2901 agunt
657 2817 692 2882 in
726 2817 815 2882 bello
849 2816 989 2901 gerendo
1029 2816 1230 2885 desideretur
1271 2834 1305 2886 et

134 2941 292 3006 quantum
320 2927 386 2993 illis
411 2928 635 3010 permittatur:
658 2928 738 2994 haec
758 2946 835 2994 sane
856 2927 1007 3009 quaestio
1030 2930 1092 2994 late
1112 2943 1221 3012 patet,
1245 2931 1304 2999 sed

134 3037 172 3102 ad
198 3057 326 3104 summa
354 3039 512 3120 quaedam
542 3059 658 3124 genera
687 3059 705 3104 a
737 3038 832 3105 nobis
863 3038 1040 3124 redigetur.
1097 3040 1231 3121 Forma,
1266 3057 1304 3109 ut

134 3148 275 3216 diximus
295 3145 328 3232 ²,
350 3151 439 3234 justa
459 3151 560 3216 estin
579 3149 807 3218 convenientia
824 3152 946 3235 legum.
992 3149 1087 3218 Sicut
1105 3166 1213 3218 autem
1232 3171 1304 3221 sus-

134 3253 283 3343 cipiendo
313 3263 401 3328 bello
435 3281 580 3346 pugnare
610 3261 808 3330 videbantur
844 3263 932 3347 leges
964 3261 1004 3328 de
1034 3262 1190 3347 judiciis,
1222 3285 1305 3348 quas

133 3372 250 3454 partim
271 3392 328 3455 per
351 3374 439 3458 leges
459 3372 625 3458 digniores
647 3373 865 3456 sustulimus,
891 3373 1008 3456 partim
1033 3375 1305 3459 conciliavimus,

133 3482 176 3548 lta
195 3483 337 3568 gerendo
355 3485 483 3552 obstare
502 3485 656 3552 videntur
674 3484 814 3568 primum
831 3487 885 3552 lex
905 3484 1000 3552 tertia
1017 3500 1050 3552 et
1066 3501 1190 3569 quarta.
1217 3489 1304 3556 Nam

132 3593 158 3659 si
180 3614 296 3662 verum
319 3610 370 3661 est
388 3595 472 3663 illud
492 3597 523 3662 ⁸:

293 3705 375 3772 Tum
396 3720 529 3773 certare
552 3707 659 3791 odiis,
682 3722 752 3773 tum
775 3730 828 3776 res
849 3713 1001 3796 rapuisse
1019 3711 1154 3777 licebit:

134 3816 182 3901 si,
212 3817 369 3901 inquam,
402 3839 442 3884 ex
472 3820 559 3887 bello
583 3834 615 3886 et
641 3820 756 3888 caedes
782 3837 968 3904 sequuntur
990 3837 1023 3888 et
1047 3822 1198 3906 rapinae,
1224 3823 1307 3908 quid

134 3927 197 3996 illis
214 3929 342 4015 legibus
362 3929 539 4014 iaciemus,
562 3952 645 4015 quae
664 3945 776 3999 vetant
796 3953 856 4000 nos
874 3933 1023 4000 homines
1044 3937 1163 4001 alteros
1180 3935 1306 4002 laedere

135 4055 167 4106 et
183 4041 323 4108 alienum
345 4041 529 4127 attingere?
575 4043 742 4111 Praeterea
761 4065 941 4131 repugnare
961 4045 1093 4113 videtur
1111 4049 1306 4131 plerumque

134 4154 245 4238 regula
276 4153 389 4232 tertia,
413 4174 488 4221 cum
517 4170 630 4222 exorto
656 4156 742 4224 bello
764 4159 858 4224 velut
877 4158 1006 4224 sublata
1027 4157 1202 4225 videantur
1221 4157 1305 4244 juris

134 4263 267 4330 humani
287 4265 490 4335 commercia.

159 4474 177 4544 ¹¹
193 4476 265 4524 Bald.
283 4478 355 4526 add
374 4479 393 4526 l.
412 4491 436 4527 e.
455 4480 485 4528 C.
502 4480 534 4530 de
552 4493 619 4531 serv.
638 4478 682 4544 [C.
695 4492 719 4539 ³·
735 4479 789 4543 34]
807 4494 835 4530 n.
853 4492 895 4539 το.
920 4477 974 4530 2in
991 4477 1074 4540 princ.
1092 4477 1192 4540 capitis.
1209 4477 1220 4511 ³
1236 4479 1305 4541 Virg.

135 4567 197 4616 Aen.
214 4569 233 4617 1.
252 4581 293 4617 ros
309 4569 361 4632 [vs.
380 4569 431 4636 14]
