3362 5504
343 603 406 664 280
639 618 686 664 nra
710 619 803 684 Jurrrr
830 619 1014 666 annonas.
1040 619 1119 665 cnr.
1143 617 1226 663 xrrr.

343 785 440 852 atque
464 771 592 837 interim
617 788 737 853 quanta
761 773 831 838 lieri
854 788 965 858 potest
983 771 1222 854 tranquillitate
1238 769 1392 836 foveatur
1413 791 1518 856 nego·

343 883 454 962 tiati0,
479 904 562 965 quae
586 905 659 950 cum
682 885 835 951 omnibus
856 907 874 950 a
896 900 1010 951 natura
1033 899 1145 966 patet,
1178 898 1248 948 tum
1274 883 1374 966 hujus
1397 883 1518 965 populi

211 1005 330 1104 {granel-
344 995 463 1061 studiis
485 996 693 1078 peculiariter
716 997 957 1063 accommodata
980 1010 1037 1062 est.
1085 995 1185 1060 Omni
1209 994 1309 1079 igitur
1332 1015 1371 1059 ex
1396 1007 1516 1076 parte,

344 1104 439 1170 etiam
464 1109 554 1187 quod
577 1108 617 1172 ad
638 1109 870 1176 conscientiam
894 1109 1032 1189 attinet,
1055 1108 1177 1173 bellum
1198 1107 1262 1171 hoc
1279 1106 1313 1171 in
1332 1105 1518 1171 Lusitanos

128 1258 130 1266 ·
201 1233 327 1331 rErimd'
340 1217 559 1301 justissimum
593 1235 658 1285 est:
693 1235 725 1286 et
753 1221 800 1286 sic
831 1221 949 1304 praeda
977 1221 1088 1304 justa,
1123 1219 1163 1283 de
1185 1238 1250 1300 qua
1282 1218 1421 1302 agimus.
1468 1217 1519 1282 Ea

237 1319 244 1332 ’
341 1345 448 1396 autem
470 1333 612 1414 praeda,
640 1332 735 1398 etiam
759 1332 906 1416 cujusvis
928 1351 1063 1397 suorum
1084 1329 1288 1411 ministerio,
1312 1330 1516 1412 reipublicae

210 1441 444 1529 a200n51.primo
468 1443 691 1526 acquireretur
714 1464 820 1526 usque
844 1444 885 1510 ad
904 1443 988 1528 juris
1014 1440 1292 1522 satisfactionem,
1315 1461 1398 1541 quae
1419 1462 1517 1524 prae·

195 1521 327 1632 d'd'pf'rf'c'
341 1552 413 1616 dam
435 1553 529 1620 istam
553 1554 680 1619 infinite
700 1555 848 1620 excedit:
872 1555 983 1638 potuit
1004 1569 1111 1618 autem
1134 1569 1166 1618 et
1189 1553 1390 1619 concedente
1414 1573 1516 1636 repu-

342 1664 425 1729 blica
457 1664 526 1731 fieri
558 1666 687 1731 Indicae
721 1666 904 1732 societatis:
929 1666 1203 1748 quemadmodum
1231 1684 1417 1730 concessam
1442 1685 1514 1731 esse

341 1777 539 1858 oportunius
563 1776 646 1842 infra
669 1777 853 1843 docebitur.

219 1907 280 1952 Pars
295 1911 327 1953 rr.
385 1887 475 1952 Haec
498 1907 574 1971 ergo
594 1909 669 1953 cum
693 1889 818 1954 ratione
842 1889 953 1953 habita
976 1888 1142 1970 ipsorum,
1156 1886 1214 1969 qui
1236 1887 1315 1952 belli
1338 1903 1416 1952 sunt
1435 1907 1515 1952 auc·

341 2013 452 2080 tores,
478 1998 640 2064 Ordinum
671 2001 820 2081 scilicet,
844 2021 862 2065 a
891 1999 986 2066 nobis
1008 2001 1143 2082 probata
1172 1999 1260 2079 sint,
1285 2001 1389 2064 multo
1418 2016 1517 2065 erunt

340 2110 480 2176 certiora
508 2110 535 2176 si
565 2110 739 2190 subditos,
770 2126 849 2194 puta
871 2110 1059 2177 societatem
1088 2109 1254 2190 Indicam,
1276 2110 1514 2192 respiciamus,

342 2241 425 2302 quae
451 2221 612 2287 Ordinum
636 2221 780 2304 imperiis
801 2237 902 2304 paret.
948 2223 1033 2287 Nam
1065 2221 1201 2303 quaein
1224 2221 1414 2286 auctoribus
1435 2242 1516 2286 vera

342 2351 410 2398 esse
431 2333 614 2399 necessario
636 2334 779 2413 debent,
804 2333 914 2398 eadem
939 2334 972 2398 in
994 2332 1135 2398 subditis
1161 2333 1239 2398 satis
1263 2347 1313 2399 est
1333 2351 1402 2397 esse
1425 2333 1516 2399 veri·

341 2443 469 2520 similia.
517 2444 582 2509 Sed
606 2459 711 2510 tamen
731 2459 880 2527 aptemus
901 2444 1039 2510 examini
1061 2465 1119 2526 ea,
1145 2464 1228 2524 quae
1249 2445 1289 2508 de
1312 2443 1455 2508 subditis
1478 2444 1514 2507 in

258 2615 261 2622 .
340 2553 488 2619 doctrina
510 2555 549 2619 de
568 2557 642 2638 jure
662 2556 798 2638 praedae
821 2560 975 2622 conclusa
997 2571 1074 2623 sunt
1093 2571 1163 2620 tum
1188 2575 1227 2620 ex
1246 2555 1422 2638 primario,
1442 2570 1514 2619 tum

182 2688 328 2754 ruamur,
343 2685 383 2729 ex
411 2665 602 2731 secundario
631 2666 777 2750 gentium
796 2669 880 2752 jure.
925 2668 1069 2733 Primum
1092 2667 1193 2750 igitur
1212 2647 1341 2732 constat
1362 2666 1517 2732 subditos

183 2754 254 2788 ‘rm'
270 2748 301 2789 Η·
343 2775 526 2844 Ordinibus
570 2796 640 2843 esse
676 2798 756 2860 eos,
790 2779 849 2860 qui
882 2778 1026 2844 Indicam
1065 2779 1271 2848 constituunt
1309 2778 1513 2844 societatem.

209 2919 329 2966 prom„
343 2889 466 2954 Omnes
488 2889 571 2954 enim
596 2889 654 2970 qui
683 2889 716 2954 in
739 2889 812 2954 istis
834 2904 912 2955 sunt
931 2889 1121 2973 regionibus
1140 2904 1196 2954 aut
1215 2888 1429 2972 jurejurando
1453 2891 1514 2954 ob·

209 2976 249 3020 ¹²⁷·
342 3000 492 3083 sequium
525 3000 706 3067 Ordinibus
736 3001 979 3084 promiserunt,
1003 3015 1060 3066 aut
1083 3001 1160 3072 dum
1184 3019 1218 3065 se
1241 3014 1362 3082 partem
1384 2998 1515 3065 faciunt

342 3112 412 3195 ejus
435 3112 658 3195 reipublicae,
683 3133 780 3193 quam
805 3112 946 3178 Ordines
969 3112 1217 3191 administrant,
1235 3111 1331 3176 tacite
1344 3110 1425 3175 satis
1436 3132 1513 3194 pro·

342 3223 476 3288 fitentur
508 3224 578 3307 ejus
608 3245 642 3292 se
662 3223 863 3306 reipublicae
893 3225 1041 3290 moribus
1063 3224 1232 3303 victuros,
1256 3237 1288 3287 et
1310 3223 1450 3303 receptis
1472 3224 1513 3286 ab

342 3353 379 3397 ea
399 3334 644 3417 magistratibus
670 3335 884 3418 praestituros
903 3334 1141 3400 obedientiam:
1166 3354 1205 3398 ex
1226 3353 1293 3415 qua
1309 3332 1514 3416 professione

342 3463 409 3508 non
442 3444 573 3525 minus,
609 3461 647 3511 ut
680 3445 789 3512 alibi¹
815 3446 1040 3525 ostendimus,
1074 3466 1172 3528 quarn
1205 3466 1287 3512 voce
1314 3445 1512 3528 obligantur.

342 3555 558 3638 Euripideum
581 3571 647 3622 est:

576 3673 609 3737 σε’
634 3698 672 3738 ειν
692 3673 722 3738 δὲ
743 3675 808 3744 τοὺς
831 3676 1007 3754 κρατοῦντας
1029 3675 1150 3754 ἀρχαῖος
1173 3671 1265 3751 νόμος.

577 3779 733 3865 Antiqua
757 3779 811 3843 lex
833 3794 900 3858 est,
925 3779 1030 3844 colere
1054 3801 1167 3844 rerum
1190 3792 1357 3866 compotes.

384 3887 456 3952 Nec
478 3888 561 3956 illud
580 3891 693 3976 tragici
715 3891 849 3957 alterius
869 3889 881 3923 ²
902 3891 1078 3956 dissimile:

579 4006 628 4069 uui
651 4008 710 4087 wip
727 4007 761 4071 τὸ
783 4008 880 4071 λοιπὸν
898 4000 1053 4085 εἰσόμεσθα
1072 4007 1126 4084 μὲν
1142 4007 1210 4078 θεοῖς

577 4117 679 4188 εἴκειν,
701 4113 910 4196 μαθησόμεσθα
930 4118 955 4180 δ’
974 4117 1124 4196 'Arperbur
1144 4117 1250 4195 σέβειν.

573 4226 709 4309 ἄρχοντές
730 4229 797 4292 εἰσιν
808 4272 819 4302 ,
840 4224 1055 4298 ὥςθ’ὑπεικτὲον.
1076 4229 1107 4294 rr'
1128 4230 1191 4307 μής

341 4339 536 4352 --—.--.

372 4382 381 4415 ¹
400 4399 423 4432 c.
440 4400 463 4432 2.
481 4387 630 4445 paulopost
645 4399 697 4444 reg.
713 4397 736 4442 3.
754 4397 779 4433 et
795 4397 852 4433 ante
870 4388 887 4432 l.
909 4398 933 4443 7.
967 4388 997 4434 V.
1022 4387 1096 4435 etiam
1114 4401 1136 4435 c.
1148 4388 1174 4436 8.“
1185 4398 1241 4435 ante
1256 4389 1339 4436 concl.
1353 4400 1377 4446 7.
1396 4388 1467 4438 artie.
1484 4401 1506 4446 ³·

380 4491 402 4523 2.
436 4473 604 4535 2soph0cles
623 4474 711 4533 Aiace.
731 4475 781 4539 [vs.
796 4477 853 4525 666.
871 4476 939 4539 sqq]
