3316 5494
358 621 418 666 112
658 618 706 667 DE
728 617 822 687 JURE
847 618 1032 667 annuunt.
1056 618 1137 667 CAP.
1162 619 1244 668 VIII.

353 793 430 860 gunt
451 771 574 858 peritos
585 779 606 841 ¹.
651 772 804 842 Tradunt
814 774 933 866 enim,
956 772 991 841 id
1009 773 1102 858 quod
1120 773 1243 842 dicitur
1258 771 1414 858 praedam
1436 775 1531 861 justo

353 887 441 954 bello
456 884 615 970 capientis
630 883 725 968 lieri,
749 886 790 953 de
813 886 909 953 bonis
926 885 1175 971 intelligendum
1194 906 1261 953 non
1274 888 1344 972 ejus
1356 887 1457 954 modo
1470 885 1531 969 qui

355 996 476 1083 injuste
498 1012 647 1083 pugnat,
669 998 727 1064 sed
759 998 905 1064 omnium
946 997 1051 1082 ipsius
1073 997 1283 1065 subditorum
1305 1017 1372 1065 non
1403 995 1534 1064 feminis

351 1129 420 1177 non
443 1107 622 1178 infantibus
650 1109 818 1193 exceptis,
843 1108 948 1176 donec
977 1111 1065 1196 juste
1087 1109 1248 1197 pugnanti
1271 1110 1312 1176 de
1334 1109 1448 1177 debito
1468 1127 1533 1174 suo

353 1223 408 1288 vel
429 1220 549 1307 Iniuria
578 1222 633 1287 vel
660 1220 842 1288 offensione
872 1221 961 1288 illata
993 1223 1047 1289 vel
1076 1221 1195 1288 damno
1222 1221 1286 1288 sibi
1320 1221 1432 1288 suisve
1453 1219 1533 1286 dato

354 1348 453 1416 atque
483 1352 522 1398 eo
553 1332 646 1415 quod
673 1329 802 1400 intersit
829 1331 964 1400 omnino
986 1331 1188 1400 satisfactum
1212 1331 1276 1415 sit,
1303 1330 1452 1399 hostisve
1474 1349 1535 1415 pa·

354 1458 444 1510 ratus
478 1443 522 1509 sit
554 1441 739 1511 satisfacere
771 1456 829 1510 aut
856 1443 923 1528 iuri
953 1462 988 1510 se
1018 1444 1201 1528 pariturum
1232 1441 1358 1510 offerat.
1407 1442 1532 1525 Neque

355 1555 395 1622 de
417 1570 545 1622 caetero
567 1553 622 1620 hic
645 1553 801 1639 spectari,
825 1574 904 1620 num
927 1573 1066 1640 persona
1088 1555 1132 1622 sit
1154 1555 1328 1635 innocens,
1351 1553 1532 1639 Caietanus

355 1683 389 1736 et
409 1667 494 1734 inter
516 1665 683 1750 Hispanos
707 1665 914 1734 Covarruvia
932 1665 945 1702 ¹
965 1681 1114 1733 testatur.
1145 1666 1192 1732 Et
1214 1666 1296 1732 alter
1317 1665 1488 1749 Hispanus
1501 1671 1530 1730 ⁸:

353 1780 384 1844 si
400 1780 503 1844 hoster
522 1777 639 1843 nolant
656 1779 833 1844 restituere
853 1797 905 1842 res
922 1777 1056 1864 injuria
1074 1777 1207 1844 ablatas
1223 1791 1255 1842 et
1273 1798 1338 1842 non
1347 1779 1454 1865 possit
1472 1780 1533 1864 qai

354 1887 463 1955 laesas
494 1902 541 1955 est
569 1889 708 1957 aliunde
736 1887 896 1956 commode
925 1903 1148 1976 recuperare,
1175 1901 1284 1976 potest
1316 1888 1532 1976 undecunque

355 2001 618 2086 satisfactionem
647 2013 764 2086 capere
793 2004 861 2068 sine
889 2020 912 2066 a
930 2000 1119 2066 nocentibus
1137 2003 1204 2068 sine
1222 2001 1264 2066 ab
1284 2002 1530 2080 innocentibus,

355 2116 408 2178 ita
442 2126 567 2178 utnon
599 2125 798 2178 mercatores
827 2132 891 2176 non
922 2110 1092 2198 agricolae
1113 2114 1341 2198 excipiantur.
1385 2111 1436 2177 Ita
1458 2111 1530 2179 ille:
1635 2195 1639 2202 .

356 2222 448 2306 quod
468 2205 576 2290 auteni
606 2221 660 2288 alii
680 2227 691 2266 ⁴
713 2223 774 2290 hae
809 2221 906 2289 etiam
929 2221 963 2289 in
986 2237 1079 2306 parte
1101 2221 1332 2308 navigantibus
1355 2237 1387 2288 et
1409 2243 1532 2291 merea·

354 2335 483 2403 toribus
514 2336 761 2419 temperandum
793 2348 935 2418 putant,
963 2334 998 2400 id
1020 2334 1065 2401 ita
1087 2333 1149 2418 ipsi
1172 2335 1355 2418 explicant,
1379 2349 1418 2401 ut
1440 2335 1532 2404 navi·

357 2461 468 2532 gentes
500 2466 556 2513 eos
589 2446 890 2529 comprehendant,
923 2445 983 2529 qui
1016 2446 1051 2513 vi
1085 2445 1289 2530 tempestatis
1320 2443 1463 2512 alienum
1498 2445 1530 2512 in

355 2558 450 2624 littus
466 2556 687 2641 abripiuntur,
708 2572 741 2623 et
757 2572 953 2626 mercatores
972 2572 1125 2624 externos
1142 2558 1300 2624 duntaxat
1315 2557 1530 2641 publicasque

355 2670 398 2736 ad
425 2669 589 2737 nundinas
619 2667 799 2737 venientes.
843 2669 1088 2736 Mercatoribus
1116 2683 1224 2735 autern
1258 2668 1398 2736 subditis
1420 2689 1461 2736 ne
1482 2691 1530 2736 re·

356 2780 531 2866 pressaliae
560 2779 694 2864 quidem
725 2779 903 2848 abstinent.
949 2780 996 2846 Et
1025 2780 1105 2846 haec
1135 2801 1213 2848 vera
1244 2794 1342 2862 sunt,
1376 2780 1441 2847 nisi
1476 2797 1531 2848 aut

355 2893 505 2978 personis
534 2892 732 2975 quibusdam
761 2905 818 2958 aut
847 2890 956 2958 ordini
978 2891 1150 2959 hominum
1182 2907 1239 2959 aut
1271 2895 1345 2958 loco
1379 2891 1426 2961 sit
1454 2913 1531 2978 pro·

355 3005 454 3072 missa
471 3003 628 3072 securitas
647 3002 780 3088 ‘pactis
800 3018 858 3070 aut
878 3001 979 3070 tacito
999 3003 1165 3086 utrimque
1182 3023 1268 3086 usu,
1285 3019 1420 3089 propter
1432 3003 1529 3071 fidem

355 3115 504 3197 scilicet,
538 3117 579 3182 de
609 3135 675 3198 qua
702 3134 780 3180 mox
810 3133 956 3200 agemus.
1002 3116 1053 3182 Ita
1081 3113 1219 3200 legimus
1251 3115 1351 3183 Indos
1380 3115 1530 3202 agricolis

356 3227 551 3311 pepercisse.
584 3226 631 3294 Et
651 3227 685 3293 in
706 3225 848 3293 concilio
867 3225 1320 3311 Lateranensi‘paaeceptum
1344 3241 1383 3294 at
1395 3229 1530 3315 presby·

356 3341 441 3417 teri,
461 3340 631 3417 monachi,
651 3341 817 3417 conversi,
830 3343 1024 3426 peregrini,
1043 3353 1259 3420 mercatores,
1279 3342 1403 3406 rustici
1418 3352 1529 3406 euntes

355 3448 411 3518 ael
431 3447 604 3516 redeantes
626 3448 681 3518 nel
700 3450 921 3537 agricultura
942 3455 1143 3533 existentes,
1167 3464 1199 3518 et
1220 3450 1388 3518 animalia
1411 3451 1528 3538 quibus

390 3801 399 3838 ¹
418 3805 509 3853 Thorn.
537 3817 561 3853 a.
578 3817 603 3854 2.
620 3817 647 3864 q.
666 3805 706 3854 66.
724 3815 770 3854 ert.
789 3807 813 3854 8.
829 3807 862 3855 ad
882 3818 903 3854 1.
921 3807 983 3854 Ant.
1002 3807 1034 3855 de
1050 3804 1140 3855 Burrio
1158 3805 1185 3856 in
1203 3820 1228 3858 c.
1245 3807 1318 3858 olim.
1336 3809 1368 3858 de
1385 3820 1445 3859 rest.
1463 3811 1526 3871 spol.

358 3895 496 3960 [Demetai.
506 3909 529 3946 a.
541 3909 580 3954 rs.
591 3895 641 3961 ra]
658 3897 732 3945 Hoet.
744 3898 776 3946 ad
790 3894 831 3944 tit.
841 3898 872 3945 de
886 3909 978 3957 poene.
988 3895 1014 3946 in
1030 3899 1133 3947 summe
1149 3909 1174 3948 et
1192 3898 1495 3963 poetiltumjon.1.upus
1504 3900 1528 3948 in

356 3998 431 4036 tract.
457 3989 489 4038 de
514 3986 584 4036 bello
610 3991 633 4048 ς.
651 3987 756 4037 sibene
781 3987 913 4038 advertisti
932 3987 1039 4050 [ocean.
1055 3990 1109 4052 Jur.
1125 3991 1179 4039 vol.
1200 3990 1239 4040 16.
1255 4004 1280 4052 p.
1299 3991 1370 4054 saa.]
1388 3993 1443 4041 lnn.
1461 3993 1528 4041 ind.

357 4093 379 4127 o.
397 4078 470 4127 olim.
487 4080 546 4142 Joh.
566 4078 647 4128 Faber
664 4080 697 4128 ad
713 4083 736 4140 ς.
754 4078 814 4128 item
832 4079 901 4128 bello
920 4073 1001 4141 capta.
1019 4081 1081 4130 Inst.
1098 4083 1130 4130 de
1147 4095 1198 4131 rer.
1216 4081 1267 4133 div.
1288 4083 1320 4145 [1.
1339 4096 1362 4132 a.
1373 4082 1411 4148 1.]
1430 4081 1528 4142 ’eajen

355 4169 383 4218 in
408 4172 497 4218 summ.
520 4182 594 4231 pecc.
618 4167 645 4218 in
670 4185 695 4219 v.
719 4169 784 4219 Belli
809 4171 905 4219 damna.
931 4171 1039 4221 covarr.
1063 4173 1096 4220 ad
1119 4186 1172 4234 reg.
1197 4185 1337 4234 peccatum.
1361 4189 1388 4236 p.
1406 4188 1430 4224 a.
1448 4177 1472 4234 ς.
1491 4188 1527 4225 rr.

356 4256 452 4307 ⁸Viot.
469 4273 495 4307 n.
514 4273 556 4323 ³9·
582 4272 606 4310 et
623 4274 664 4322 4¹·
698 4259 793 4311 ⁴Bart.
819 4263 852 4310 de
869 4259 980 4323 repre'ss.
997 4273 1022 4320 7.
1037 4263 1117 4323 prinu.
1134 4277 1159 4314 n.
1179 4276 1219 4321 rs.
1236 4265 1301 4313 Bell.
1318 4275 1342 4321 5.
1361 4277 1441 4316 contr.
1460 4278 1483 4324 ³·
1504 4278 1526 4314 e.

360 4359 399 4406 rs.
417 4349 479 4399 Silv.
493 4349 521 4399 in
538 4365 564 4400 v.
582 4351 768 4413 Repressaliae.
784 4355 806 4410 5.
825 4354 848 4401 8.
883 4349 893 4384 ⁸
911 4353 989 4401 Wilh.
1008 4354 1089 4402 Matb.
1107 4354 1226 4405 debello
1243 4353 1313 4413 iusto
1330 4367 1356 4405 et
1374 4356 1454 4406 licito.
1475 4369 1527 4416 req·

361 4454 386 4490 2.
404 4455 430 4503 p.
447 4455 472 4504 4.
491 4439 573 4499 Caiet.
591 4443 617 4491 in
642 4445 736 4493 summ.
761 4457 835 4506 pecc.
859 4443 886 4494 in
904 4459 930 4494 v.
947 4445 1012 4495 Belli
1030 4447 1126 4496 damna.
1160 4446 1171 4482 ⁸
1189 4461 1212 4496 c.
1230 4461 1254 4497 a.
1271 4449 1303 4499 de
1321 4461 1406 4512 treuga
1420 4459 1445 4498 et
1461 4459 1526 4510 pree.

360 4528 498 4594 [Demetai
521 4545 542 4582 1.
562 4532 613 4597 aa]
