3310 5482
347 631 388 708 64
651 646 698 692 us
722 645 815 711 June
842 644 1024 691 russone.
1051 647 1130 693 cna.
1154 645 1202 693 vr.

345 821 433 866 mum
451 799 589 866 credidit
611 799 796 883 respublica
817 800 1020 868 commissam
1038 800 1184 867 voluerit
1202 799 1273 884 ejus
1293 799 1448 866 movendi
1467 799 1521 865 fa·

344 914 509 978 cultatem.
556 912 710 994 Cumque
736 911 883 979 diversos
910 911 1090 978 instituerit
1107 911 1354 996 magistratuum
1376 911 1521 996 gradus,

343 1042 410 1089 non
428 1023 580 1109 ambigua
597 1023 778 1089 voluntatis
800 1023 999 1108 significatio
1017 1037 1089 1103 est,
1112 1038 1151 1088 ut
1170 1023 1204 1088 in
1223 1043 1256 1088 re
1279 1036 1342 1087 tarn
1364 1022 1455 1106 gravi
1478 1023 1523 1087 ad

344 1154 531 1219 supremum
555 1134 778 1220 magistratum
807 1135 913 1218 primo
943 1137 1017 1202 loco
1044 1148 1160 1214 eatur,
1186 1133 1240 1199 hic
1262 1133 1290 1200 si
1313 1133 1430 1198 habere
1449 1151 1521 1198 non

344 1247 448 1329 possit
470 1261 526 1313 aut
546 1245 694 1312 officium
717 1265 784 1312 non
807 1245 928 1329 faciat,
952 1246 992 1312 ad
1011 1246 1205 1312 secundum:
1235 1244 1334 1311 etita
1354 1243 1520 1327 deinceps.

345 1356 479 1440 Semper
501 1357 585 1423 enim
607 1357 789 1440 respublica
808 1373 840 1424 et
862 1356 992 1424 defendi
1005 1357 1075 1440 ipsa
1092 1358 1189 1439 vult,
1212 1355 1412 1441 etJ'ustitiam
1425 1375 1521 1421 exer-

343 1470 429 1548 ceri,
452 1469 597 1552 bonique
627 1469 751 1552 publici
779 1468 965 1552 procuratio
991 1468 1033 1535 ad
1057 1467 1264 1551 magistratus
1286 1487 1399 1533 omnes
1418 1465 1522 1549 perti-

344 1597 400 1647 net
422 1590 443 1647 ¹.
486 1581 556 1647 Ubi
578 1580 679 1666 igitur
701 1583 845 1664 populus
867 1579 936 1664 ipse
957 1581 1132 1646 convenire
1152 1580 1184 1644 in
1210 1599 1312 1645 unum
1339 1598 1404 1645 non
1432 1579 1522 1644 solet

344 1712 451 1775 neque
471 1694 535 1759 hoc
556 1712 595 1758 ex
616 1713 680 1759 usu
703 1713 763 1759 suo
784 1691 958 1758 arbitratus
979 1707 1047 1770 est,
1071 1690 1147 1758 belli
1168 1690 1321 1756 movendi
1339 1689 1519 1759 auctoritas

343 1804 448 1886 primo
470 1824 569 1887 penes
592 1803 666 1869 illos
689 1803 823 1869 illumve
847 1818 918 1886 est,
943 1802 997 1868 cui
1019 1818 1076 1869 aut
1099 1803 1221 1885 quibus
1238 1817 1307 1868 tota
1329 1800 1438 1866 civilis
1458 1819 1520 1883 po-

343 1929 442 1981 testas
473 1928 530 1980 aut
555 1935 629 1998 pars
661 1915 732 1998 ejus
762 1912 900 1979 maxima
931 1914 1079 1980 mandata
1109 1929 1168 1982 est.
1213 1914 1299 1979 Sunt
1330 1913 1415 1979 enim
1438 1912 1517 1978 alibi

342 2027 452 2107 plures
480 2040 517 2090 ut
546 2043 620 2107 pars
649 2025 763 2107 populi
794 2023 902 2106 aliqua
925 2041 981 2091 aut
1012 2025 1210 2108 optimatesa
1230 2025 1307 2090 alibi
1340 2043 1427 2090 unus
1458 2023 1517 2105 qui

342 2135 497 2218 Princeps
515 2135 648 2201 dicitur.
681 2136 780 2201 Unde
797 2136 1003 2220 Augustinus
1022 2135 1052 2199 ²:
1078 2136 1190 2219 Ordo,
1215 2136 1346 2218 inquit,
1370 2148 1520 2199 natura-

344 2245 386 2311 lis
416 2247 610 2312 mortalium
635 2250 717 2333 paci
744 2247 1005 2313 accommodatus
1025 2251 1224 2336 desposcit,
1246 2262 1283 2313 ut
1317 2245 1518 2332 suscipiendi

342 2356 420 2422 belli
447 2362 635 2423 auctoritas
665 2371 766 2444 atquc
797 2358 970 2424 consilium
993 2374 1090 2446 penes
1114 2360 1287 2445 Principes
1308 2367 1320 2402 ¹
1343 2361 1400 2423 sit.
1446 2357 1517 2422 Ubi

341 2488 420 2533 vero
444 2469 597 2552 Princeps
627 2484 684 2535 aut
711 2470 802 2536 abest
831 2485 889 2535 aut
913 2469 1053 2555 negligit
1078 2489 1186 2551 neque
1217 2471 1268 2534 lex
1292 2483 1340 2535 est
1360 2488 1448 2551 quae
1469 2468 1520 2532 di-

342 2594 425 2646 serte
445 2593 557 2662 vetat,
582 2581 662 2663 quin
683 2582 788 2662 possit
807 2581 976 2664 proximus
996 2581 1203 2666 magistratus
1220 2600 1286 2647 non
1307 2583 1413 2647 solum
1433 2600 1518 2645 rem·

342 2691 505 2774 publicam
530 2691 723 2773 defendere,
747 2692 804 2760 sed
828 2693 923 2758 etiam
946 2693 1067 2758 bellum
1085 2689 1202 2757 inferre
1226 2707 1259 2756 et
1275 2692 1309 2756 in
1324 2691 1436 2757 hostes
1448 2690 1518 2756 ani-

343 2804 542 2870 madvertere
562 2818 595 2869 et
616 2801 838 2869 malefactores
853 2803 947 2868 etiam
975 2803 1146 2885 occidere,
1170 2821 1235 2869 non
1252 2803 1381 2887 ambigo
1401 2805 1427 2870 ⁴.
1454 2802 1521 2868 Sed

342 2935 382 2980 an
412 2915 439 2982 si
472 2916 536 2988 tale
566 2915 647 2998 quid
669 2915 811 2994 accidat,
835 2916 957 2981 bellum
978 2914 1147 2997 publicum
1167 2914 1339 2980 dicendum
1359 2912 1425 2996 sit,
1451 2913 1519 2980 dis-

184 3045 328 3094 rarauxon.
342 3040 486 3110 putatur.
532 3026 606 3112 Ego
631 3027 808 3109 quominus
825 3026 868 3093 sit
891 3025 973 3092 nihil
996 3025 1115 3091 video:
1138 3025 1237 3090 habet
1258 3025 1343 3090 enim
1358 3020 1519 3108 reipubli-

341 3129 397 3204 cae
418 3139 640 3204 voluntatem:
664 3157 761 3219 quam
782 3135 912 3219 quidem
933 3136 966 3200 iu
987 3137 1075 3202 bello
1094 3136 1235 3220 gerendo
1251 3157 1310 3218 pro
1323 3137 1519 3204 auctoritate
1584 3135 1601 3156 ⁴

342 3249 546 3330 habendam,
577 3249 640 3314 hoc
659 3263 726 3330 est,
746 3247 876 3312 tacitam
910 3251 982 3333 ejus
1007 3247 1279 3332 significationem
1310 3267 1375 3312 non
1407 3247 1519 3315 minus

343 3378 440 3440 quam
461 3377 641 3441 expressam
663 3357 763 3441 recipi
786 3357 927 3440 debere‚
947 3379 1012 3424 non
1030 3359 1147 3425 Cicero
1166 3369 1177 3402 ⁵
1197 3373 1344 3440 tantum,
1363 3358 1520 3425 sedinter

343 3470 517 3552 theologos
541 3469 635 3534 etiam
658 3469 866 3552 Cajetanus⁶
890 3469 1053 3551 explicat,
1079 3489 1118 3534 ex
1137 3469 1239 3534 veteri
1269 3468 1423 3534 nimirum
1452 3467 1519 3534 for-

342 3581 445 3646 mula:
478 3579 577 3644 Salus
604 3579 721 3666 populi
750 3595 903 3666 suprema
933 3579 987 3644 lea·
1019 3595 1094 3645 esto.
1140 3579 1310 3665 Agitatum
1338 3595 1445 3646 tamen
1469 3598 1518 3648 est

343 3693 406 3758 hoc
434 3711 508 3757 cum
540 3690 617 3756 alibi
646 3705 715 3755 tum
748 3689 871 3756 Romae
897 3689 1081 3773 aliquoties.
1124 3690 1203 3775 Jure
1225 3691 1309 3755 enim
1332 3690 1516 3778 Quiritium

343 3804 488 3882 bellum,
511 3800 727 3867 communiter
747 3817 853 3880 certe,
877 3801 941 3867 nisi
962 3821 1001 3867 ex
1020 3803 1138 3884 Populi
1156 3803 1336 3868 Senatusve
1355 3804 1518 3869 sententia

342 3913 468 3980 moveri
489 3932 554 3978 non
576 3928 712 3995 poterat.
738 3913 801 3979 Cn.
824 3929 931 3978 tamen
948 3911 1091 3979 Manlius
1111 3934 1185 3979 cum
1205 3913 1432 3999 Gallograecis
1448 3917 1519 3981 bel·

361 4169 385 4215 '¹
404 4183 434 4229 V.
443 4194 467 4230 c.
477 4195 500 4228 2.
515 4181 554 4228 ad.
563 4181 580 4227 l.
593 4193 630 4227 ιο.
664 4178 675 4212 ¹
693 4191 715 4228 c.
732 4181 813 4228 Faust.
831 4179 942 4228 Maniclr.
961 4183 978 4229 1.
997 4195 1036 4228 22.
1054 4197 1074 4228 e.
1093 4193 1132 4242 74
1150 4181 1239 4229 citatur
1249 4181 1274 4228 in
1289 4196 1313 4229 c.
1323 4182 1386 4242 quid
1394 4187 1519 4243 culpatur.

344 4271 431 4336 [Deor.
455 4272 524 4318 Grac.
549 4284 575 4330 p.
593 4283 616 4317 2.
642 4282 681 4326 23.
709 4283 729 4318 1.
746 4270 783 4331 4.]
819 4269 911 4318 ³Sam.
934 4285 955 4319 r.
977 4274 1000 4318 8.
1017 4285 1058 4318 20.
1097 4271 1197 4320 ⁴Vict.
1221 4285 1246 4319 n.
1272 4287 1288 4333 9
1313 4273 1340 4320 in
1365 4272 1424 4321 fine.
1450 4277 1518 4324 Bart.

343 4375 402 4424 post
414 4363 467 4410 Pet.
486 4360 511 4408 ln
529 4363 546 4409 1.
563 4373 595 4408 ex
612 4361 661 4407 hoa
677 4357 740 4416 jure.
758 4359 784 4408 ff.
799 4363 831 4410 ‹le
848 4359 906 4417 just.
923 4373 947 4408 et
965 4359 1028 4419 iure.
1056 4361 1100 4425 [D.
1121 4376 1142 4410 1.
1162 4376 1182 4410 1.
1202 4361 1237 4426 ⁵·]
1273 4365 1339 4411 Bart.
1358 4366 1389 4412 de
1407 4378 1517 4425 rcpress.

344 4469 367 4513 ³·
380 4453 460 4514 prino.
479 4453 511 4501 ad
528 4453 668 4500 seeundum.
693 4465 717 4499 n.
744 4453 768 4500 ό.
786 4453 862 4498 Mart.
880 4453 957 4500 Laud.
976 4451 1089 4501 debello
1107 4467 1131 4514 q.
1151 4467 1173 4501 2.
1193 4451 1231 4516 [p.
1250 4455 1319 4517 324]
1355 4455 1365 4484 ⁵
1384 4455 1466 4515 Epist.
1486 4459 1518 4504 ad

343 4545 445 4592 Brutum
464 4556 487 4600 7.
508 4542 537 4602 [l.
557 4542 592 4602 2.]
627 4541 638 4572 ⁰
656 4543 686 4590 ad
709 4555 796 4591 sunam.
817 4543 906 4590 Tbom.
926 4557 948 4589 2.
967 4557 989 4590 2.
1007 4557 1031 4603 q.
1050 4545 1090 4604 64.
1108 4556 1152 4592 arr.
1172 4557 1185 4600 3
1205 4545 1229 4591 in
1250 4543 1307 4592 fine.
