3316 5494
350 599 390 658 72
642 599 689 646 on
711 599 805 664 June
831 597 1016 648 rurore.
1040 598 1121 646 cnr.
1144 595 1211 644 vu.

348 752 1328 838 Erpnmomxompsm,exsecnndomnm‚
1362 751 1521 819 extortio

347 865 437 934 ἄδικοι
464 863 613 931 dicimur.
658 863 777 930 Omnis
804 881 912 930 autem
943 871 1044 935 ἑδαίτι
1072 883 1185 930 secum
1212 863 1313 929 habet
1331 867 1464 947 ἆδίημτι
1486 879 1522 930 et

346 978 479 1058 illm
500 995 596 1042 omne
613 981 649 1046 ri
669 977 784 1047 aaa:
815 978 874 1043 sed
895 995 963 1042 non
984 991 1083 1043 retro.
1126 975 1215 1041 Nam
1236 974 1301 1041 ista
1320 991 1520 1057 quamquam

347 1086 382 1150 in
413 1106 453 1152 co
484 1087 538 1152 cui
567 1086 607 1154 fit
632 1087 751 1172 injuria
771 1086 857 1155 nihil
876 1088 1058 1170 differunt,
1081 1087 1334 1172 distinguuntur
1354 1101 1462 1153 tamen
1483 1086 1522 1152 in

344 1193 494 1264 faciente.
542 1197 628 1265 Nam
658 1204 757 1270 Baria
785 1217 854 1266 non
875 1214 926 1267 est
944 1199 1009 1265 nisi
1030 1198 1233 1280 deliberato,
1254 1205 1290 1268 ἐκ
1309 1201 1516 1283 ruminor:

343 1313 477 1392 iiluna
498 1309 662 1376 interdum
674 1331 741 1376 non
752 1311 949 1394 deliberato,
970 1310 1252 1394 sedpraecodente
1262 1323 1370 1375 umen
1382 1308 1520 1376 scicntia

346 1433 380 1484 et
399 1421 595 1502 voluntate,
625 1423 690 1488 hoc
711 1438 762 1490 est
780 1428 892 1499 ἑτωτή,
927 1423 985 1489 ubi
1010 1422 1164 1490 nimirum
1189 1420 1345 1506 intelligit
1366 1439 1465 1505 agens
1485 1435 1522 1486 et

345 1530 380 1596 in
410 1550 509 1614 quem
538 1547 572 1598 et
600 1535 769 1616 quomodo
800 1549 835 1600 et
866 1554 926 1600 cur
947 1550 1046 1621 agat,
1069 1533 1213 1618 ideoque
1233 1533 1304 1616 ipse
1322 1533 1398 1598 vult
1415 1550 1520 1615 agere.

343 1647 389 1713 Τὸ
410 1645 505 1714 ἄδικον
524 1659 656 1726 autem,
689 1646 782 1729 quod
802 1647 989 1714 scholastici
1006 1647 1019 1688 ¹
1038 1660 1159 1712 vocant
1176 1645 1336 1730 injustum
1354 1643 1520 1710 materiale

345 1769 378 1820 et
409 1753 537 1820 formali
569 1772 766 1840 opponunt,
797 1757 920 1825 Baldus
941 1755 954 1792 ²
973 1775 1053 1824 vcro
1083 1758 1203 1824 vitium
1237 1755 1429 1823 existentiae
1449 1773 1519 1822 non

345 1867 564 1933 conscientiae
597 1871 760 1951 appellat,
799 1889 870 1936 esse
900 1883 1011 1952 potest
1043 1869 1078 1934 in
1107 1869 1149 1936 iis
1180 1869 1301 1950 etim,
1335 1887 1420 1950 quae
1453 1885 1521 1933 non

346 1993 464 2060 sponte
497 1977 604 2060 fiunt,
637 1980 742 2064 cujus·
767 1981 895 2066 generis
921 1996 1001 2046 sunt
1021 1979 1203 2047 infortunia
1222 1995 1256 2046 et
1277 1999 1425 2060 errores,
1446 1985 1520 2048 ἀτυ-

343 2093 475 2174 aplicare
506 2094 556 2160 rol
578 2093 802 2176 ἁμαρτήματιι
831 2093 913 2158 haec
934 2092 1067 2175 quidem
1085 2113 1161 2159 cum
1183 2089 1315 2158 initium
1336 2089 1455 2175 agendi
1477 2089 1518 2154 ab

346 2201 455 2267 animo
486 2215 537 2267 est
569 2201 696 2287 agentis
724 2201 783 2268 sed
813 2203 859 2268 ita
891 2217 999 2270 tamen
1031 2219 1070 2270 ut
1092 2204 1126 2270 in
1148 2203 1262 2286 aliquo
1288 2199 1441 2281 fallamur,
1462 2199 1519 2266 illa

344 2331 426 2379 vero
447 2313 506 2378 ubi
528 2312 660 2380 initium
689 2314 807 2400 agendi
836 2314 989 2396 aliunde,
1022 2330 1062 2380 ut
1082 2314 1111 2382 si
1133 2317 1236 2380 telum
1257 2334 1356 2380 manu
1376 2312 1517 2398 fugerit,

346 2437 379 2490 et
397 2422 432 2488 in
455 2423 586 2490 coactis.
629 2429 674 2492 Τὸ
695 2427 789 2495 ἄδικον
810 2445 908 2492 omne
927 2441 1055 2494 veteres
1070 2426 1155 2511 juris
1177 2425 1320 2492 Romani
1342 2424 1518 2491 auctores⁸

345 2555 491 2616 noxam,
514 2549 548 2602 et
565 2535 600 2600 id
614 2537 745 2620 proprie
756 2536 811 2601 cui
823 2537 916 2604 abest
934 2543 969 2607 τὸ
990 2541 1123 2620 mim
1135 2541 1331 2623 pauperiem
1351 2537 1516 2602 dixerunt.

342 2647 473 2713 Animal
502 2647 594 2730 quod
622 2667 721 2715 sensu
748 2647 884 2715 rationis
916 2661 1006 2716 caret
1036 2646 1157 2734 injuria
1173 2666 1241 2714 non
1263 2646 1360 2726 facit,
1381 2648 1447 2713 hoc
1470 2657 1519 2714 est

341 2763 474 2841 ἄδίιοιμα
493 2773 551 2824 aut
570 2763 670 2829 ἀδικία
690 2758 725 2824 in
745 2759 836 2825 istud
858 2760 976 2825 animal
995 2777 1063 2825 non
1085 2759 1196 2840 cadit,
1220 2778 1294 2825 cum
1312 2760 1517 2825 voluntatem

342 2887 410 2935 non
430 2870 548 2936 habeat
567 2883 601 2936 et
621 2872 727 2936 multo
749 2871 857 2937 minus
877 2871 1083 2937 electionem.
1126 2869 1282 2956 Iniuriam
1301 2885 1409 2936 tamen
1428 2867 1517 2934 facin

341 2981 429 3047 Nam
449 2981 570 3068 injuria
591 3001 709 3048 nomen
726 2985 874 3066 generale
897 2997 947 3049 est
965 2997 1005 3047 ut
1022 2982 1056 3047 in
1078 2984 1150 3068 lege
1161 2982 1295 3065 Aquilia
1314 2981 1351 3062 ⁴,
1374 2979 1517 3048 etiamin

343 3111 405 3175 eo,
429 3093 488 3176 qui
508 3113 627 3160 nocere
649 3094 767 3161 noluit
811 3095 858 3160 Et
877 3092 965 3160 forte
982 3112 1049 3161 non
1068 3094 1247 3161 errabimus
1265 3093 1293 3160 si
1304 3093 1452 3160 dicamus
1467 3095 1517 3163 riv

340 3205 472 3273 ἄδικόντι
484 3208 651 3288 πράττονται
664 3203 785 3288 facere
800 3207 990 3292 injuriam,
1005 3212 1055 3276 τὸν
1066 3211 1221 3276 ἀδικοῦντι
1233 3205 1354 3290 facere
1363 3201 1515 3291 injuria,

341 3317 390 3382 τὸν
408 3315 502 3383 ἄδικον
514 3314 817 3400 faccrciru‘uriose.
839 3317 972 3404 Quibus
994 3317 1194 3401 respondent
1203 3317 1515 3400 δίκαιόντιτρτὶττεττ,

340 3426 614 3508 summorum>
629 3426 743 3502 luxum
753 3429 908 3510 τρῶττειν,
923 3427 1044 3512 facere
1055 3429 1139 3514 jus,
1150 3427 1380 3515 facetosum,
1395 3425 1516 3510 facere

333 3534 438 3619 juste.
461 3535 606 3601 Possunt
621 3549 655 3600 et
676 3535 755 3602 haec
779 3537 820 3604 ad
840 3542 942 3607 verba
959 3540 1120 3607 Marciani
1140 3541 1153 3574 ⁸
1175 3537 1360 3624 dejudiciis
1371 3535 1515 3621 publicis

343 3645 471 3730 aptari,
491 3661 530 3711 ut
552 3645 696 3712 dicamru
715 3650 811 3718 ἄδικόν
828 3677 857 3720 τι
879 3653 1018 3736 πράττειν
1038 3669 1112 3718 eum
1134 3647 1193 3734 qui
1205 3671 1310 3731 casu,
1332 3655 1439 3719 ἀδικεῖν
1455 3648 1515 3730 qui

342 3760 600 3845 impanatum
619 3761 757 3844 uruit-reu
777 3779 852 3827 eum
864 3762 923 3845 qui
930 3766 1099 3849 proposito
1111 3761 1285 3845 delinquis
1309 3760 1396 3826 Dico
1413 3758 1515 3844 igitur

343 3887 405 3936 nos
416 3888 490 3936 cum
507 3868 541 3936 iu
553 3871 647 3938 hoste
659 3871 810 3957 injuriam
822 3873 1019 3956 requirimus
1030 3874 1127 3940 etiam
1139 3893 1208 3940 eam
1222 3871 1514 3956 comprehendere,

343 3999 427 4063 quae
455 3981 642 4049 voluntarie
672 4002 740 4049 non
762 3983 837 4050 fiat:
873 3985 965 4068 quod
986 3985 1050 4052 hoc
1083 3984 1182 4050 modo
1212 3982 1419 4052 manifestum
1442 3981 1514 4050 eric

376 4324 494 4375 ¹Thom.
521 4341 544 4376 τ.
559 4341 582 4378 2.
600 4342 626 4389 q.
645 4341 686 4391 59.
703 4340 790 4378 arte.
825 4326 885 4380 ’τά
901 4331 919 4378 l.
939 4341 960 4379 ι.
979 4332 1008 4379 C·
1026 4332 1095 4380 unde
1113 4330 1150 4379 vi.
1167 4330 1211 4393 [C.
1228 4333 1252 4378 8.
1269 4329 1307 4392 4,]
1343 4327 1513 4378 ⁸1.1.ff.si

341 4419 492 4479 quadrupes.
511 4417 555 4482 [D.
572 4432 598 4481 9.
619 4419 653 4482 r.]
688 4417 699 4452 ⁴
716 4422 734 4467 l.
751 4421 796 4469 sed
813 4419 869 4468 ersi.
887 4424 909 4479 5.
930 4434 951 4470 1.
968 4421 994 4470 ff.
1010 4422 1042 4470 ad
1057 4423 1075 4469 l.
1090 4421 1176 4482 Aquil.
1188 4421 1232 4482 [D.
1246 4435 1271 4483 9.
1288 4434 1311 4470 2.
1322 4421 1357 4484 ⁵·]
1392 4419 1403 4452 ⁵
1420 4423 1439 4469 1.
1453 4433 1512 4481 per·

341 4508 509 4592 spiciendum.
526 4513 548 4570 ς.
566 4509 731 4572 delinquitur.
748 4509 773 4560 ff.
788 4513 819 4560 de
837 4510 936 4572 poenis.
955 4507 999 4574 [D.
1014 4513 1056 4574 48.
1076 4526 1113 4575 19.
1134 4525 1172 4562 ιι.
1189 4511 1210 4573 §-
1228 4511 1265 4574 2.]
