3362 5504
343 601 406 664 290
633 602 680 648 DE
703 603 797 670 JURE
823 601 1007 648 PRAEDAE.
1032 602 1112 648 cAP.
1138 601 1216 648 xr11.

342 755 409 822 vim
439 771 471 822 et
490 778 577 823 arma
597 757 796 841 processuri.
844 757 1078 823 Verumtamen
1115 759 1364 839 qualescunque
1393 757 1519 839 accepti

345 882 423 934 sunt
444 867 613 949 codicilli,
638 889 693 935 eos
718 867 843 934 etiarnsi
863 869 1012 935 abessent
1034 884 1159 935 caetera
1188 867 1416 934 auctoritatem
1439 867 1520 933 huic

346 977 435 1044 facto
456 995 639 1063 praestare,
664 980 856 1046 tentandum
877 996 938 1047 est.
985 981 1086 1047 Dedit
1115 996 1222 1047 autem
1242 979 1415 1046 codicillos
1439 979 1523 1046 alios

347 1091 513 1174 praefecto
543 1092 646 1158 totius
677 1092 790 1159 classis
821 1093 1081 1175 Hemskerclcio,
1104 1093 1188 1158 alios
1218 1092 1270 1157 his
1294 1091 1352 1173 qui
1378 1090 1523 1157 navibus

348 1202 488 1287 singulis
511 1219 681 1286 praeerant
703 1204 858 1287 Princeps
882 1204 936 1272 ille
960 1225 1034 1270 curn
1064 1224 1202 1289 genere,
1231 1219 1300 1269 tum
1324 1204 1425 1269 rebus
1447 1223 1465 1268 a
1485 1223 1523 1270 se

351 1315 450 1400 gestis
480 1316 665 1397 maximus,
700 1316 758 1398 qui
791 1336 864 1381 cum
889 1316 1052 1383 Ordinum
1071 1318 1167 1401 jussu
1188 1334 1350 1381 summum
1374 1315 1523 1381 obtineat

352 1426 429 1493 belli
451 1427 622 1511 imperium
642 1443 725 1494 terra
746 1428 915 1511 marique,
939 1431 1056 1512 procul
1075 1429 1177 1495 dubio
1187 1428 1281 1511 juxta
1293 1447 1344 1507 ea,
1364 1447 1448 1509 quae
1460 1447 1522 1492 nos

189 1558 254 1602 Ana
264 1554 335 1620 confr.
349 1538 427 1606 alibi
459 1539 775 1621 demonstravimus,
799 1540 877 1606 belli
909 1540 1082 1606 mandandi
1103 1543 1159 1624 jus
1187 1539 1315 1605 habuit.
1365 1539 1522 1605 Codicilli

190 1610 244 1710 iiii
264 1618 334 1655 m
350 1651 621 1718 Hemskerckiani
653 1665 767 1718 vetant
789 1672 863 1718 cum
888 1673 1054 1735 quoquam
1087 1672 1201 1718 manus
1223 1649 1420 1735 praefectum
1441 1671 1524 1718 con-

349 1783 473 1854 serere,
496 1763 561 1829 nisi
584 1767 791 1847 compulsum
816 1764 960 1848 injuria,
985 1764 1048 1830 sibi
1078 1763 1189 1831 suisve
1213 1779 1269 1829 aut
1290 1764 1431 1830 navibus
1451 1763 1524 1828 suis

349 1874 461 1942 inferri
483 1891 614 1942 tentata.
639 1876 742 1964 Quod
761 1876 788 1942 si
812 1877 958 1957 accidat,
982 1895 1049 1942 non
1072 1876 1272 1960 permittitur
1293 1890 1440 1956 tantum,
1465 1873 1540 1940 ve-'

348 2009 419 2053 rum
445 1987 541 2054 etiam
560 1989 696 2072 jubetur
717 1989 846 2054 cunctis
866 1990 964 2055 rebus
984 1989 1053 2069 uti,
1078 2009 1159 2072 quas
1179 1988 1287 2054 autad
1299 1986 1522 2054 defensionem

349 2100 401 2165 sui
425 2120 626 2182 suorumque
647 2121 846 2182 suarumque
867 2101 1021 2181 navium,
1046 2115 1103 2166 aut
1125 2100 1166 2166 ad
1186 2099 1323 2185 iniuriae
1346 2098 1524 2182 reparatio-

349 2232 422 2277 nem
444 2212 638 2279 necessarias
659 2233 728 2279 esse
750 2190 918 2298 intelligit.
942 2214 991 2279 Ita
1007 2229 1045 2280 ut
1065 2214 1093 2279 si
1106 2233 1191 2296 quos
1203 2228 1318 2278 nactus
1332 2212 1364 2277 in
1376 2225 1522 2295 potesta-

349 2338 414 2389 tem
438 2323 538 2390 fuerit
569 2344 701 2405 eorum,
726 2324 784 2407 qui
804 2345 839 2390 se
860 2325 1011 2392 inimicos
1042 2325 1269 2404 ostenderint,
1293 2340 1350 2389 aut
1377 2323 1524 2406 Principi

351 2456 407 2502 eos
437 2435 571 2514 offerat,
596 2451 653 2501 aut
676 2436 721 2501 ita
745 2436 784 2501 de
815 2437 880 2504 illis
903 2451 1047 2518 statuat,
1072 2437 1121 2502 uti
1146 2437 1296 2520 expedire
1329 2450 1361 2501 et
1383 2435 1523 2518 tempori

351 2547 526 2614 convenire
557 2548 770 2614 existimabit.
816 2549 895 2615 Vim
918 2549 1004 2616 enim
1031 2550 1067 2616 vi
1091 2569 1256 2633 opponere
1279 2569 1353 2614 cum
1376 2548 1524 2614 omnium

351 2660 497 2745 gentium
520 2661 593 2744 jure
621 2660 741 2741 liceat,
765 2661 828 2725 sibi
853 2682 985 2744 quoque
1008 2663 1163 2745 Princeps
1187 2661 1232 2727 ait
1261 2663 1387 2745 justum
1412 2675 1445 2725 et
1464 2661 1525 2725 ho-

351 2787 479 2838 nestum
503 2772 622 2838 videri.
667 2773 704 2838 In
727 2773 913 2856 praefectos
933 2789 1040 2840 autem
1063 2773 1196 2840 navium
1218 2773 1420 2858 singularum
1434 2772 1525 2838 codi-

219 2905 292 2951 nam
315 2906 337 2953 a.
352 2884 436 2950 cillis
455 2884 694 2968 principalibus
715 2884 883 2952 confertur
894 2901 1040 2969 potestas
1053 2885 1212 2969 capitanei
1225 2885 1294 2950 sive
1306 2884 1524 2964 centurionis,

191 2960 337 3061 izi'i'i'oiiw'
352 2996 516 3080 simulque
538 2997 724 3063 mandatum
755 2999 873 3079 datur,
898 3019 983 3080 quos
1012 2998 1120 3065 visum
1152 2997 1213 3063 erit
1239 3012 1354 3062 nautas
1386 2999 1526 3082 allegere

352 3124 385 3175 et
405 3109 563 3176 officiales
585 3110 662 3176 navi
681 3131 889 3193 praeponere.
912 3111 1077 3195 Jubentur
1100 3109 1218 3176 deinde
1230 3109 1326 3174 armis
1340 3109 1525 3189 abstinere,

351 3221 415 3288 nisi
448 3220 531 3288 forte
555 3221 582 3289 si
607 3223 681 3304 quis
712 3223 877 3288 hostiliter
907 3223 996 3306 ipsos
1018 3222 1227 3307 navigatione
1252 3236 1308 3286 aut
1328 3220 1526 3287 commercio

351 3335 525 3417 prohibere
558 3350 705 3402 conetur.
751 3335 789 3400 Id
814 3335 950 3403 enimsi
979 3335 1035 3400 fiat
1058 3335 1191 3402 omnino
1212 3335 1370 3418 jubentur
1394 3353 1526 3416 operam

352 3446 449 3526 dare,
474 3460 511 3511 ut
535 3466 590 3512 eos
616 3447 674 3528 qui
697 3467 731 3512 se
752 3446 917 3514 hostiliter
941 3447 1099 3531 gesserint
1122 3447 1155 3512 in
1179 3465 1269 3512 suam
1294 3445 1443 3530 redigant
1466 3466 1527 3527 po·

351 3573 522 3639 testatem,
547 3558 592 3623 ita
613 3574 719 3624 tamen
743 3574 781 3624 ut
802 3560 885 3625 bona
908 3580 991 3641 quae
1012 3579 1050 3624 eo
1070 3559 1168 3624 modo
1181 3558 1347 3642 ceperint,
1368 3557 1402 3622 in
1415 3556 1528 3624 foede-

349 3685 434 3736 ratas
468 3670 619 3755 regiones
651 3670 795 3737 conferre
829 3672 990 3752 debeant,
1024 3691 1092 3752 quo
1121 3670 1329 3755 ajudicibus
1352 3669 1528 3735 maritimis

350 3784 422 3865 ejus
453 3783 543 3864 loci,
562 3775 602 3848 ¹in
633 3804 731 3865 quem
767 3805 818 3850 res
842 3783 1047 3863 inferentur,
1071 3783 1206 3865 praedae
1231 3782 1446 3862 addicantur,
1471 3797 1530 3847 aut

350 3894 466 3976 aliter,
489 3895 539 3960 uti
564 3897 750 3977 oportebit,
775 3897 819 3962 ita
844 3896 912 3963 fiat.
959 3895 1112 3978 Denique
1145 3908 1182 3960 ut
1215 3916 1310 3961 omne
1342 3895 1377 3959 id
1407 3893 1529 3960 saciant

350 4007 442 4088 quod
465 4006 667 4074 centurionis
691 4008 816 4075 navalis
833 4008 982 4075 officium
1007 4024 1065 4076 est.
1102 4008 1188 4072 Cum
1207 4007 1360 4089 Princeps
1379 4006 1416 4072 id
1430 4025 1528 4072 omne

349 4117 526 4203 concedit,
555 4120 647 4200 quod
670 4121 710 4186 ad
731 4120 866 4206 injurias
890 4120 1081 4206 reparandas
1100 4119 1317 4186 necessarium
1331 4135 1401 4200 est,
1426 4118 1529 4200 idque

350 4231 457 4314 ipsum
480 4233 520 4297 ad
538 4234 593 4316 jus
615 4232 761 4317 gentium
781 4231 904 4313 refert,
928 4253 994 4300 non
1018 4234 1081 4298 hoc
1101 4247 1229 4298 tantum
1242 4231 1427 4315 permittere
1440 4230 1528 4296 exis·

350 4342 516 4411 rimandus
541 4360 613 4425 est,
637 4359 674 4409 ut
697 4345 799 4410 exiis
823 4361 1036 4428 reparentur,
1061 4346 1119 4427 qui
1136 4344 1198 4428 ipsi
1222 4344 1358 4429 injurias
1379 4342 1530 4409 iecerunt

351 4457 408 4522 sed
431 4477 470 4523 ex
493 4458 668 4538 omnibus,
693 4458 751 4541 qui
776 4458 816 4523 ad
840 4477 892 4524 eas
917 4459 1108 4541 reparandas
1132 4459 1206 4542 jure
1230 4455 1376 4542 gentium
1390 4455 1529 4540 obligati
