3362 5504
186 1592 227 1638 VI.

325 569 386 647 328
622 585 669 632 na
692 585 786 652 Juau
811 585 994 632 aaaron.
1019 585 1099 633 cnr.
1124 587 1180 632 κν.

323 737 501 821 plurimum
538 737 688 823 Hispano
727 740 852 826 negotii
883 761 940 824 per
968 741 1092 808 Indiam
1122 741 1290 824 exhiberi,
1331 756 1370 806 ut
1397 740 1496 806 novis

323 850 463 917 subinde
483 850 631 918 cladibus
651 867 685 918 et
701 852 826 919 damnis
848 854 1020 936 turbetur,
1044 855 1232 938 praesertim
1254 874 1327 919 cum
1348 872 1433 934 qnae
1453 872 1497 917 cx

324 962 486 1028 contraria
504 977 593 1045 parte
610 963 814 1030 sustinentur
832 963 997 1047 impensae
1015 966 1249 1049 rempublicam
1261 984 1328 1031 non
1338 978 1497 1041 onerent,

322 1074 416 1140 seda
434 1074 571 1158 privatis
589 1073 851 1157 proficiscantur.
897 1078 943 1142 Et
962 1076 1038 1158 quis
1056 1077 1120 1144 scit
1138 1097 1178 1142 an
1197 1075 1276 1143 felix
1295 1097 1353 1160 per
1371 1076 1497 1142 Indiam

323 1204 495 1254 successus
522 1205 600 1252 mox
629 1186 663 1252 in
682 1186 866 1253 Americam
885 1187 1010 1270 aliquid
1030 1189 1171 1254 audendi
1192 1189 1328 1255 daturus
1348 1189 1392 1253 sit
1411 1187 1497 1252 lidu-

322 1297 431 1363 ciam?
478 1297 580 1384 Quod
607 1299 635 1365 si
664 1298 812 1380 eveniat,
846 1298 929 1381 quid
955 1299 1045 1365 aliud
1075 1319 1172 1383 quam
1203 1299 1321 1382 praeda
1348 1298 1495 1365 omnium

323 1408 468 1494 gentium
492 1408 553 1476 erit
571 1408 627 1476 illa
638 1429 678 1476 ex
690 1409 836 1477 omnium
849 1405 996 1496 gentium
1009 1410 1125 1494 spoliis
1137 1413 1276 1477 collecta
1287 1409 1494 1477 dominatio?

190 1521 390 1605 aratraanam
413 1541 491 1588 vero
515 1520 544 1586 si
565 1541 681 1588 verum
705 1537 776 1604 est,
808 1535 847 1588 ut
873 1522 1018 1606 magistri
1041 1522 1142 1607 hujus
1164 1520 1210 1587 rei
1233 1521 1441 1605 praecipiunt
1460 1521 1494 1602 ¹,

321 1633 355 1698 in
378 1633 471 1699 utilis
494 1632 754 1700 consideratione
773 1632 868 1699 etiam
880 1634 927 1698 rei
938 1633 1125 1716 propositae
1136 1633 1323 1699 facilitatem
1337 1631 1495 1716 spectari,

320 1759 450 1811 struant
473 1745 521 1810 illi
545 1743 694 1827 quamvis
727 1742 981 1827 pretiosissimas
1004 1748 1145 1825 classes,
1176 1759 1215 1810 ut
1236 1744 1346 1810 omnia
1368 1744 1494 1828 ingenti

321 1871 477 1939 apparatu
499 1870 667 1938 strepant,
684 1856 712 1920 si
737 1855 820 1938 quid
842 1849 939 1937 illos,
963 1856 991 1922 si
1014 1856 1097 1938 quid
1118 1876 1153 1922 se
1173 1855 1286 1922 Batavi
1305 1870 1494 1936 noverunt,

320 1968 404 2035 nihil
434 1967 574 2051 periculi
606 1982 665 2033 est.
710 1967 789 2032 Non
822 1967 925 2052 magis
956 1966 1106 2051 profecto
1139 1987 1236 2049 quam
1269 1965 1428 2034 Romanis
1452 1968 1492 2032 ab

321 2079 465 2146 exercitu
500 2077 661 2144 Antiochi
709 2077 799 2161 fuit,
834 2077 869 2144 in
903 2099 971 2160 quo
1005 2077 1108 2144 facete
1142 2078 1259 2146 lusisse
1293 2079 1491 2144 Annibalem

320 2191 451 2257 scimus.
475 2190 560 2256 Nam
584 2210 658 2256 cum
682 2210 740 2256 rex
762 2189 811 2256 illi
823 2188 933 2273 copias
945 2209 1133 2257 numerosas
1145 2190 1252 2256 aureis
1263 2190 1493 2274 argenteisque

320 2302 462 2370 nitentes
474 2301 680 2387 insignibus,
704 2300 839 2368 falcatos
851 2322 988 2384 currus,
1011 2302 1148 2368 turritos
1160 2303 1374 2384 elephantos,
1398 2301 1493 2382 equi·

320 2398 422 2480 tatum
455 2412 600 2494 fraenis,
634 2412 821 2496 ephippiis,
845 2413 1047 2494 monilibus,
1070 2413 1213 2497 phaleris
1235 2412 1491 2498 praefulgentem
1555 2491 1558 2495 p

320 2524 556 2611 gloriabundus
567 2523 755 2591 ostenderet
774 2539 806 2589 et
826 2539 1012 2607 quaereret,
1024 2545 1102 2591 num
1122 2525 1202 2592 satis
1220 2544 1290 2592 esse
1309 2525 1364 2591 illa
1384 2524 1492 2590 omnia

320 2636 479 2704 Romanis
508 2634 694 2720 judicaret,
719 2635 775 2702 ille
797 2635 855 2718 qui
877 2634 961 2703 nihil
983 2636 1086 2722 magis
1109 2656 1206 2718 quam
1230 2636 1412 2702 imbellium
1432 2637 1493 2701 ho·

318 2749 441 2814 minum
467 2747 629 2832 ignaviam
654 2761 837 2830 spectaret,
861 2748 940 2814 satis
964 2768 1033 2814 esse
1056 2747 1141 2814 dixit
1162 2747 1341 2826 Romanis,
1366 2747 1492 2812 etiamsi

318 2859 498 2927 avarissimi
510 2873 641 2940 essent,
662 2858 948 2942 interrogatusque
959 2859 999 2924 de
1011 2859 1222 2926 contentione
1234 2859 1372 2938 virium,
1397 2859 1492 2941 quasi

318 2971 358 3035 de
381 2969 543 3052 praesenti
566 2968 684 3051 praeda
706 2967 894 3065 pespondit.
942 2969 1084 3036 Mutatis
1106 2970 1246 3038 vocibus
1268 2971 1393 3036 dictum
1418 2969 1491 3035 imi-

318 3080 479 3166 tabimur:
515 3078 680 3162 quidquid
704 3078 858 3144 Lusitani
879 3098 937 3162 per
959 3077 1084 3146 Indiam
1107 3097 1242 3165 parant,
1268 3081 1379 3165 specie
1401 3099 1491 3165 mag-

318 3193 478 3273 nificum,
510 3190 617 3275 pretio
649 3192 866 3273 opulentum,
899 3188 933 3254 id
963 3191 1043 3256 satis
1075 3212 1145 3258 esse
1176 3193 1330 3274 Batavis,
1363 3191 1490 3259 etiamsi

318 3304 468 3389 plurimis
501 3301 610 3369 affecti
643 3298 768 3368 damnis
800 3321 867 3367 non
895 3301 1057 3369 immerito
1079 3303 1224 3394 vicissim
1248 3305 1387 3388 plurima
1411 3324 1488 3371 con-

319 3417 501 3501 cupiscant.
547 3413 763 3480 Antisthenes
783 3412 795 3448 ²
815 3413 892 3478 olim
927 3415 1088 3499 eleganter
1118 3415 1161 3484 ὅτι
1191 3421 1238 3485 δεῖ
1259 3427 1319 3493 τοῖς
1341 3421 1489 3499 πολεμίοις

317 3533 453 3615 εὔχεσθαι
475 3530 606 3608 τ’ἆγαθόι
627 3537 760 3610 arrepebat
779 3529 866 3610 χωρὶς
886 3530 1027 3610 ἀνδρείας.
1056 3531 1170 3606 γίνεται
1187 3533 1248 3611 γὰρ
1267 3527 1356 3604 οὕτως’
1379 3532 1412 3596 οὐ
1434 3537 1489 3596 τῶν

317 3643 441 3726 ἐχόντων
463 3642 549 3708 ailad
567 3647 624 3706 τῶν
643 3639 829 3720 κρατούντων.
855 3636 1013 3702 Hostibus
1026 3637 1109 3701 bona
1122 3651 1160 3702 ut
1172 3637 1286 3703 adsint
1308 3637 1487 3724 optandum

318 3753 598 3817 estsinatirtuta.
621 3748 676 3812 Sic
699 3749 783 3811 anim
803 3743 894 3829 fiunt
918 3769 981 3812 non
1003 3748 1488 3815 habentiumsedninccntium.

318 3861 366 3928 Et
391 3879 467 3927 sane
491 3859 549 3941 qui
568 3858 695 3946 judicio
719 3859 938 3941 comparabit,
962 3879 1058 3926 nemo
1082 3860 1174 3926 aliter
1196 3860 1327 3927 sentiet.
1375 3861 1487 3928 Naves

318 3973 457 4038 Batavae
489 3985 613 4054 quanto
647 3971 789 4037 minores
817 3985 908 4036 tanto
933 3971 1084 4057 agiliores
1107 3988 1206 4053 sunt,
1229 3971 1341 4040 faciles
1363 3972 1487 4041 moveri

317 4084 357 4148 ad
389 4103 501 4149 omnes
534 4081 610 4149 belli
644 4097 701 4147 aut
731 4082 828 4149 maris
859 4101 954 4150 casus
977 4098 1009 4149 et
1031 4103 1114 4166 quas
1144 4083 1259 4152 emissa
1288 4105 1328 4151 ex
1350 4086 1486 4151 adverso

315 4198 378 4262 tela
411 4195 542 4279 impune
576 4177 803 4277 supervolent,
847 4195 982 4261 Illorum
1005 4215 1138 4281 magnae
1162 4197 1337 4279 tardaeque
1360 4199 1484 4277 moles,

350 4427 356 4458 ¹
378 4429 454 4477 Arist.
473 4431 548 4476 Rhet.
569 4431 592 4476 d.
611 4432 679 4476 loco.
700 4429 738 4492 [p.
761 4432 830 4488 ¹363·
850 4446 871 4478 a.
891 4447 927 4480 vs.
948 4431 1000 4493 aa]
1038 4431 1135 4481 ²st0h.
1154 4436 1229 4480 serm.
1254 4431 1305 4495 [⁵4·
1324 4434 1378 4493 41.]
