<?xml version="1.0" encoding="UTF-8"?>
<!DOCTYPE html PUBLIC "-//W3C//DTD XHTML 1.0 Transitional//EN"
    "http://www.w3.org/TR/xhtml1/DTD/xhtml1-transitional.dtd">
<html xmlns="http://www.w3.org/1999/xhtml" xml:lang="en" lang="en">
 <head>
  <title>
</title>
<meta http-equiv="Content-Type" content="text/html;charset=utf-8" />
  <meta name='ocr-system' content='tesseract 3.04.00' />
  <meta name='ocr-capabilities' content='ocr_page ocr_carea ocr_par ocr_line ocrx_word'/>
</head>
<body>
  <div class='ocr_page' id='page_1' title='image "./ledroitdeprised01hamagoog_0309.png"; bbox 0 0 3362 5504; ppageno 0'>
   <div class='ocr_carea' id='block_1_1' title="bbox 470 566 1343 647">
    <p class='ocr_par' dir='ltr' id='par_1_1' title="bbox 470 566 1343 647">
     <span class='ocr_line' id='line_1_1' title="bbox 470 566 1343 647; baseline 0 -19"><span class='ocrx_word' id='word_1_1' title='bbox 470 583 516 628; x_wconf 82' lang='lat' dir='ltr'><strong>us</strong></span> <span class='ocrx_word' id='word_1_2' title='bbox 540 583 633 647; x_wconf 70' lang='lat' dir='ltr'><strong>¹mann</strong></span> <span class='ocrx_word' id='word_1_3' title='bbox 660 582 842 628; x_wconf 74' lang='lat' dir='ltr'><strong>pannosa.</strong></span> <span class='ocrx_word' id='word_1_4' title='bbox 867 582 947 629; x_wconf 77' lang='lat' dir='ltr'><strong>cae.</strong></span> <span class='ocrx_word' id='word_1_5' title='bbox 972 581 1051 628; x_wconf 90' lang='lat' dir='ltr'><strong>x111.</strong></span> <span class='ocrx_word' id='word_1_6' title='bbox 1282 566 1343 642; x_wconf 84' lang='lat'><strong>287</strong></span> 
     </span>
    </p>
   </div>
   <div class='ocr_carea' id='block_1_2' title="bbox 156 735 1506 4496">
    <p class='ocr_par' dir='ltr' id='par_1_2' title="bbox 156 735 1503 1823">
     <span class='ocr_line' id='line_1_2' title="bbox 170 735 1344 818; baseline -0.003 -17"><span class='ocrx_word' id='word_1_7' title='bbox 170 755 369 818; x_wconf 87' lang='lat' dir='ltr'><strong>quamquam</strong></span> <span class='ocrx_word' id='word_1_8' title='bbox 403 736 534 803; x_wconf 88' lang='lat' dir='ltr'>difficile</span> <span class='ocrx_word' id='word_1_9' title='bbox 566 751 615 802; x_wconf 90' lang='lat' dir='ltr'><strong>est</strong></span> <span class='ocrx_word' id='word_1_10' title='bbox 645 736 698 802; x_wconf 91' lang='lat' dir='ltr'><strong>bis</strong></span> <span class='ocrx_word' id='word_1_11' title='bbox 727 735 915 818; x_wconf 89' lang='lat' dir='ltr'><strong>praesertim</strong></span> <span class='ocrx_word' id='word_1_12' title='bbox 949 735 1006 817; x_wconf 94' lang='lat' dir='ltr'><strong>qui</strong></span> <span class='ocrx_word' id='word_1_13' title='bbox 1040 735 1127 818; x_wconf 90' lang='lat' dir='ltr'><strong>apud</strong></span> <span class='ocrx_word' id='word_1_14' title='bbox 1150 735 1249 802; x_wconf 88' lang='lat' dir='ltr'>Indos</span> <span class='ocrx_word' id='word_1_15' title='bbox 1271 755 1344 801; x_wconf 91' lang='lat' dir='ltr'><strong>ver-</strong></span> 
     </span>
     <span class='ocr_line' id='line_1_3' title="bbox 170 845 1345 931; baseline 0 -19"><span class='ocrx_word' id='word_1_16' title='bbox 170 861 284 914; x_wconf 84' lang='lat' dir='ltr'>santur</span> <span class='ocrx_word' id='word_1_17' title='bbox 306 849 350 913; x_wconf 95' lang='lat' dir='ltr'><strong>ob</strong></span> <span class='ocrx_word' id='word_1_18' title='bbox 373 847 606 914; x_wconf 89' lang='lat' dir='ltr'><strong>manifestas</strong></span> <span class='ocrx_word' id='word_1_19' title='bbox 599 847 758 931; x_wconf 74' lang='lat' dir='ltr'><strong>mintius,</strong></span> <span class='ocrx_word' id='word_1_20' title='bbox 793 846 864 913; x_wconf 90' lang='lat' dir='ltr'><strong>fieri</strong></span> <span class='ocrx_word' id='word_1_21' title='bbox 892 861 999 912; x_wconf 89' lang='lat' dir='ltr'><strong>tamen</strong></span> <span class='ocrx_word' id='word_1_22' title='bbox 1034 866 1131 930; x_wconf 91' lang='lat' dir='ltr'><strong>posse</strong></span> <span class='ocrx_word' id='word_1_23' title='bbox 1155 866 1221 914; x_wconf 91' lang='lat' dir='ltr'><strong>non</strong></span> <span class='ocrx_word' id='word_1_24' title='bbox 1244 845 1345 930; x_wconf 90' lang='lat' dir='ltr'><strong>perti-</strong></span> 
     </span>
     <span class='ocr_line' id='line_1_4' title="bbox 168 959 1504 1072; baseline 0.001 -49"><span class='ocrx_word' id='word_1_25' title='bbox 168 959 293 1026; x_wconf 90' lang='lat' dir='ltr'><strong>naciter</strong></span> <span class='ocrx_word' id='word_1_26' title='bbox 316 980 441 1043; x_wconf 84' lang='lat' dir='ltr'><strong>negem.</strong></span> <span class='ocrx_word' id='word_1_27' title='bbox 466 959 512 1027; x_wconf 86' lang='lat' dir='ltr'><strong>Et</strong></span> <span class='ocrx_word' id='word_1_28' title='bbox 536 980 574 1026; x_wconf 92' lang='lat' dir='ltr'><strong>eo</strong></span> <span class='ocrx_word' id='word_1_29' title='bbox 598 960 696 1025; x_wconf 92' lang='lat' dir='ltr'><strong>modo</strong></span> <span class='ocrx_word' id='word_1_30' title='bbox 720 960 842 1024; x_wconf 91' lang='lat' dir='ltr'><strong>bellum</strong></span> <span class='ocrx_word' id='word_1_31' title='bbox 861 959 1047 1040; x_wconf 87' lang='lat' dir='ltr'>utrimque,</span> <span class='ocrx_word' id='word_1_32' title='bbox 1070 973 1134 1024; x_wconf 89' lang='lat' dir='ltr'><strong>tam</strong></span> <span class='ocrx_word' id='word_1_33' title='bbox 1147 959 1342 1024; x_wconf 88' lang='lat' dir='ltr'><strong>Batavorum</strong></span> <span class='ocrx_word' id='word_1_34' title='bbox 1357 969 1393 1014; x_wconf 77' lang='lat' dir='ltr'><em>E</em></span> <span class='ocrx_word' id='word_1_35' title='bbox 1358 973 1504 1072; x_wconf 37' lang='lat' dir='ltr'><strong>&#39;gepp-</strong></span> 
     </span>
     <span class='ocr_line' id='line_1_5' title="bbox 169 1070 1448 1154; baseline 0 -20"><span class='ocrx_word' id='word_1_36' title='bbox 169 1090 269 1152; x_wconf 91' lang='lat' dir='ltr'><strong>quarn</strong></span> <span class='ocrx_word' id='word_1_37' title='bbox 302 1070 537 1137; x_wconf 88' lang='lat' dir='ltr'>Lusitanorum</span> <span class='ocrx_word' id='word_1_38' title='bbox 572 1071 694 1138; x_wconf 89' lang='lat' dir='ltr'><strong>civium</strong></span> <span class='ocrx_word' id='word_1_39' title='bbox 725 1084 897 1153; x_wconf 80' lang='lat' dir='ltr'><strong>respectu,</strong></span> <span class='ocrx_word' id='word_1_40' title='bbox 928 1071 1053 1154; x_wconf 87' lang='lat' dir='ltr'><strong>justum</strong></span> <span class='ocrx_word' id='word_1_41' title='bbox 1079 1090 1148 1136; x_wconf 89' lang='lat' dir='ltr'><strong>esse</strong></span> <span class='ocrx_word' id='word_1_42' title='bbox 1168 1070 1291 1153; x_wconf 91' lang='lat' dir='ltr'><strong>poterit</strong></span> <span class='ocrx_word' id='word_1_43' title='bbox 1313 1038 1399 1134; x_wconf 63' lang='lat' dir='ltr'><strong>etde·</strong></span> <span class='ocrx_word' id='word_1_44' title='bbox 1417 1085 1448 1126; x_wconf 83' lang='lat'><strong>11·</strong></span> 
     </span>
     <span class='ocr_line' id='line_1_6' title="bbox 168 1181 1502 1294; baseline -0.002 -46"><span class='ocrx_word' id='word_1_45' title='bbox 168 1202 251 1264; x_wconf 92' lang='lat' dir='ltr'><strong>pura</strong></span> <span class='ocrx_word' id='word_1_46' title='bbox 284 1183 484 1250; x_wconf 89' lang='lat' dir='ltr'><strong>conscientia</strong></span> <span class='ocrx_word' id='word_1_47' title='bbox 517 1183 594 1266; x_wconf 84' lang='lat' dir='ltr'><strong>geri.</strong></span> <span class='ocrx_word' id='word_1_48' title='bbox 641 1182 738 1248; x_wconf 85' lang='lat' dir='ltr'><strong>Licet</strong></span> <span class='ocrx_word' id='word_1_49' title='bbox 770 1197 876 1248; x_wconf 90' lang='lat' dir='ltr'><strong>autem</strong></span> <span class='ocrx_word' id='word_1_50' title='bbox 910 1181 943 1246; x_wconf 91' lang='lat' dir='ltr'><strong>in</strong></span> <span class='ocrx_word' id='word_1_51' title='bbox 978 1181 1035 1246; x_wconf 92' lang='lat' dir='ltr'><strong>tali</strong></span> <span class='ocrx_word' id='word_1_52' title='bbox 1070 1182 1157 1248; x_wconf 89' lang='lat' dir='ltr'><strong>bello</strong></span> <span class='ocrx_word' id='word_1_53' title='bbox 1192 1193 1502 1294; x_wconf 46' lang='lat' dir='ltr'><strong>tantum‚37121{2235c1</strong></span> 
     </span>
     <span class='ocr_line' id='line_1_7' title="bbox 156 1281 1502 1394; baseline -0.001 -35"><span class='ocrx_word' id='word_1_54' title='bbox 156 1308 330 1394; x_wconf 77' lang='lat' dir='ltr'><strong>¹quantum</strong></span> <span class='ocrx_word' id='word_1_55' title='bbox 350 1315 368 1358; x_wconf 90' lang='lat' dir='ltr'><strong>a</strong></span> <span class='ocrx_word' id='word_1_56' title='bbox 388 1293 577 1378; x_wconf 87' lang='lat' dir='ltr'><strong>magistratu</strong></span> <span class='ocrx_word' id='word_1_57' title='bbox 601 1294 804 1362; x_wconf 84' lang='lat' dir='ltr'><strong>conceditur.</strong></span> <span class='ocrx_word' id='word_1_58' title='bbox 851 1293 1051 1360; x_wconf 89' lang='lat' dir='ltr'><strong>Concedunt</strong></span> <span class='ocrx_word' id='word_1_59' title='bbox 1074 1308 1179 1360; x_wconf 89' lang='lat' dir='ltr'><strong>autem</strong></span> <span class='ocrx_word' id='word_1_60' title='bbox 1201 1293 1396 1360; x_wconf 82' lang='lat' dir='ltr'><strong>OrdinesW·</strong></span> <span class='ocrx_word' id='word_1_61' title='bbox 1495 1281 1502 1293; x_wconf 79' lang='grc'><strong><em>’</em></strong></span> 
     </span>
     <span class='ocr_line' id='line_1_8' title="bbox 168 1401 1503 1488; baseline 0.001 -20"><span class='ocrx_word' id='word_1_62' title='bbox 168 1401 351 1471; x_wconf 86' lang='lat' dir='ltr'><strong>Lusitanos</strong></span> <span class='ocrx_word' id='word_1_63' title='bbox 383 1405 458 1472; x_wconf 92' lang='lat' dir='ltr'><strong>illos</strong></span> <span class='ocrx_word' id='word_1_64' title='bbox 490 1405 653 1488; x_wconf 89' lang='lat' dir='ltr'><strong>spoliare,</strong></span> <span class='ocrx_word' id='word_1_65' title='bbox 694 1424 836 1486; x_wconf 92' lang='lat' dir='ltr'><strong>quorum</strong></span> <span class='ocrx_word' id='word_1_66' title='bbox 869 1403 933 1470; x_wconf 85' lang='lat' dir='ltr'><strong>fuit</strong></span> <span class='ocrx_word' id='word_1_67' title='bbox 964 1425 1102 1470; x_wconf 88' lang='lat' dir='ltr'><strong>caracca</strong></span> <span class='ocrx_word' id='word_1_68' title='bbox 1156 1403 1277 1470; x_wconf 90' lang='lat' dir='ltr'><strong>Edicto</strong></span> <span class='ocrx_word' id='word_1_69' title='bbox 1310 1403 1503 1470; x_wconf 72' lang='lat' dir='ltr'><strong>idDatamta</strong></span> 
     </span>
     <span class='ocr_line' id='line_1_9' title="bbox 170 1472 1500 1600; baseline -0.001 -20"><span class='ocrx_word' id='word_1_70' title='bbox 170 1516 329 1598; x_wconf 91' lang='lat' dir='ltr'><strong>probatur</strong></span> <span class='ocrx_word' id='word_1_71' title='bbox 375 1517 415 1581; x_wconf 90' lang='lat' dir='ltr'><strong>ab</strong></span> <span class='ocrx_word' id='word_1_72' title='bbox 451 1516 633 1583; x_wconf 89' lang='lat' dir='ltr'><strong>Ordinibus</strong></span> <span class='ocrx_word' id='word_1_73' title='bbox 674 1515 850 1583; x_wconf 89' lang='lat' dir='ltr'><strong>foederatis</strong></span> <span class='ocrx_word' id='word_1_74' title='bbox 895 1518 1126 1600; x_wconf 83' lang='lat' dir='ltr'><strong>promulgate,</strong></span> <span class='ocrx_word' id='word_1_75' title='bbox 1168 1529 1344 1599; x_wconf 85' lang='lat' dir='ltr'><strong>postquam</strong></span> <span class='ocrx_word' id='word_1_76' title='bbox 1356 1472 1500 1580; x_wconf 51' lang='lat' dir='ltr'><strong>uiam</strong></span> 
     </span>
     <span class='ocr_line' id='line_1_10' title="bbox 171 1625 1503 1730; baseline 0.002 -38"><span class='ocrx_word' id='word_1_77' title='bbox 171 1627 317 1710; x_wconf 84' lang='lat' dir='ltr'><strong>Hispani</strong></span> <span class='ocrx_word' id='word_1_78' title='bbox 335 1643 514 1695; x_wconf 87' lang='lat' dir='ltr'><strong>extremum</strong></span> <span class='ocrx_word' id='word_1_79' title='bbox 534 1649 611 1696; x_wconf 87' lang='lat' dir='ltr'><strong>suae</strong></span> <span class='ocrx_word' id='word_1_80' title='bbox 630 1627 784 1711; x_wconf 88' lang='lat' dir='ltr'><strong>perfidiae</strong></span> <span class='ocrx_word' id='word_1_81' title='bbox 800 1627 965 1711; x_wconf 87' lang='lat' dir='ltr'><strong>specimen</strong></span> <span class='ocrx_word' id='word_1_82' title='bbox 984 1627 1179 1707; x_wconf 84' lang='lat' dir='ltr'><strong>ediderunt,</strong></span> <span class='ocrx_word' id='word_1_83' title='bbox 1202 1625 1345 1709; x_wconf 87' lang='lat' dir='ltr'><strong>abreptis</strong></span> <span class='ocrx_word' id='word_1_84' title='bbox 1357 1627 1503 1730; x_wconf 53' lang='lat' dir='ltr'><strong>fflmssf</strong></span> 
     </span>
     <span class='ocr_line' id='line_1_11' title="bbox 170 1736 1428 1823; baseline -0.001 -19"><span class='ocrx_word' id='word_1_85' title='bbox 170 1739 313 1806; x_wconf 91' lang='lat' dir='ltr'><strong>navibus</strong></span> <span class='ocrx_word' id='word_1_86' title='bbox 335 1760 419 1822; x_wconf 91' lang='lat' dir='ltr'><strong>quae</strong></span> <span class='ocrx_word' id='word_1_87' title='bbox 443 1739 507 1805; x_wconf 89' lang='lat' dir='ltr'><strong>lide</strong></span> <span class='ocrx_word' id='word_1_88' title='bbox 530 1740 661 1823; x_wconf 88' lang='lat' dir='ltr'><strong>publica</strong></span> <span class='ocrx_word' id='word_1_89' title='bbox 684 1740 881 1806; x_wconf 90' lang='lat' dir='ltr'><strong>advenerant</strong></span> <span class='ocrx_word' id='word_1_90' title='bbox 904 1754 937 1806; x_wconf 94' lang='lat' dir='ltr'><strong>et</strong></span> <span class='ocrx_word' id='word_1_91' title='bbox 959 1736 1428 1806; x_wconf 76' lang='lat' dir='ltr'><strong>homrnrbus1nnervum⁰&#39;&#39;</strong></span> 
     </span>
    </p>

    <p class='ocr_par' dir='ltr' id='par_1_3' title="bbox 169 1850 1346 2158">
     <span class='ocr_line' id='line_1_12' title="bbox 170 1850 1346 1938; baseline -0.003 -20"><span class='ocrx_word' id='word_1_92' title='bbox 170 1866 203 1918; x_wconf 85' lang='lat' dir='ltr'><strong>et</strong></span> <span class='ocrx_word' id='word_1_93' title='bbox 226 1850 417 1918; x_wconf 89' lang='lat' dir='ltr'><strong>servitutem</strong></span> <span class='ocrx_word' id='word_1_94' title='bbox 440 1851 524 1918; x_wconf 88' lang='lat' dir='ltr'><strong>datis</strong></span> <span class='ocrx_word' id='word_1_95' title='bbox 547 1851 798 1921; x_wconf 86' lang='lat' dir='ltr'><strong>acerbissimam.</strong></span> <span class='ocrx_word' id='word_1_96' title='bbox 827 1852 937 1938; x_wconf 88' lang='lat' dir='ltr'><strong>Quare</strong></span> <span class='ocrx_word' id='word_1_97' title='bbox 962 1850 1104 1918; x_wconf 92' lang='lat' dir='ltr'><strong>Ordines</strong></span> <span class='ocrx_word' id='word_1_98' title='bbox 1122 1850 1346 1917; x_wconf 86' lang='lat' dir='ltr'><strong>demonstrant</strong></span> 
     </span>
     <span class='ocr_line' id='line_1_13' title="bbox 171 1962 1345 2049; baseline -0.001 -22"><span class='ocrx_word' id='word_1_99' title='bbox 171 1963 341 2045; x_wconf 92' lang='lat' dir='ltr'><strong>Hispanos</strong></span> <span class='ocrx_word' id='word_1_100' title='bbox 364 1963 499 2045; x_wconf 75' lang='lat' dir='ltr'><strong>quique</strong></span> <span class='ocrx_word' id='word_1_101' title='bbox 511 1966 591 2048; x_wconf 89' lang='lat' dir='ltr'><strong>ipris</strong></span> <span class='ocrx_word' id='word_1_102' title='bbox 615 1962 745 2029; x_wconf 81' lang='lat' dir='ltr'><strong>addicti</strong></span> <span class='ocrx_word' id='word_1_103' title='bbox 768 1977 800 2028; x_wconf 90' lang='lat' dir='ltr'><strong>et</strong></span> <span class='ocrx_word' id='word_1_104' title='bbox 823 1963 866 2028; x_wconf 89' lang='lat' dir='ltr'><strong>ab</strong></span> <span class='ocrx_word' id='word_1_105' title='bbox 887 1966 1033 2049; x_wconf 78' lang='lat' dir='ltr'><strong>ipsoram</strong></span> <span class='ocrx_word' id='word_1_106' title='bbox 1041 1963 1201 2048; x_wconf 85' lang='lat' dir='ltr'><strong>partibas</strong></span> <span class='ocrx_word' id='word_1_107' title='bbox 1214 1975 1345 2028; x_wconf 84' lang='lat' dir='ltr'><strong>starent</strong></span> 
     </span>
     <span class='ocr_line' id='line_1_14' title="bbox 169 2073 1343 2158; baseline 0 -20"><span class='ocrx_word' id='word_1_108' title='bbox 169 2073 348 2140; x_wconf 90' lang='lat' dir='ltr'><strong>insatiabili</strong></span> <span class='ocrx_word' id='word_1_109' title='bbox 380 2074 567 2141; x_wconf 86' lang='lat' dir='ltr'><strong>dominatus</strong></span> <span class='ocrx_word' id='word_1_110' title='bbox 599 2074 777 2157; x_wconf 87' lang='lat' dir='ltr'><strong>cupidine,</strong></span> <span class='ocrx_word' id='word_1_111' title='bbox 811 2095 829 2140; x_wconf 90' lang='lat' dir='ltr'><strong>a</strong></span> <span class='ocrx_word' id='word_1_112' title='bbox 849 2093 913 2156; x_wconf 89' lang='lat' dir='ltr'><strong>qua</strong></span> <span class='ocrx_word' id='word_1_113' title='bbox 933 2092 1013 2158; x_wconf 85' lang='lat' dir='ltr'><strong>gens</strong></span> <span class='ocrx_word' id='word_1_114' title='bbox 1034 2074 1123 2138; x_wconf 90' lang='lat' dir='ltr'><strong>nulla</strong></span> <span class='ocrx_word' id='word_1_115' title='bbox 1142 2087 1214 2140; x_wconf 90' lang='lat' dir='ltr'><strong>tuta</strong></span> <span class='ocrx_word' id='word_1_116' title='bbox 1235 2087 1343 2153; x_wconf 87' lang='lat' dir='ltr'><strong>esset,</strong></span> 
     </span>
    </p>

    <p class='ocr_par' dir='ltr' id='par_1_4' title="bbox 169 2184 1412 2381">
     <span class='ocr_line' id='line_1_15' title="bbox 169 2184 1412 2268; baseline -0.002 -17"><span class='ocrx_word' id='word_1_117' title='bbox 169 2186 252 2251; x_wconf 90' lang='lat' dir='ltr'><strong>adeo</strong></span> <span class='ocrx_word' id='word_1_118' title='bbox 285 2185 459 2267; x_wconf 87' lang='lat' dir='ltr'><strong>efferatos,</strong></span> <span class='ocrx_word' id='word_1_119' title='bbox 493 2200 530 2250; x_wconf 90' lang='lat' dir='ltr'><strong>ut</strong></span> <span class='ocrx_word' id='word_1_120' title='bbox 564 2185 642 2268; x_wconf 90' lang='lat' dir='ltr'><strong>quia</strong></span> <span class='ocrx_word' id='word_1_121' title='bbox 674 2186 815 2252; x_wconf 89' lang='lat' dir='ltr'><strong>Batavos</strong></span> <span class='ocrx_word' id='word_1_122' title='bbox 847 2204 1026 2266; x_wconf 90' lang='lat' dir='ltr'><strong>eorumque</strong></span> <span class='ocrx_word' id='word_1_123' title='bbox 1058 2184 1167 2252; x_wconf 90' lang='lat' dir='ltr'><strong>socios</strong></span> <span class='ocrx_word' id='word_1_124' title='bbox 1197 2187 1288 2250; x_wconf 90' lang='lat' dir='ltr'><strong>nulla</strong></span> <span class='ocrx_word' id='word_1_125' title='bbox 1309 2184 1343 2251; x_wconf 85' lang='lat' dir='ltr'><strong>vi</strong></span> <span class='ocrx_word' id='word_1_126' title='bbox 1404 2223 1412 2234; x_wconf 91' lang='lat'><strong>·</strong></span> 
     </span>
     <span class='ocr_line' id='line_1_16' title="bbox 170 2295 1344 2381; baseline -0.001 -19"><span class='ocrx_word' id='word_1_127' title='bbox 170 2297 340 2379; x_wconf 90' lang='lat' dir='ltr'><strong>nullisque</strong></span> <span class='ocrx_word' id='word_1_128' title='bbox 371 2295 546 2362; x_wconf 88' lang='lat' dir='ltr'><strong>fraudibus</strong></span> <span class='ocrx_word' id='word_1_129' title='bbox 576 2299 656 2381; x_wconf 83' lang='lat' dir='ltr'><strong>jugo</strong></span> <span class='ocrx_word' id='word_1_130' title='bbox 690 2315 750 2362; x_wconf 92' lang='lat' dir='ltr'><strong>suo</strong></span> <span class='ocrx_word' id='word_1_131' title='bbox 784 2298 942 2362; x_wconf 89' lang='lat' dir='ltr'><strong>hactenus</strong></span> <span class='ocrx_word' id='word_1_132' title='bbox 975 2295 1113 2362; x_wconf 90' lang='lat' dir='ltr'><strong>subdere</strong></span> <span class='ocrx_word' id='word_1_133' title='bbox 1135 2295 1344 2378; x_wconf 89' lang='lat' dir='ltr'><strong>potuissent,</strong></span> 
     </span>
    </p>

    <p class='ocr_par' dir='ltr' id='par_1_5' title="bbox 168 2406 1343 2493">
     <span class='ocr_line' id='line_1_17' title="bbox 168 2406 1343 2493; baseline -0.001 -20"><span class='ocrx_word' id='word_1_134' title='bbox 168 2409 233 2493; x_wconf 84' lang='lat' dir='ltr'><strong>jam</strong></span> <span class='ocrx_word' id='word_1_135' title='bbox 259 2409 368 2474; x_wconf 86' lang='lat' dir='ltr'><strong>eadem</strong></span> <span class='ocrx_word' id='word_1_136' title='bbox 390 2409 424 2473; x_wconf 91' lang='lat' dir='ltr'><strong>vi</strong></span> <span class='ocrx_word' id='word_1_137' title='bbox 446 2408 634 2489; x_wconf 86' lang='lat' dir='ltr'><strong>eisdemque</strong></span> <span class='ocrx_word' id='word_1_138' title='bbox 654 2407 852 2487; x_wconf 86' lang='lat' dir='ltr'><strong>fraudibus,</strong></span> <span class='ocrx_word' id='word_1_139' title='bbox 877 2407 972 2472; x_wconf 88' lang='lat' dir='ltr'><strong>etiam</strong></span> <span class='ocrx_word' id='word_1_140' title='bbox 983 2421 1095 2473; x_wconf 90' lang='lat' dir='ltr'><strong>contra</strong></span> <span class='ocrx_word' id='word_1_141' title='bbox 1106 2406 1210 2472; x_wconf 91' lang='lat' dir='ltr'><strong>datam</strong></span> <span class='ocrx_word' id='word_1_142' title='bbox 1222 2406 1343 2486; x_wconf 90' lang='lat' dir='ltr'><strong>fidem,</strong></span> 
     </span>
    </p>

    <p class='ocr_par' dir='ltr' id='par_1_6' title="bbox 170 2518 1344 2828">
     <span class='ocr_line' id='line_1_18' title="bbox 171 2518 1344 2602; baseline 0 -18"><span class='ocrx_word' id='word_1_143' title='bbox 171 2541 227 2586; x_wconf 90' lang='lat' dir='ltr'><strong>eos</strong></span> <span class='ocrx_word' id='word_1_144' title='bbox 257 2520 403 2586; x_wconf 90' lang='lat' dir='ltr'><strong>onmium</strong></span> <span class='ocrx_word' id='word_1_145' title='bbox 437 2519 525 2584; x_wconf 92' lang='lat' dir='ltr'><strong>orbis</strong></span> <span class='ocrx_word' id='word_1_146' title='bbox 558 2518 728 2602; x_wconf 88' lang='lat' dir='ltr'><strong>regionum</strong></span> <span class='ocrx_word' id='word_1_147' title='bbox 763 2519 958 2586; x_wconf 90' lang='lat' dir='ltr'><strong>commercio</strong></span> <span class='ocrx_word' id='word_1_148' title='bbox 981 2533 1142 2584; x_wconf 91' lang='lat' dir='ltr'><strong>certarent</strong></span> <span class='ocrx_word' id='word_1_149' title='bbox 1162 2519 1344 2584; x_wconf 84' lang='lat' dir='ltr'><strong>excludere.</strong></span> 
     </span>
     <span class='ocr_line' id='line_1_19' title="bbox 170 2629 1343 2713; baseline -0.002 -17"><span class='ocrx_word' id='word_1_150' title='bbox 170 2632 299 2697; x_wconf 92' lang='lat' dir='ltr'><strong>Idcirco</strong></span> <span class='ocrx_word' id='word_1_151' title='bbox 321 2651 394 2696; x_wconf 93' lang='lat' dir='ltr'><strong>cum</strong></span> <span class='ocrx_word' id='word_1_152' title='bbox 415 2630 478 2696; x_wconf 88' lang='lat' dir='ltr'><strong>sibi</strong></span> <span class='ocrx_word' id='word_1_153' title='bbox 499 2630 705 2713; x_wconf 90' lang='lat' dir='ltr'><strong>propositum</strong></span> <span class='ocrx_word' id='word_1_154' title='bbox 725 2629 768 2695; x_wconf 94' lang='lat' dir='ltr'><strong>sit</strong></span> <span class='ocrx_word' id='word_1_155' title='bbox 787 2629 827 2694; x_wconf 93' lang='lat' dir='ltr'><strong>ad</strong></span> <span class='ocrx_word' id='word_1_156' title='bbox 848 2630 1101 2713; x_wconf 88' lang='lat' dir='ltr'><strong>compescendos</strong></span> <span class='ocrx_word' id='word_1_157' title='bbox 1120 2645 1257 2696; x_wconf 89' lang='lat' dir='ltr'><strong>conatus</strong></span> <span class='ocrx_word' id='word_1_158' title='bbox 1279 2644 1343 2694; x_wconf 90' lang='lat' dir='ltr'><strong>tam</strong></span> 
     </span>
     <span class='ocr_line' id='line_1_20' title="bbox 170 2740 1344 2828; baseline -0.002 -22"><span class='ocrx_word' id='word_1_159' title='bbox 170 2743 367 2810; x_wconf 90' lang='lat' dir='ltr'><strong>inhumanos</strong></span> <span class='ocrx_word' id='word_1_160' title='bbox 388 2743 478 2808; x_wconf 82' lang='lat' dir='ltr'><strong>ultro</strong></span> <span class='ocrx_word' id='word_1_161' title='bbox 504 2742 669 2827; x_wconf 85' lang='lat' dir='ltr'><strong>Hispanos</strong></span> <span class='ocrx_word' id='word_1_162' title='bbox 693 2740 835 2828; x_wconf 79' lang='lat' dir='ltr'><strong>aggredi</strong></span> <span class='ocrx_word' id='word_1_163' title='bbox 854 2745 890 2805; x_wconf 85' lang='lat' dir='ltr'><strong>ia</strong></span> <span class='ocrx_word' id='word_1_164' title='bbox 904 2745 1015 2828; x_wconf 85' lang='lat' dir='ltr'><strong>regnis</strong></span> <span class='ocrx_word' id='word_1_165' title='bbox 1028 2744 1344 2827; x_wconf 81' lang='lat' dir='ltr'><strong>atqueprorineir&#39;s‚</strong></span> 
     </span>
    </p>

    <p class='ocr_par' dir='ltr' id='par_1_7' title="bbox 171 2851 1343 2940">
     <span class='ocr_line' id='line_1_21' title="bbox 171 2851 1343 2940; baseline -0.003 -20"><span class='ocrx_word' id='word_1_166' title='bbox 171 2875 255 2940; x_wconf 80' lang='lat' dir='ltr'><strong>quas</strong></span> <span class='ocrx_word' id='word_1_167' title='bbox 278 2854 333 2920; x_wconf 88' lang='lat' dir='ltr'><strong>illi</strong></span> <span class='ocrx_word' id='word_1_168' title='bbox 357 2866 588 2938; x_wconf 82' lang='lat' dir='ltr'><strong>occuparant,</strong></span> <span class='ocrx_word' id='word_1_169' title='bbox 612 2851 760 2937; x_wconf 79' lang='lat' dir='ltr'><strong>dataque</strong></span> <span class='ocrx_word' id='word_1_170' title='bbox 779 2851 904 2917; x_wconf 86' lang='lat' dir='ltr'><strong>damna</strong></span> <span class='ocrx_word' id='word_1_171' title='bbox 923 2867 1089 2938; x_wconf 87' lang='lat' dir='ltr'><strong>reparare</strong></span> <span class='ocrx_word' id='word_1_172' title='bbox 1100 2872 1140 2916; x_wconf 83' lang='lat' dir='ltr'><strong>ac</strong></span> <span class='ocrx_word' id='word_1_173' title='bbox 1154 2855 1343 2931; x_wconf 85' lang='lat' dir='ltr'><strong>resarcire,</strong></span> 
     </span>
    </p>

    <p class='ocr_par' dir='ltr' id='par_1_8' title="bbox 170 2962 1344 3163">
     <span class='ocr_line' id='line_1_22' title="bbox 170 2962 1343 3050; baseline -0.004 -18"><span class='ocrx_word' id='word_1_174' title='bbox 170 2985 236 3032; x_wconf 92' lang='lat' dir='ltr'><strong>non</strong></span> <span class='ocrx_word' id='word_1_175' title='bbox 271 2980 396 3032; x_wconf 91' lang='lat' dir='ltr'><strong>tantum</strong></span> <span class='ocrx_word' id='word_1_176' title='bbox 429 2965 563 3031; x_wconf 86' lang='lat' dir='ltr'><strong>navium</strong></span> <span class='ocrx_word' id='word_1_177' title='bbox 595 2964 800 3048; x_wconf 89' lang='lat' dir='ltr'><strong>publicarum</strong></span> <span class='ocrx_word' id='word_1_178' title='bbox 834 2983 955 3045; x_wconf 85' lang='lat' dir='ltr'><strong>opera,</strong></span> <span class='ocrx_word' id='word_1_179' title='bbox 988 2962 1046 3028; x_wconf 88' lang='lat' dir='ltr'><strong>red</strong></span> <span class='ocrx_word' id='word_1_180' title='bbox 1075 2977 1107 3028; x_wconf 88' lang='lat' dir='ltr'><strong>et</strong></span> <span class='ocrx_word' id='word_1_181' title='bbox 1135 2963 1343 3050; x_wconf 84' lang='lat' dir='ltr'><strong>singularam</strong></span> 
     </span>
     <span class='ocr_line' id='line_1_23' title="bbox 171 3074 1344 3163; baseline -0.003 -21"><span class='ocrx_word' id='word_1_182' title='bbox 171 3099 312 3163; x_wconf 87' lang='lat' dir='ltr'><strong>quaram</strong></span> <span class='ocrx_word' id='word_1_183' title='bbox 336 3076 375 3143; x_wconf 90' lang='lat' dir='ltr'><strong>r&#39;d</strong></span> <span class='ocrx_word' id='word_1_184' title='bbox 393 3081 556 3156; x_wconf 84' lang='lat' dir='ltr'><strong>interest,</strong></span> <span class='ocrx_word' id='word_1_185' title='bbox 581 3090 716 3159; x_wconf 89' lang='lat' dir='ltr'><strong>accepto</strong></span> <span class='ocrx_word' id='word_1_186' title='bbox 739 3076 779 3141; x_wconf 90' lang='lat' dir='ltr'><strong>ab</strong></span> <span class='ocrx_word' id='word_1_187' title='bbox 804 3074 988 3140; x_wconf 88' lang='lat' dir='ltr'><strong>Ordinibus</strong></span> <span class='ocrx_word' id='word_1_188' title='bbox 1009 3075 1185 3154; x_wconf 89' lang='lat' dir='ltr'><strong>mandato,</strong></span> <span class='ocrx_word' id='word_1_189' title='bbox 1209 3074 1344 3139; x_wconf 92' lang='lat' dir='ltr'><strong>omnino</strong></span> 
     </span>
    </p>

    <p class='ocr_par' dir='ltr' id='par_1_9' title="bbox 170 3185 1346 3270">
     <span class='ocr_line' id='line_1_24' title="bbox 170 3185 1346 3270; baseline -0.003 -17"><span class='ocrx_word' id='word_1_190' title='bbox 170 3208 205 3253; x_wconf 94' lang='lat' dir='ltr'><strong>se</strong></span> <span class='ocrx_word' id='word_1_191' title='bbox 241 3188 458 3256; x_wconf 85' lang='lat' dir='ltr'><strong>necessarium</strong></span> <span class='ocrx_word' id='word_1_192' title='bbox 496 3187 643 3254; x_wconf 88' lang='lat' dir='ltr'><strong>arbitrari</strong></span> <span class='ocrx_word' id='word_1_193' title='bbox 681 3187 848 3270; x_wconf 88' lang='lat' dir='ltr'><strong>Hispanos</strong></span> <span class='ocrx_word' id='word_1_194' title='bbox 883 3201 915 3252; x_wconf 90' lang='lat' dir='ltr'><strong>et</strong></span> <span class='ocrx_word' id='word_1_195' title='bbox 949 3185 1008 3267; x_wconf 94' lang='lat' dir='ltr'><strong>qui</strong></span> <span class='ocrx_word' id='word_1_196' title='bbox 1041 3186 1105 3250; x_wconf 91' lang='lat' dir='ltr'><strong>illis</strong></span> <span class='ocrx_word' id='word_1_197' title='bbox 1137 3185 1258 3251; x_wconf 92' lang='lat' dir='ltr'><strong>addicti</strong></span> <span class='ocrx_word' id='word_1_198' title='bbox 1289 3199 1346 3251; x_wconf 90' lang='lat' dir='ltr'><strong>aut</strong></span> 
     </span>
    </p>

    <p class='ocr_par' dir='ltr' id='par_1_10' title="bbox 171 3297 1345 3391">
     <span class='ocr_line' id='line_1_25' title="bbox 171 3297 1345 3391; baseline -0.003 -27"><span class='ocrx_word' id='word_1_199' title='bbox 171 3319 284 3364; x_wconf 91' lang='lat' dir='ltr'><strong>eorum</strong></span> <span class='ocrx_word' id='word_1_200' title='bbox 313 3314 419 3364; x_wconf 88' lang='lat' dir='ltr'><strong>sectae</strong></span> <span class='ocrx_word' id='word_1_201' title='bbox 448 3300 645 3391; x_wconf 53' lang='lat' dir='ltr'><strong>adhaegenm</strong></span> <span class='ocrx_word' id='word_1_202' title='bbox 678 3298 852 3382; x_wconf 89' lang='lat' dir='ltr'><strong>prohibere</strong></span> <span class='ocrx_word' id='word_1_203' title='bbox 879 3297 968 3362; x_wconf 90' lang='lat' dir='ltr'><strong>omni</strong></span> <span class='ocrx_word' id='word_1_204' title='bbox 990 3312 1173 3363; x_wconf 88' lang='lat' dir='ltr'><strong>commeatu</strong></span> <span class='ocrx_word' id='word_1_205' title='bbox 1197 3318 1256 3364; x_wconf 89' lang='lat' dir='ltr'><strong>nec</strong></span> <span class='ocrx_word' id='word_1_206' title='bbox 1277 3297 1345 3380; x_wconf 92' lang='lat' dir='ltr'><strong>pati</strong></span> 
     </span>
    </p>

    <p class='ocr_par' dir='ltr' id='par_1_11' title="bbox 170 3409 1346 3492">
     <span class='ocr_line' id='line_1_26' title="bbox 170 3409 1346 3492; baseline -0.002 -16"><span class='ocrx_word' id='word_1_207' title='bbox 170 3431 271 3478; x_wconf 88' lang='lat' dir='ltr'><strong>naves</strong></span> <span class='ocrx_word' id='word_1_208' title='bbox 301 3431 466 3478; x_wconf 88' lang='lat' dir='ltr'><strong>mercesve</strong></span> <span class='ocrx_word' id='word_1_209' title='bbox 496 3413 579 3476; x_wconf 90' lang='lat' dir='ltr'><strong>ullas</strong></span> <span class='ocrx_word' id='word_1_210' title='bbox 607 3425 692 3476; x_wconf 89' lang='lat' dir='ltr'><strong>terra</strong></span> <span class='ocrx_word' id='word_1_211' title='bbox 723 3424 779 3476; x_wconf 90' lang='lat' dir='ltr'><strong>aut</strong></span> <span class='ocrx_word' id='word_1_212' title='bbox 810 3410 911 3492; x_wconf 86' lang='lat' dir='ltr'><strong>mari,</strong></span> <span class='ocrx_word' id='word_1_213' title='bbox 937 3429 1137 3492; x_wconf 90' lang='lat' dir='ltr'><strong>quacunque</strong></span> <span class='ocrx_word' id='word_1_214' title='bbox 1158 3409 1283 3475; x_wconf 88' lang='lat' dir='ltr'><strong>ratione</strong></span> <span class='ocrx_word' id='word_1_215' title='bbox 1306 3409 1346 3474; x_wconf 92' lang='lat' dir='ltr'><strong>ad</strong></span> 
     </span>
    </p>

    <p class='ocr_par' dir='ltr' id='par_1_12' title="bbox 171 3520 1506 3838">
     <span class='ocr_line' id='line_1_27' title="bbox 171 3520 1506 3633; baseline -0.006 -47"><span class='ocrx_word' id='word_1_216' title='bbox 171 3523 262 3606; x_wconf 90' lang='lat' dir='ltr'><strong>ipsos</strong></span> <span class='ocrx_word' id='word_1_217' title='bbox 286 3523 427 3603; x_wconf 86' lang='lat' dir='ltr'><strong>devehi,</strong></span> <span class='ocrx_word' id='word_1_218' title='bbox 458 3523 550 3604; x_wconf 92' lang='lat' dir='ltr'><strong>quod</strong></span> <span class='ocrx_word' id='word_1_219' title='bbox 573 3537 643 3588; x_wconf 88' lang='lat' dir='ltr'><strong>tum</strong></span> <span class='ocrx_word' id='word_1_220' title='bbox 665 3522 732 3606; x_wconf 89' lang='lat' dir='ltr'><strong>juri</strong></span> <span class='ocrx_word' id='word_1_221' title='bbox 755 3521 890 3605; x_wconf 92' lang='lat' dir='ltr'><strong>publico</strong></span> <span class='ocrx_word' id='word_1_222' title='bbox 913 3521 1056 3607; x_wconf 86' lang='lat' dir='ltr'><strong>gentium</strong></span> <span class='ocrx_word' id='word_1_223' title='bbox 1081 3536 1113 3586; x_wconf 91' lang='lat' dir='ltr'><strong>et</strong></span> <span class='ocrx_word' id='word_1_224' title='bbox 1133 3520 1345 3603; x_wconf 91' lang='lat' dir='ltr'><strong>Imperatorio</strong></span> <span class='ocrx_word' id='word_1_225' title='bbox 1358 3534 1506 3633; x_wconf 37' lang='lat' dir='ltr'><strong>mppria</strong></span> 
     </span>
     <span class='ocr_line' id='line_1_28' title="bbox 171 3632 1477 3720; baseline -0.001 -23"><span class='ocrx_word' id='word_1_226' title='bbox 171 3648 372 3716; x_wconf 92' lang='lat' dir='ltr'><strong>receptoque</strong></span> <span class='ocrx_word' id='word_1_227' title='bbox 404 3633 663 3720; x_wconf 86' lang='lat' dir='ltr'><strong>belligerantium</strong></span> <span class='ocrx_word' id='word_1_228' title='bbox 697 3633 796 3714; x_wconf 87' lang='lat' dir='ltr'><strong>usui,</strong></span> <span class='ocrx_word' id='word_1_229' title='bbox 828 3649 898 3699; x_wconf 92' lang='lat' dir='ltr'><strong>turn</strong></span> <span class='ocrx_word' id='word_1_230' title='bbox 933 3632 1091 3698; x_wconf 89' lang='lat' dir='ltr'><strong>edictis</strong></span> <span class='ocrx_word' id='word_1_231' title='bbox 1080 3651 1145 3716; x_wconf 83' lang='lat' dir='ltr'><strong>Jam</strong></span> <span class='ocrx_word' id='word_1_232' title='bbox 1178 3645 1252 3696; x_wconf 91' lang='lat' dir='ltr'><strong>ante</strong></span> <span class='ocrx_word' id='word_1_233' title='bbox 1273 3651 1291 3695; x_wconf 90' lang='lat' dir='ltr'><strong>a</strong></span> <span class='ocrx_word' id='word_1_234' title='bbox 1311 3651 1345 3696; x_wconf 91' lang='lat' dir='ltr'><strong>se</strong></span> <span class='ocrx_word' id='word_1_235' title='bbox 1359 3641 1477 3687; x_wconf 80' lang='lat' dir='ltr'><strong>cor0111</strong></span> 
     </span>
     <span class='ocr_line' id='line_1_29' title="bbox 173 3743 1345 3838; baseline -0.003 -28"><span class='ocrx_word' id='word_1_236' title='bbox 173 3759 205 3810; x_wconf 91' lang='lat' dir='ltr'><strong>et</strong></span> <span class='ocrx_word' id='word_1_237' title='bbox 227 3745 339 3830; x_wconf 85' lang='lat' dir='ltr'><strong>regina</strong></span> <span class='ocrx_word' id='word_1_238' title='bbox 361 3745 622 3838; x_wconf 17' lang='lat' dir='ltr'><strong>Angliaeyeditis</strong></span> <span class='ocrx_word' id='word_1_239' title='bbox 647 3763 716 3810; x_wconf 91' lang='lat' dir='ltr'><strong>esse</strong></span> <span class='ocrx_word' id='word_1_240' title='bbox 739 3759 1006 3810; x_wconf 89' lang='lat' dir='ltr'><strong>consentaneum.</strong></span> <span class='ocrx_word' id='word_1_241' title='bbox 1052 3743 1253 3810; x_wconf 89' lang='lat' dir='ltr'><strong>Declarant&#39;</strong></span> <span class='ocrx_word' id='word_1_242' title='bbox 1244 3744 1345 3826; x_wconf 88' lang='lat' dir='ltr'><strong>rgitur</strong></span> 
     </span>
    </p>

    <p class='ocr_par' dir='ltr' id='par_1_13' title="bbox 162 3854 1347 3942">
     <span class='ocr_line' id='line_1_30' title="bbox 162 3854 1347 3942; baseline -0.003 -21"><span class='ocrx_word' id='word_1_243' title='bbox 162 3857 295 3941; x_wconf 83' lang='lat' dir='ltr'><strong>justam</strong></span> <span class='ocrx_word' id='word_1_244' title='bbox 325 3877 389 3922; x_wconf 88' lang='lat' dir='ltr'><strong>erre</strong></span> <span class='ocrx_word' id='word_1_245' title='bbox 406 3857 572 3942; x_wconf 80' lang='lat' dir='ltr'><strong>praedam</strong></span> <span class='ocrx_word' id='word_1_246' title='bbox 596 3859 739 3921; x_wconf 79' lang='lat' dir='ltr'><strong>domines</strong></span> <span class='ocrx_word' id='word_1_247' title='bbox 764 3875 879 3940; x_wconf 82' lang='lat' dir='ltr'><strong>resque</strong></span> <span class='ocrx_word' id='word_1_248' title='bbox 903 3876 1008 3920; x_wconf 85' lang='lat' dir='ltr'><strong>ornnes</strong></span> <span class='ocrx_word' id='word_1_249' title='bbox 1032 3859 1116 3920; x_wconf 82' lang='lat' dir='ltr'><strong>sitas</strong></span> <span class='ocrx_word' id='word_1_250' title='bbox 1139 3855 1198 3920; x_wconf 83' lang='lat' dir='ltr'><strong>snb</strong></span> <span class='ocrx_word' id='word_1_251' title='bbox 1222 3854 1347 3920; x_wconf 76' lang='lat' dir='ltr'><strong>ditione</strong></span> 
     </span>
    </p>

    <p class='ocr_par' dir='ltr' id='par_1_14' title="bbox 173 3966 1345 4054">
     <span class='ocr_line' id='line_1_31' title="bbox 173 3966 1345 4054; baseline -0.001 -23"><span class='ocrx_word' id='word_1_252' title='bbox 173 3972 262 4054; x_wconf 84' lang='lat' dir='ltr'><strong>regis</strong></span> <span class='ocrx_word' id='word_1_253' title='bbox 306 3969 578 4052; x_wconf 75' lang='lat' dir='ltr'><strong>Hispaniarum,</strong></span> <span class='ocrx_word' id='word_1_254' title='bbox 618 3987 810 4053; x_wconf 79' lang='lat' dir='ltr'><strong>quacunque</strong></span> <span class='ocrx_word' id='word_1_255' title='bbox 844 3966 976 4032; x_wconf 86' lang='lat' dir='ltr'><strong>tandem</strong></span> <span class='ocrx_word' id='word_1_256' title='bbox 1012 3967 1078 4031; x_wconf 89' lang='lat' dir='ltr'><strong>laco</strong></span> <span class='ocrx_word' id='word_1_257' title='bbox 1113 3970 1345 4053; x_wconf 78' lang='lat' dir='ltr'><strong>reperiantur.</strong></span> 
     </span>
    </p>

    <p class='ocr_par' dir='ltr' id='par_1_15' title="bbox 172 4077 1346 4384">
     <span class='ocr_line' id='line_1_32' title="bbox 172 4077 1346 4163; baseline -0.002 -21"><span class='ocrx_word' id='word_1_258' title='bbox 172 4078 225 4142; x_wconf 90' lang='lat' dir='ltr'><strong>Ac</strong></span> <span class='ocrx_word' id='word_1_259' title='bbox 256 4078 366 4144; x_wconf 91' lang='lat' dir='ltr'><strong>denuo</strong></span> <span class='ocrx_word' id='word_1_260' title='bbox 399 4079 553 4144; x_wconf 89' lang='lat' dir='ltr'><strong>destricte</strong></span> <span class='ocrx_word' id='word_1_261' title='bbox 582 4078 758 4163; x_wconf 91' lang='lat' dir='ltr'><strong>prohibent</strong></span> <span class='ocrx_word' id='word_1_262' title='bbox 788 4091 887 4158; x_wconf 89' lang='lat' dir='ltr'><strong>atque</strong></span> <span class='ocrx_word' id='word_1_263' title='bbox 920 4077 1122 4144; x_wconf 89' lang='lat' dir='ltr'><strong>interdicunt</strong></span> <span class='ocrx_word' id='word_1_264' title='bbox 1153 4077 1280 4143; x_wconf 90' lang='lat' dir='ltr'><strong>cunctis</strong></span> <span class='ocrx_word' id='word_1_265' title='bbox 1311 4097 1346 4140; x_wconf 90' lang='lat' dir='ltr'><strong>ac</strong></span> 
     </span>
     <span class='ocr_line' id='line_1_33' title="bbox 172 4186 1345 4273; baseline -0.003 -17"><span class='ocrx_word' id='word_1_266' title='bbox 172 4188 334 4273; x_wconf 87' lang='lat' dir='ltr'><strong>singulis,</strong></span> <span class='ocrx_word' id='word_1_267' title='bbox 358 4191 590 4273; x_wconf 88' lang='lat' dir='ltr'><strong>cujuscunque</strong></span> <span class='ocrx_word' id='word_1_268' title='bbox 601 4188 823 4268; x_wconf 86' lang='lat' dir='ltr'><strong>conditionis,</strong></span> <span class='ocrx_word' id='word_1_269' title='bbox 845 4189 1039 4272; x_wconf 89' lang='lat' dir='ltr'><strong>imperiiaut</strong></span> <span class='ocrx_word' id='word_1_270' title='bbox 1049 4187 1192 4273; x_wconf 85' lang='lat' dir='ltr'><strong>regionis</strong></span> <span class='ocrx_word' id='word_1_271' title='bbox 1203 4186 1345 4266; x_wconf 80' lang='lat' dir='ltr'><strong>fuerint,</strong></span> 
     </span>
     <span class='ocr_line' id='line_1_34' title="bbox 174 4297 1346 4384; baseline -0.004 -18"><span class='ocrx_word' id='word_1_272' title='bbox 174 4316 312 4383; x_wconf 85' lang='lat' dir='ltr'><strong>excepto</strong></span> <span class='ocrx_word' id='word_1_273' title='bbox 335 4301 486 4381; x_wconf 80' lang='lat' dir='ltr'><strong>nemine,</strong></span> <span class='ocrx_word' id='word_1_274' title='bbox 511 4302 552 4366; x_wconf 86' lang='lat' dir='ltr'><strong>ad</strong></span> <span class='ocrx_word' id='word_1_275' title='bbox 573 4303 658 4368; x_wconf 88' lang='lat' dir='ltr'><strong>ullos</strong></span> <span class='ocrx_word' id='word_1_276' title='bbox 680 4315 819 4384; x_wconf 88' lang='lat' dir='ltr'><strong>portus,</strong></span> <span class='ocrx_word' id='word_1_277' title='bbox 844 4299 963 4383; x_wconf 89' lang='lat' dir='ltr'><strong>oppida</strong></span> <span class='ocrx_word' id='word_1_278' title='bbox 988 4302 1120 4365; x_wconf 88' lang='lat' dir='ltr'><strong>locosve</strong></span> <span class='ocrx_word' id='word_1_279' title='bbox 1144 4297 1288 4364; x_wconf 85' lang='lat' dir='ltr'><strong>hostium</strong></span> <span class='ocrx_word' id='word_1_280' title='bbox 1314 4297 1346 4362; x_wconf 90' lang='lat' dir='ltr'><strong>in</strong></span> 
     </span>
    </p>

    <p class='ocr_par' dir='ltr' id='par_1_16' title="bbox 173 4409 1346 4496">
     <span class='ocr_line' id='line_1_35' title="bbox 173 4409 1346 4496; baseline -0.003 -20"><span class='ocrx_word' id='word_1_281' title='bbox 173 4412 284 4496; x_wconf 88' lang='lat' dir='ltr'><strong>regnis</strong></span> <span class='ocrx_word' id='word_1_282' title='bbox 314 4411 515 4494; x_wconf 85' lang='lat' dir='ltr'><strong>Hispaniae,</strong></span> <span class='ocrx_word' id='word_1_283' title='bbox 550 4413 752 4478; x_wconf 75' lang='lat' dir='ltr'><strong>Lusitaniae</strong></span> <span class='ocrx_word' id='word_1_284' title='bbox 782 4414 896 4480; x_wconf 87' lang='lat' dir='ltr'><strong>aliisve</strong></span> <span class='ocrx_word' id='word_1_285' title='bbox 927 4413 959 4478; x_wconf 91' lang='lat' dir='ltr'><strong>in</strong></span> <span class='ocrx_word' id='word_1_286' title='bbox 988 4411 1121 4493; x_wconf 89' lang='lat' dir='ltr'><strong>Europa</strong></span> <span class='ocrx_word' id='word_1_287' title='bbox 1151 4409 1256 4490; x_wconf 89' lang='lat' dir='ltr'><strong>sitos,</strong></span> <span class='ocrx_word' id='word_1_288' title='bbox 1289 4410 1346 4473; x_wconf 85' lang='lat' dir='ltr'><strong>rab</strong></span> 
     </span>
    </p>
   </div>
   <div class='ocr_carea' id='block_1_3' title="bbox 0 0 1687 5504">
    <p class='ocr_par' dir='ltr' id='par_1_17' title="bbox 0 0 1687 5504">
     <span class='ocr_line' id='line_1_36' title="bbox 0 0 1687 5504; baseline 0 0"><span class='ocrx_word' id='word_1_289' title='bbox 0 0 1687 5504; x_wconf 95' lang='lat' dir='ltr'><strong> </strong></span> 
     </span>
    </p>
   </div>
  </div>
 </body>
</html>
