3316 5494
350 598 390 658 82
648 609 695 655 us
718 608 811 675 June
838 609 1020 656 annuunt.
1045 611 1124 658 cnr.
1149 611 1213 660 vu.

347 769 472 851 justum
496 783 566 830 esse
589 763 682 848 quod
703 763 890 847 imperetur.
924 765 970 832 Et
993 777 1190 848 quamquam
1211 766 1264 834 his
1286 767 1414 835 casibus
1433 787 1525 836 error

350 879 469 962 aliquis
501 877 534 944 in
566 876 691 942 ratione
723 876 877 957 accedat,
910 876 939 941 is
970 891 1075 944 tamen
1111 877 1248 944 actionis
1269 880 1430 964 justitiam
1453 901 1523 947 non

349 989 466 1073 vitiat,
500 1008 574 1054 cum
604 1003 642 1054 ut
662 987 848 1054 scholastici
869 995 879 1028 ¹
899 989 1123 1070 tradiderunt,
1144 992 1300 1057 voluntas
1322 993 1524 1060 conveniens

350 1100 469 1167 erranti
500 1099 618 1166 rationi
649 1099 688 1163 in·
715 1099 766 1166 his
798 1099 928 1166 demum
960 1102 1042 1166 mala
1071 1099 1137 1182 sit,
1173 1122 1256 1185 quae
1274 1103 1357 1168 scire
1381 1118 1523 1170 tenetur.

350 1213 479 1278 Multae
502 1227 609 1278 autem
632 1224 710 1276 sunt
740 1210 900 1277 bellorum
920 1212 1029 1296 justae
1051 1231 1190 1293 causae,
1214 1231 1296 1294 quas
1314 1215 1415 1298 vulgo
1438 1215 1524 1281 indi·

351 1323 415 1389 cari
448 1344 514 1389 non
546 1321 677 1405 expedit
695 1327 726 1387 ¹:
758 1340 866 1405 neque
896 1338 1028 1406 oportet
1054 1325 1218 1407 privatum
1241 1325 1405 1392 hominem
1429 1325 1463 1392 in
1488 1347 1526 1392 ea

351 1456 385 1502 re
408 1455 478 1501 esse
501 1433 678 1501 curiosum.
720 1434 805 1500 Nam
828 1435 856 1500 si
876 1437 1042 1503 cunctatio
1059 1438 1324 1520 permitteretur,
1349 1437 1426 1504 dum
1447 1447 1526 1504 cau·

351 1567 417 1613 sam
441 1547 563 1632 singuli
588 1546 829 1629 examinarent,
862 1557 1007 1632 tempora
1037 1548 1207 1616 resistendi
1232 1547 1382 1615 nostibus
1405 1550 1525 1632 prode·

352 1674 474 1726 rentur.
496 1660 611 1726 Potest
632 1661 699 1726 huc
721 1658 853 1726 referri:
878 1660 911 1725 Is
934 1657 1092 1726 damnum
1111 1660 1193 1742 det,
1217 1664 1277 1746 qui
1297 1661 1396 1747 jubet
1420 1661 1524 1728 «dere.

353 1771 441 1856 Ejus
461 1791 538 1839 uero
559 1770 657 1836 nulla
672 1770 772 1857 culpa
792 1785 863 1852 est,
883 1775 940 1837 eui
951 1786 1079 1857 perere
1094 1792 1216 1837 necesse
1234 1785 1281 1838 est
1302 1775 1327 1838 ³.
1379 1772 1426 1837 Et
1445 1773 1526 1836 alte·

352 1903 424 1947 rum
445 1882 476 1946 ⁴:
509 1880 615 1946 Liber
644 1883 735 1947 bomo
762 1886 792 1947 si
804 1884 906 1969 jussu
929 1883 1072 1948 alterius
1095 1905 1197 1949 manu
1219 1885 1384 1969 injuriam
1408 1881 1525 1963 dedit,

353 1997 441 2058 aetio
472 2013 545 2058 eum
578 2013 611 2058 eo
643 2005 690 2058 est
724 1995 784 2078 qui
806 1993 938 2076 jussit,
969 1995 1000 2056 si
1029 1991 1121 2058 modo
1144 1994 1205 2079 jus
1232 1990 1422 2078 imperandi
1435 1992 1525 2076 fuit.

356 2103 452 2177 Quod
471 2108 501 2169 si
523 2125 588 2170 non
607 2105 748 2186 habuit,
780 2124 853 2169 cum
876 2125 910 2168 eo
933 2101 1096 2191 agendum
1119 2117 1166 2169 est
1198 2107 1258 2189 qui
1280 2101 1378 2188 feeit.
1423 2103 1527 2191 Quod

352 2215 506 2300 applicari
530 2230 641 2298 potest
662 2214 845 2300 Augustini
868 2217 880 2252 ⁵
902 2213 1030 2281 verbis:
1055 2227 1094 2279 ut
1114 2214 1204 2280 nihil
1212 2216 1328 2300 justus
1343 2219 1527 2300 praecipue

352 2331 496 2414 cogitet,
529 2330 596 2391 nisi
616 2341 654 2393 ut
677 2327 796 2392 bellum
819 2329 1003 2411 suscipiet,
1034 2329 1090 2390 eui
1113 2325 1239 2390 bellare
1248 2325 1312 2412 fas
1332 2339 1389 2392 est.
1437 2325 1525 2390 Scite

353 2439 453 2522 igitur
475 2437 724 2504 Panormitanus
741 2434 755 2470 ⁸
775 2436 968 2504 sententiam
992 2435 1182 2503 Hostiensis
1201 2451 1314 2502 contra
1335 2437 1456 2502 bellum
1480 2436 1526 2502 ita

353 2549 542 2634 restringit,
574 2564 612 2615 ut
642 2548 804 2632 praesumi
836 2547 924 2614 dicat
952 2548 1078 2633 justum
1111 2567 1182 2614 esse
1213 2547 1357 2628 bellum,
1393 2548 1525 2630 quoda

353 2661 520 2743 superiore
542 2674 703 2743 potestate
724 2659 885 2729 indictum
908 2674 974 2725 est:
1006 2678 1066 2725 nec
1087 2657 1143 2724 ille
1166 2661 1257 2724 solus
1278 2657 1336 2724 sed
1358 2677 1471 2724 omnes
1493 2673 1527 2725 et

353 2771 500 2857 theologi
531 2786 562 2838 et
592 2771 675 2857 juris
705 2771 880 2854 utriusque
910 2766 1143 2854 professores⁷
1166 2769 1199 2836 in
1229 2789 1268 2835 eo
1292 2769 1526 2851 consentiunt,

355 2883 529 2963 subditos,
549 2881 812 2966 quotiescunque
832 2881 879 2948 sic
906 2881 1048 2962 accidit,
1065 2883 1153 2967 iuste
1172 2899 1316 2964 pugnare
1339 2901 1399 2946 nec
1417 2880 1527 2948 caedis

210 3020 285 3086 confr.
298 3019 340 3065 rr.
354 3014 425 3061 esse
443 2994 543 3062 ullius
567 3013 649 3062 reos.
694 2994 769 3061 Hoc
789 3008 896 3061 autem
917 2992 1002 3059 idem
1022 3007 1071 3059 est
1090 2991 1171 3059 acsi
1190 2991 1296 3060 dicas:
1317 2993 1457 3080 Justum
1477 3005 1527 3058 est

208 3086 278 3120 ‘'⁷⁸¹‘'
299 3073 340 3120 W.
354 3105 474 3172 bellum
494 3105 635 3171 subditis
654 3109 691 3170 in
710 3126 781 3186 eos,
806 3125 884 3190 ques
907 3107 1091 3191 superiores
1114 3102 1196 3168 bello
1215 3107 1287 3188 peti
1298 3104 1442 3188 jubent,
1467 3124 1526 3168 ra·

354 3222 441 3282 tione
458 3215 630 3302 probabili
657 3214 865 3280 subditorum
889 3236 952 3279 non
980 3227 1197 3301 repugnante.
1242 3213 1393 3282 Difficilis
1414 3214 1472 3280 illa
1495 3230 1526 3282 et

354 3326 473 3410 agitate
506 3327 644 3392 multum
674 3326 847 3408 quaestio,
881 3325 1027 3410 possitne
1059 3326 1182 3392 bellum
1214 3325 1380 3408 utrimque
1397 3326 1526 3410 justum

355 3456 424 3504 esse
445 3441 478 3516 ⁸,
509 3456 549 3500 err
578 3435 629 3502 his
651 3457 734 3518 quae
754 3436 936 3504 dictasunt
955 3435 1108 3521 explicari
1129 3451 1249 3520 potest.
1294 3437 1380 3502 Nam
1401 3451 1527 3502 caetera

355 3569 438 3632 quae
457 3547 672 3642 adjustitiam
692 3548 925 3631 requiruntur,
949 3563 1029 3632 puta
1047 3547 1222 3616 auctoritas
1243 3562 1275 3613 et
1293 3547 1434 3616 bellandi
1455 3567 1525 3614 mo·

356 3717 553 3729 Ι--κ-ι-ιιι-

389 3794 505 3842 ¹Tlrom.
531 3807 552 3843 1.
577 3807 601 3843 1.
625 3809 650 3857 q.
676 3810 714 3858 19.
737 3809 783 3846 art.
805 3798 829 3846 6.
863 3794 958 3845 'Vico
982 3810 1007 3844 11.
1030 3809 1070 3854 31.
1088 3794 1169 3854 cajet.
1188 3795 1213 3845 in
1231 3799 1322 3846 Surum.
1338 3809 1411 3856 pecc.
1428 3797 1527 3846 Bellum

354 3884 467 3933 dublum.
499 3882 511 3916 ⁸
534 3887 552 3932 1.
575 3885 596 3934 is
621 3888 745 3937 damnum.
768 3888 794 3936 ff.
818 3890 849 3937 de
870 3901 922 3948 reg.
944 3886 994 3944 jur·
1017 3888 1061 3950 [D.
1079 3899 1120 3944 so.
1138 3900 1176 3946 17.
1194 3888 1261 3950 169.]
1295 3886 1527 3936 ⁴1.nberhomo.

354 3974 380 4024 ff.
396 3976 427 4024 ad
445 3977 461 4023 l.
479 3975 566 4036 Aquil.
590 3977 633 4038 [D.
648 3993 673 4041 9.
691 3992 714 4027 2·
734 3979 786 4041 31]
805 3981 879 4028 Adde
898 3979 938 4026 Gl.
956 3977 981 4026 in
999 3980 1016 4026 1.
1032 3991 1083 4027 non
1102 3978 1211 4028 videtur.
1229 3982 1251 4037 5.
1267 3979 1311 4038 qui
1328 3976 1408 4036 jussu.
1425 3980 1458 4027 de
1475 3992 1527 4039 reg.

353 4063 402 4123 jur.
427 4065 470 4127 [D.
490 4078 529 4121 50.
556 4079 594 4125 17.
620 4069 675 4127 167.
697 4072 721 4127 ς.
748 4070 782 4130 1.]
817 4069 902 4130 ⁵sup.
920 4069 1006 4132 Josue.
1024 4071 1041 4117 l.
1059 4069 1082 4117 6.
1100 4083 1125 4130 q.
1146 4083 1184 4117 10.
1201 4068 1293 4118 citatur
1311 4068 1338 4117 in
1358 4082 1380 4117 c.
1399 4068 1527 4119 dominus.

356 4156 443 4218 [Decr.
462 4159 530 4204 Grat.
547 4171 573 4217 p.
592 4172 616 4206 1.
634 4172 674 4216 13.
693 4160 768 4221 1.1.]
804 4149 1198 4216 8’1111111111(111111111111.
1218 4172 1255 4217 13.
1281 4160 1420 4222 [Decretal.
1440 4172 1464 4208 1.
1487 4174 1526 4221 14.

355 4247 408 4310 19.]
426 4249 499 4296 Host.
513 4250 544 4296 de
563 4247 691 4305 iuriscan.
706 4263 728 4298 c.
751 4263 771 4298 1.
795 4249 868 4299 Adde
889 4250 951 4299 Silv.
970 4250 1030 4298 inv.
1039 4251 1145 4298 Bellum.
1166 4263 1186 4299 1.
1201 4264 1226 4298 n.
1242 4263 1267 4312 4.
1285 4260 1310 4298 et
1329 4262 1351 4305 5.
1386 4245 1482 4298 ⁷Vict.
1501 4264 1527 4298 n.

355 4349 394 4393 25·
411 4349 435 4386 et
454 4351 494 4395 31.
512 4339 567 4386 11111.
585 4339 611 4387 in
630 4351 653 4388 c.
672 4343 742 4400 quod
757 4353 842 4401 super.
860 4342 891 4390 de
911 4353 985 4390 voro.
1004 4341 1143 4403 [Decretal.
1162 4353 1185 4399 3.
1200 4353 1240 4404 34.
1257 4341 1294 4403 8.]
1312 4343 1393 4389 Castr.
1410 4342 1442 4389 ed
1458 4344 1475 4388 1.
1494 4355 1525 4390 ex

352 4430 403 4477 hoc
415 4427 478 4485 jure.
497 4430 527 4477 de
544 4427 605 4487 just.
622 4442 646 4478 et
664 4429 727 4488 jure.
744 4431 787 4494 [D.
802 4446 824 4481 1.
839 4445 861 4480 1.
875 4433 911 4494 5.]
927 4445 954 4481 n.
966 4447 990 4494 9.
1005 4433 1094 4492 Ayala.
1111 4435 1128 4480 1.
1146 4446 1167 4481 1.
1184 4445 1207 4481 c.
1224 4444 1281 4480 111.
1292 4445 1332 4489 31.
1365 4429 1525 4482 ⁸V.1³iceol.

353 4518 414 4567 bell.
433 4520 504 4568 civil.
523 4519 586 4568 Phil.
605 4535 645 4568 21.
