3316 5494
332 580 373 642 74
622 580 669 626 DE
692 580 785 646 June
811 578 996 628 PRAEDAE·
1021 581 1103 628 cAP.
1128 579 1195 630 vn.

330 738 425 806 toruo
457 733 570 817 venit,
602 735 659 802 sed
692 749 749 802 aut
769 739 901 819 ἀδίκημα
922 750 980 802 aut
1001 739 1116 806 ἀδικίαι
1140 755 1223 820 quae
1246 737 1413 819 quomodo
1434 733 1501 804 dif-

329 845 487 914 ferentem
510 844 630 913 iaciant
652 845 872 913 exsecutionis
891 847 1023 914 modum
1043 863 1156 931 postea
1167 847 1352 916 videbimus
1364 850 1388 916 ¹.
1412 849 1504 916 Illud

329 978 418 1026 nunc
449 973 578 1026 constat
607 977 761 1042 personas
793 978 867 1040 eas,
902 978 985 1040 quae
1018 958 1168 1045 injuriam
1198 960 1503 1044 quomodocunque

330 1067 449 1136 iaciant
479 1070 566 1136 bello
596 1070 788 1155 subjacere,
820 1069 848 1134 si
881 1069 1012 1152 quidem
1042 1070 1108 1156 juri
1131 1071 1312 1155 subjacent.
1357 1071 1445 1137 Nam
1468 1087 1505 1138 et

331 1183 384 1247 lex
415 1181 502 1265 apud
530 1181 785 1248 Demosthenem
806 1185 818 1222 ¹
838 1195 888 1248 est
919 1184 1106 1266 ἐπανόρθωμα
1122 1189 1178 1250 τῶν
1196 1186 1325 1252 ἑκουσίων
1344 1184 1394 1252 καὶ
1416 1188 1505 1252 tuo

331 1297 398 1364 rior
417 1295 658 1378 ἁμαρτημάτων,
683 1313 740 1357 nec
761 1314 801 1359 ea
823 1304 957 1358 tantum
969 1295 1114 1380 corrigit
1130 1313 1216 1380 quae
1237 1306 1370 1381 sponte,
1394 1291 1451 1358 sed
1469 1305 1504 1358 et

332 1424 419 1490 quoe
440 1426 504 1470 non
524 1417 635 1491 sponte
647 1417 845 1490 peccantur.
889 1402 1046 1486 Sequitur
1065 1423 1142 1489 ergo
1163 1423 1231 1470 non
1249 1424 1305 1471 eos
1323 1405 1504 1483 duntaxat,

333 1515 392 1598 qui
423 1530 525 1601 agunt
557 1516 728 1582 voluntate
760 1515 881 1597 libera,
914 1514 977 1581 hoc
1009 1528 1058 1580 est
1088 1514 1283 1599 principales
1314 1529 1347 1580 et
1368 1514 1503 1594 socios,

333 1626 391 1692 sed
419 1627 634 1694 instrumenta
664 1627 784 1707 etiam,
815 1627 879 1692 hoc
900 1640 950 1693 est
971 1626 1144 1709 subditos,
1167 1643 1254 1694 recte
1276 1626 1420 1694 hostium
1442 1645 1505 1694 no-

332 1738 419 1806 mine
442 1738 611 1806 contineri.
655 1739 741 1806 Nam
766 1734 919 1805 subditus
942 1738 976 1804 in
999 1758 1038 1805 co
1061 1738 1152 1822 quod
1172 1741 1284 1824 jussus
1306 1736 1388 1806 facit
1407 1737 1505 1804 etiam

334 1851 361 1916 si
382 1871 449 1918 non
468 1856 563 1921 ἀδικεῖ
579 1865 686 1916 tamen
707 1863 785 1920 ποιεῖ
799 1857 841 1921 rei
862 1846 990 1925 toruo',
1014 1852 1143 1937 injusta
1158 1849 1276 1936 facit,
1299 1853 1361 1916 etsi
1377 1871 1440 1916 non
1452 1852 1507 1914 in·

326 1964 443 2048 juria.
487 1961 544 2028 Ad
560 1961 712 2028 subditos
730 1962 895 2044 pertinent
913 1962 975 2028 ista
995 1962 1082 2046 apud
1103 1963 1272 2030 Romanos
1291 1961 1448 2029 solemnia
1470 1960 1506 2027 in

335 2072 582 2142 denuntiatione
607 2078 638 2137 ⁴:
670 2072 807 2159 Populis
835 2075 1026 2159 priscorum
1059 2073 1287 2157 Latinorum,
1321 2075 1505 2141 hominibus

329 2189 454 2273 priscis
468 2185 606 2251 Latinis
618 2183 738 2250 bellum
759 2183 868 2250 indico
881 2184 1052 2270 facioque.
1078 2184 1116 2252 In
1128 2185 1297 2270 rogatione
1309 2184 1335 2250 ⁵:
1359 2185 1505 2268 Vellent,

328 2298 489 2383 juberent
513 2295 667 2383 Philippo
703 2299 776 2383 regi
803 2295 1130 2382 Macedonibusque,
1154 2299 1214 2382 qui
1235 2298 1293 2362 sub
1317 2318 1417 2386 regno
1436 2300 1506 2384 eJus

335 2423 439 2475 essent
470 2406 590 2473 bellum
622 2405 737 2474 indici.
783 2406 821 2471 In
854 2406 927 2489 ipso
961 2408 1093 2473 decreto
1113 2405 1142 2472 ⁸:
1166 2407 1312 2494 Populus
1335 2409 1507 2476 Romanus

336 2542 409 2586 cum
436 2517 556 2606 populo
580 2516 810 2584 Hermundulo
840 2519 1088 2606 hominibusque
1110 2520 1352 2586 Hermundulis
1383 2520 1504 2587 bellum

328 2632 459 2718 jussit:
491 2628 582 2712 quod
614 2642 748 2695 annotat
771 2629 909 2696 Cincius
931 2629 965 2695 in
987 2650 1022 2695 re
1044 2630 1186 2698 militari.
1229 2630 1290 2698 Illa
1309 2646 1416 2698 autem
1438 2631 1507 2698 for·

336 2743 454 2810 mula⁷
478 2741 574 2807 etiam
597 2740 706 2808 socios
727 2741 991 2825 comprehendit:
1015 2742 1128 2808 Hostis
1151 2746 1196 2810 sir
1227 2741 1286 2809 ille
1315 2746 1437 2829 quique
1455 2747 1507 2808 in-

337 2869 397 2921 tra
414 2852 591 2942 praesidia
613 2853 684 2938 ejus
707 2866 797 2918 sunt.
843 2853 930 2919 Illud
953 2853 1086 2937 insuper
1104 2854 1273 2924 sciendum
1297 2870 1348 2921 est
1366 2855 1457 2938 quod
1475 2853 1509 2920 in

335 2969 408 3053 jure
434 2965 598 3046 diximus,
630 2964 715 3031 idem
745 2983 784 3030 ex
812 2964 1048 3030 contrariorum
1078 2965 1203 3033 ratione
1226 2967 1260 3032 in
1283 2966 1402 3052 injuria
1422 2965 1510 3032 obti-

337 3097 435 3161 nere,
471 3092 508 3144 ut
536 3077 693 3160 quaedam
726 3076 759 3142 in
794 3076 865 3159 ipsa
888 3075 1098 3143 exsecutione
1119 3077 1252 3144 oriatur.
1296 3078 1382 3144 Nam
1402 3079 1509 3163 justae

338 3189 542 3256 exsecutioni
563 3188 620 3270 qui
643 3186 766 3254 resistit
793 3187 899 3253 sciens
925 3187 1113 3256 nesciensve
1135 3189 1285 3275 injuriam
1306 3189 1394 3258 facit.
1439 3191 1511 3257 Aut

339 3300 424 3368 enim
444 3300 568 3366 detinet
585 3299 619 3365 id
637 3298 730 3382 quod
747 3298 888 3365 alienum
908 3315 974 3382 est,
993 3316 1133 3368 autnon
1153 3300 1233 3368 facit
1250 3303 1285 3369 id
1303 3304 1394 3388 quod
1406 3302 1511 3370 facere

339 3425 488 3478 teneture
521 3410 602 3493 quin
634 3408 729 3476 enam
759 3409 898 3477 offendit
920 3431 993 3478 eum
1015 3432 1112 3494 quem
1132 3412 1295 3480 offendere
1317 3434 1382 3481 non
1402 3414 1510 3482 debet.

339 3523 420 3591 Non
451 3520 552 3608 igitur
581 3536 660 3589 tunc
691 3521 848 3589 duntaxat
877 3523 1060 3606 respublica
1084 3525 1170 3590 bello
1191 3526 1415 3609 persequenda
1438 3542 1510 3609 est,

340 3655 415 3701 cum
447 3633 518 3718 ipsa
546 3633 698 3718 primitus
725 3632 803 3700 facit
832 3634 983 3720 injuriam
1017 3650 1074 3702 aut
1105 3636 1175 3721 ejus
1207 3637 1406 3721 reipublicae
1444 3659 1511 3705 ma·

341 3746 494 3832 gistratus
525 3744 660 3829 publico
692 3745 823 3811 nomine
855 3761 951 3830 atque
979 3747 1171 3814 auctoritate
1192 3754 1225 3814 ⁸2
1248 3747 1405 3833 (facimus
1425 3751 1512 3816 enim

342 3872 375 3924 et
396 3857 460 3923 hoc
484 3858 575 3940 quod
596 3877 653 3941 per
675 3861 811 3924 alterum
833 3856 1005 3944 facimus:)
1029 3860 1087 3926 sed
1110 3875 1189 3926 tuuc
1212 3861 1308 3926 etiam
1329 3882 1404 3928 cum
1422 3862 1511 3928 cives

342 3969 401 4053 qui
430 3967 581 4038 fecerunt
608 3969 758 4056 injuriam
786 3969 855 4054 ipsa
878 3984 1006 4036 tuetur:
1029 3985 1061 4035 et
1083 3970 1173 4037 cives
1193 3970 1339 4040 vicissim
1363 3993 1437 4039 cum
1462 3974 1511 4041 in-

377 4278 430 4328 ¹in
456 4279 546 4328 forma.
580 4277 708 4330 ²Citatur
732 4281 759 4329 in
780 4285 797 4330 1.
824 4295 847 4329 2.
874 4281 899 4330 ff.
925 4284 957 4331 de
982 4285 1031 4344 leg.
1056 4283 1100 4345 [D.
1119 4296 1140 4332 1.
1159 4282 1195 4345 ³·]
1229 4280 1337 4332 ⁸Arist.
1352 4285 1384 4334 de
1400 4297 1465 4333 mor.
1481 4286 1513 4333 ud

343 4371 445 4420 Nicom.
463 4373 480 4419 l.
497 4384 519 4427 5.
538 4385 560 4420 c.
584 4385 621 4420 ια.
642 4372 680 4435 [p.
701 4373 772 4431 11³6·
791 4387 814 4421 α.
834 4387 873 4422 vs.
895 4373 948 4436 sn]
983 4372 1067 4423 ⁴Liv.
1087 4377 1105 4423 l.
1127 4389 1148 4424 1.
1174 4374 1209 4436 [c.
1235 4374 1288 4437 sm]
1323 4374 1407 4424 ‘Lim
1434 4379 1451 4424 l.
1474 4389 1514 4434 31.

345 4462 381 4524 [c.
396 4463 432 4525 6.]
457 4461 468 4495 ⁶
486 4463 583 4512 Gellius
596 4466 613 4512 Ι.
633 4465 670 4513 16.
682 4477 706 4513 c.
720 4477 744 4525 4.
771 4461 782 4501 ⁷
798 4464 855 4512 Liv.
874 4466 890 4511 l.
906 4468 946 4522 38.
965 4462 1001 4527 [c.
1022 4466 1072 4528 11.]
1088 4478 1112 4514 et
1127 4465 1228 4527 passim.
1251 4466 1376 4515 ⁸V.infra
1389 4466 1514 4516 informa.
