3316 5494
355 627 413 690 124
663 623 710 672 ua
733 622 827 691 June
853 621 1036 670 innuosa.
1062 623 1140 670 can.
1165 621 1216 670 tx.

351 796 386 847 at
410 785 439 846 si
461 781 535 865 quis
559 797 671 844 amore
686 780 783 864 pacis
805 776 925 842 bellom
949 775 1144 861 reformidet
1164 795 1236 840 eunt
1259 795 1323 840 non
1345 787 1448 840 entra
1463 787 1525 859 pc·

350 893 494 958 rionlnm
508 891 612 977 fore:
645 889 738 972 quod
770 903 802 953 et
828 887 946 954 clarius
977 888 1120 970 explicat
1141 907 1214 953 cum
1235 886 1339 968 dicit,
1363 907 1426 952 esse
1447 889 1524 970 qni-

349 1003 421 1068 dera
444 999 661 1069 modestorum
682 1001 849 1090 dominnm
870 1003 1058 1085 quiescere,
1090 1002 1157 1064 nisi
1174 1000 1307 1084 injuria
1331 997 1523 1064 lacessitos:

349 1113 406 1180 sed
426 1129 457 1180 et
471 1113 645 1199 fortiam,
670 1112 727 1178 nbi
746 1112 881 1196 injuria
902 1111 1117 1198 afficiantur,
1125 1125 1241 1196 pacem
1259 1131 1332 1176 enm
1344 1109 1425 1175 bello
1437 1130 1523 1174 eone·

349 1239 505 1292 mutare:
518 1243 719 1309 rnrsnraqne
741 1243 779 1288 re
801 1221 878 1289 bene
894 1234 1008 1309 gesta,
1022 1221 1079 1287 nbi
1100 1221 1222 1288 tulerit
1245 1220 1525 1307 occasio,deposi·

349 1340 393 1401 tis
426 1339 532 1401 armis
565 1333 677 1401 redirt
707 1336 937 1420 ingratiam.
992 1332 1135 1417 Neque,
1169 1334 1240 1415 ait,
1272 1345 1334 1398 ant
1361 1331 1523 1397 bellorum

349 1467 495 1513 successa
527 1445 645 1512 extolli
673 1465 868 1532 quemqnam
892 1457 1044 1530 oportet,
1068 1457 1130 1510 cat
1144 1447 1240 1531 pacis
1261 1448 1326 1510 otio
1344 1441 1522 1509 delinitura

349 1558 580 1624 eontnrneliarn
597 1560 691 1643 pati.
740 1553 808 1640 Qui
830 1557 914 1622 enirn
935 1556 971 1621 ob
986 1559 1082 1643 pacis
1101 1554 1302 1641 voluptatem
1324 1554 1443 1620 chelii
1463 1574 1523 1618 ra-

234 1698 241 1708 ’
350 1672 438 1734 tione
458 1670 639 1751 abhorret,
662 1672 691 1734 is
712 1671 742 1732 si
760 1667 926 1750 desideat,
950 1688 1050 1752 qnam
1070 1666 1243 1733 celerrime
1253 1665 1523 1752 tranquillitatis

349 1783 417 1846 ista
435 1780 653 1847 delectatione
678 1778 902 1866 spoliabitur,
926 1798 994 1864 qna
1014 1792 1131 1864 captas
1162 1777 1210 1844 ad
1236 1798 1335 1843 arma
1365 1775 1523 1842 sumenda

350 1894 481 1978 segnior
493 1891 579 1975 fnit.
625 1891 715 1956 Haec
735 1889 802 1956 ille.
846 1889 996 1974 Aquinas
1018 1892 1027 1925 ²
1048 1889 1142 1955 etiam
1158 1893 1235 1975 geri
1253 1887 1382 1974 quidem
1402 1887 1522 1953 beilum
1550 1875 1558 1890 “

351 2000 431 2067 dicit
444 2006 540 2086 pacis
556 2004 701 2089 gratia,
719 1999 777 2067 sed
794 2000 896 2066 bonae
917 2018 981 2066 non
1002 2000 1123 2067 malae.
1149 2001 1230 2066 Esse
1250 2004 1334 2066 enine
1355 2012 1386 2064 et
1407 2019 1524 2084 qnan-

350 2112 428 2178 darn
452 2125 590 2199 pacem,
614 2132 727 2197 qnam.
747 2113 899 2178 Christus
920 2131 953 2178 se
975 2125 1075 2199 negat
1104 2115 1141 2177 in
1172 2110 1329 2178 mundant
1354 2111 1522 2177 attulisse.

351 2223 398 2290 Et
428 2223 483 2290 alii
513 2225 553 2290 ab
577 2242 616 2290 eo
646 2223 793 2308 theologi
813 2217 825 2254 ¹
848 2222 947 2288 finem
965 2222 1043 2288 belli
1064 2243 1134 2290 esse
1157 2224 1273 2289 dicunt
1291 2241 1442 2289 amovere
1463 2242 1524 2303 ea,

352 2353 436 2416 quae
463 2352 575 2418 pacem
603 2335 807 2419 perturbant.
853 2335 968 2400 Pacem
991 2348 1099 2400 autem
1122 2335 1328 2417 perturbari,
1349 2353 1426 2400 cum
1448 2333 1525 2416 quis

351 2435 733 2531 injuste'impugnatur,
757 2461 832 2510 cum
860 2464 956 2510 suum
980 2444 1077 2511 alicui
1107 2444 1255 2513 aufertur
1283 2460 1340 2512 aut
1369 2446 1522 2512 mmnum

351 2555 514 2638 infertur,
540 2570 572 2623 et
593 2573 669 2622 cum
687 2555 815 2641 justitia
837 2556 911 2622 sive
931 2570 1018 2624 certa
1039 2556 1171 2639 punitio
1193 2557 1404 2643 denegatur⁸.
1429 2558 1524 2645 Quae

286 2703 288 2708 ·
352 2667 484 2750 quidem
506 2667 635 2754 singula
664 2667 705 2733 ad
732 2667 883 2734 amussim
917 2667 1121 2734 conveniunt
1139 2668 1191 2735 his
1213 2669 1320 2737 causis
1341 2688 1380 2734 ex
1401 2669 1524 2751 quibus

221 2909 291 2958 Nora
303 2911 341 2957 de·

221 2967 329 3012 elaratio.

352 2780 473 2846 bellum
505 2778 583 2845 oriri
615 2777 769 2846 diximus.
813 2777 881 2843 Pax
904 2777 1005 2864 igitur
1025 2779 1158 2845 bellanti
1181 2781 1350 2864 proposita
1370 2781 1457 2848 nihil
1477 2795 1525 2847 est

352 2891 443 2958 aliud
463 2909 559 2973 quam
580 2889 717 2974 injuriae
740 2889 914 2973 depulsi0‚
937 2889 1008 2956 sive
1032 2891 1123 2972 quod
1145 2891 1179 2956 in
1202 2891 1286 2957 idem
1306 2891 1424 2958 recidit
1440 2893 1524 2977 juris

352 3002 509 3086 adepti0‚
531 3021 598 3069 non
619 3001 734 3084 utique
757 3000 829 3084 sui,
853 3001 912 3066 sed
933 3000 1096 3068 interdum
1119 3001 1214 3068 etiam
1238 3003 1352 3070 alieni:
1376 3003 1470 3086 quod
1491 3004 1524 3070 in

352 3114 452 3182 sociis
473 3112 678 3180 manifestum
700 3127 749 3178 est
771 3115 793 3179 ⁴.
838 3112 911 3178 Nec
934 3112 1044 3180 minus
1066 3126 1174 3180 tamen
1194 3115 1339 3181 accidere
1359 3129 1471 3198 potest
1491 3115 1524 3179 in
1633 3186 1635 3190 ,

353 3225 433 3309 ipsis
456 3224 534 3290 belli
556 3222 777 3307 auctoribus,¹
791 3237 829 3288 ut
843 3237 923 3306 puta
938 3224 966 3290 si
983 3223 1017 3290 lsi
1039 3224 1160 3306 quibus
1182 3223 1221 3290 fit
1240 3224 1357 3310 iniuria
1377 3225 1525 3310 oppressi

354 3337 399 3403 ita
421 3335 504 3413 sint,
527 3347 565 3400 ut
586 3333 757 3401 resistendi
779 3353 846 3402 non
867 3335 1215 3404 habeantiacultatem.
1243 3337 1298 3403 Sic
1314 3336 1525 3405 Abrahamus

352 3465 413 3536 pro
434 3445 547 3513 Lotho
570 3459 603 3511 et
623 3444 758 3512 Sodomi
780 3445 909 3513 civibus
929 3447 1050 3515 bellum
1066 3448 1225 3533 suscipit,
1246 3447 1296 3515 sic
1308 3447 1525 3516 Constantius

353 3576 413 3642 pro
436 3555 595 3623 Romanis
622 3571 734 3624 contra
756 3557 985 3636 Maxentium,
1009 3559 1220 3628 Theodosius
1243 3579 1302 3643 pro
1327 3558 1526 3627 Christianis

354 3684 466 3736 contra
490 3669 661 3734 Chostoen
682 3668 822 3736 Persam.
870 3670 1062 3749 Fortitudo,
1085 3691 1169 3754 quae
1192 3669 1335 3737 defendit
1356 3669 1523 3752 infirmos,

355 3779 533 3848 Ambrosio
558 3779 686 3864 justitia
708 3779 828 3847 dicitur
848 3778 871 3849 ⁸.
925 3782 1083 3849 Seneca·
1105 3785 1179 3848 vult
1200 3803 1273 3849 eum
1294 3785 1353 3868 qni
1367 3787 1522 3868 patriam

354 3913 418 3958 non
438 3913 541 3957 oseam
564 3895 762 3978 impugnat,
784 3892 841 3958 sed
858 3915 937 3959 snae
953 3897 1073 3981 granis
1095 3908 1163 3976 est,
1183 3908 1215 3960 et
1236 3896 1392 3981 sepositus
1411 3915 1434 3958 a
1453 3914 1522 3958 mea

352 4016 449 4093 gente
480 4022 572 4068 snam
603 4003 782 4090 exagitat,
819 4007 997 4089 pronitate
1026 4009 1132 4071 animi
1163 4005 1370 4071 intercidisse
1401 4025 1522 4071 maenas

346 4117 441 4202 juris
460 4115 599 4180 hnmani
620 4117 827 4196 societatem,
848 4119 899 4182 ita
921 4131 959 4183 nt
972 4120 1074 4204 prior
1087 4121 1264 4204 potiorque
1287 4118 1380 4205 officii
1400 4119 1445 4183 sit
1466 4137 1521 4181 ra·

363 4315 541 4328 *-

389 4434 507 4486 ¹Thotn.
532 4451 555 4486 a.
581 4451 603 4486 a.
633 4450 658 4497 q.
680 4450 721 4498 40.
746 4447 791 4484 art.
820 4450 840 4484 1.
866 4438 897 4485 ad
922 4448 945 4493 ³·
980 4434 990 4469 ²
1013 4436 1091 4485 Wilh.
1112 4438 1194 4486 Math.
1212 4437 1238 4484 in
1254 4450 1308 4497 req.
1327 4450 1349 4484 2.
1368 4451 1393 4497 p.
1412 4449 1436 4495 7.
1469 4436 1521 4484 8ίῐι

356 4528 542 4579 concidam.
562 4542 583 4576 1.
616 4526 706 4575 ⁴e.6.
740 4527 795 4575 ⁶in
814 4526 902 4576 finec.
922 4540 943 4584 a·
978 4527 1038 4575 ⁶de
1056 4527 1140 4576 benef.
1155 4530 1173 4576 l.
1195 4540 1217 4585 7.
1235 4541 1258 4576 c.
1279 4541 1316 4589 19.
