3362 5504
354 596 416 658 274
642 598 688 644 on
714 599 805 664 Juxrr
833 599 1019 645 rannone.
1046 598 1115 644 cnr
1149 599 1231 644 xrrr.

353 750 490 816 maxime
523 751 670 818 doctrina
701 767 847 835 potestas
878 751 1022 836 Principi
1055 752 1129 818 data
1152 752 1299 819 revocari
1322 766 1434 835 potest
1455 767 1525 817 tum

354 861 548 946 praecipue,
581 884 655 931 cum
689 865 744 931 ille
777 863 979 949 principatus
1012 863 1064 930 sui
1097 862 1253 930 terminos
1285 864 1434 930 excedit:
1460 865 1527 948 jam

353 974 439 1040 enim
472 975 544 1057 ipso
578 975 665 1042 facto
697 976 851 1058 Princeps
880 995 947 1040 non
970 975 1102 1040 videtur
1121 985 1147 1039 ¹.
1193 975 1280 1040 Nam
1305 977 1364 1057 qui
1388 974 1527 1057 imperio

354 1085 501 1152 abutitur
525 1106 563 1153 eo
588 1106 622 1152 se
646 1087 816 1172 indignum
848 1087 975 1168 reddit,
989 1101 1022 1152 et
1044 1086 1200 1169 Princeps
1224 1106 1293 1152 esse
1316 1087 1440 1152 desinit
1463 1087 1528 1154 hoc

354 1198 427 1282 ipso
443 1197 535 1280 quod
557 1218 591 1264 se
610 1214 783 1284 tyrannum
805 1197 919 1265 facit².
965 1199 1068 1285 Quod
1088 1200 1197 1264 locum
1218 1196 1408 1264 habiturum
1430 1197 1529 1262 etiarn

354 1309 442 1392 apud
474 1329 553 1389 eos,
589 1310 646 1392 qui
679 1311 912 1394 rempublicam
941 1308 1085 1392 Principi
1109 1308 1316 1394 subjiciunt,
1341 1311 1528 1391 exemplum

355 1419 469 1486 vasalli
493 1420 611 1501 docet,
636 1441 734 1504 quern
758 1422 882 1489 domini
895 1421 1071 1488 saevientis
1084 1422 1246 1503 obsequio
1256 1422 1329 1506 jura
1342 1420 1493 1486 eximunt
1505 1425 1528 1486 ³.

209 1539 249 1584 Ex
270 1541 340 1586 conci·
355 1531 434 1597 Non
457 1546 566 1614 potest
585 1547 774 1599 autemnon
800 1533 919 1618 injuria
941 1533 1063 1617 repeti,
1088 1533 1254 1616 quidquid
1274 1533 1347 1617 jure
1371 1531 1529 1598 amissum

195 1593 236 1639 VI.
243 1594 340 1641 arrr'cJ.

194 1648 342 1748 ‘'2335‘ssss
354 1659 414 1709 est.
460 1644 571 1730 Quare
603 1665 676 1710 curn
709 1645 884 1729 Philippus
916 1645 1111 1729 imperium,
1136 1665 1204 1728 quo
1228 1643 1413 1723 exciderat,
1439 1644 1529 1709 bello

194 1755 342 1870 i'i‘iip'i':
354 1770 540 1838 reposceret
570 1770 668 1838 atque
701 1756 796 1822 etiam
830 1771 916 1822 recte
939 1755 1015 1822 facti
1038 1775 1160 1840 poenas
1184 1771 1373 1839 expeteret,
1397 1754 1465 1821 fuit
1490 1776 1530 1820 ex

196 1872 219 1908 ‘¹
232 1862 267 1910 11.
356 1868 596 1934 Hollandorum
620 1883 710 1951 parte
731 1868 913 1952 justissima
936 1867 1014 1934 belli
1035 1889 1155 1948 causa,
1191 1868 1277 1934 vitae
1301 1889 1338 1933 ac
1362 1888 1470 1934 rerum
1497 1883 1531 1932 ct

353 1978 517 2064 legitimae
549 1979 709 2046 libertatis
743 1978 890 2046 defensio
910 1978 932 2046 ⁵.
976 1980 1036 2064 Jus
1060 1981 1176 2046 deinde
1200 1980 1290 2046 aliud
1312 1994 1412 2063 atque
1436 1979 1530 2045 aliud

96 2112 99 2117 ·
197 2112 238 2156 ax
249 2111 341 2172 ugera
354 2090 387 2157 in
399 2091 472 2175 ipso
484 2093 572 2158 bello
582 2092 756 2158 subnatum
780 2107 839 2158 est.
863 2093 1006 2157 Primum
1030 2094 1072 2159 ob
1097 2092 1252 2158 immensa
1272 2093 1530 2174 damna⁵,quae

355 2201 494 2285 Hispani
518 2202 679 2268 immerito
693 2203 867 2270 llollandis
880 2204 1083 2284 intulerunt,
1107 2225 1184 2286 agro
1198 2204 1362 2286 quondam
1375 2219 1528 2286 vastato,

354 2313 492 2380 urbibus
525 2314 666 2394 dirutis,
699 2314 857 2398 direptis,
891 2330 961 2381 acta
992 2316 1108 2398 praeda
1138 2316 1204 2400 jam
1237 2330 1288 2381 tot
1319 2337 1377 2398 per
1410 2335 1529 2382 annos.

196 2445 266 2492 aare
280 2446 340 2512 prr.
356 2425 542 2491 Secundum
554 2427 598 2491 ob
615 2426 776 2509 impensas
789 2427 889 2507 belli,
913 2447 995 2509 quas
1017 2442 1123 2493 tantas
1143 2426 1247 2494 fuisse
1269 2442 1302 2493 et
1322 2447 1392 2492 esse
1415 2427 1529 2510 quoti-

195 2499 266 2620 sii'ga
275 2509 341 2654 ’ΐῖ
355 2535 429 2615 die,
442 2551 480 2602 ut
501 2536 559 2602 vix
581 2539 667 2604 ullae
684 2538 785 2603 ullius
797 2538 952 2620 temporis
964 2537 1103 2604 conferri
1115 2538 1263 2621 possint,
1277 2559 1353 2604 vere
1366 2537 1529 2604 diximus:

196 2617 266 2654 ‘'m‘'
294 2639 301 2652 ”
354 2647 455 2729 idque
478 2663 548 2714 tum
571 2669 611 2714 ex
634 2649 712 2716 belli
736 2649 976 2730 diuturnitate,
992 2666 1062 2716 turn
1087 2671 1126 2716 ex
1150 2650 1316 2734 opulentia
1329 2649 1529 2731 h081182⁰¹¹i

198 2782 299 2844 nerag.
315 2759 572 2830 xresistendum
595 2759 681 2843 fuit,
705 2761 844 2846 intelligi
867 2777 987 2845 potest.
1034 2760 1186 2828 Tertium
1211 2763 1254 2828 ob
1278 2761 1417 2828 delicta:
1443 2783 1528 2845 quae

355 2890 429 2938 curn
441 2871 617 2952 dic0,non
642 2887 767 2939 tanturn
791 2873 906 2938 caedes
930 2874 1153 2940 innocentium
1168 2888 1200 2940 et
1211 2874 1340 2957 rapinas
1353 2889 1386 2939 et
1399 2894 1530 2941 omnem

356 2983 443 3050 illam
475 2983 664 3050 violentiam
698 2985 836 3070 intelligi
866 2987 967 3066 volo,
996 3007 1080 3069 quae
1098 3001 1271 3070 propterea
1293 3001 1429 3069 peccata
1453 3003 1532 3052 sunt

356 3095 389 3160 in
413 3096 523 3175 bello,
547 3095 626 3179 quia
648 3098 771 3162 bellum
794 3097 954 3180 injustum
980 3113 1051 3180 est,
1076 3119 1192 3165 verum
1216 3099 1278 3163 alla
1299 3098 1421 3179 etiam,
1446 3119 1531 3181 quae

356 3229 415 3274 nec
447 3209 568 3274 bellum
598 3209 725 3293 justum
757 3207 881 3294 gerenti
914 3209 1107 3291 licuissent,
1140 3211 1326 3295 cujusmodi
1359 3210 1532 3276 innumera

356 3318 581 3399 crudelitatis,
612 3319 791 3402 perfidiae,
824 3319 970 3386 libidinis
1003 3323 1172 3404 exempla,
1204 3337 1332 3388 rantum
1364 3322 1459 3387 abest
1491 3337 1531 3388 ut

355 3449 417 3498 nos
440 3451 607 3498 numerare
629 3431 817 3516 possimus,
841 3433 973 3498 annales
996 3433 1078 3497 nulli
1102 3433 1181 3499 satis
1210 3433 1308 3518 digne
1333 3435 1530 3517 exprimant.

356 3617 553 3628 ι--ιι--ι-ι-

390 3719 492 3780 ¹Vasq.
510 3734 532 3770 c.
553 3723 577 3769 8.
596 3734 621 3770 n.
642 3734 680 3781 ¹9·
722 3715 828 3778 2Vasq.
847 3720 871 3766 d.
889 3733 913 3766 c.
934 3733 955 3766 r.
975 3733 999 3766 n.
1017 3722 1040 3768 8.
1059 3733 1126 3768 casu.
1148 3733 1169 3767 ι.
1187 3733 1210 3768 c.
1228 3722 1251 3767 8.
1268 3734 1294 3768 n.
1315 3733 1353 3767 11.
1368 3731 1392 3767 et
1409 3733 1432 3768 c.
1452 3723 1490 3768 18.
1504 3734 1531 3767 n.

359 3825 396 3860 ιο.
413 3813 519 3862 covarr.
536 3824 617 3872 praet.
635 3823 730 3872 quaest.
747 3825 769 3859 c.
789 3824 810 3858 1.
826 3813 911 3859 concl.
929 3811 953 3857 6.
969 3811 1037 3858 circa
1057 3809 1139 3858 linem.
1158 3825 1209 3870 arg.
1228 3825 1251 3858 c.
1270 3825 1323 3858 non
1341 3825 1439 3859 omncs.
1454 3824 1531 3860 causa

359 3916 396 3952 ιι.
414 3917 439 3964 q.
456 3916 479 3962 7.
506 3905 593 3966 [Dect.
617 3906 686 3954 Grat.
702 3917 728 3962 p.
747 3915 767 3949 1.
794 3915 832 3949 ιι.
855 3913 880 3958 7.
903 3901 956 3962 ao]
992 3900 1003 3932 ³
1026 3903 1096 3949 Bald.
1121 3902 1147 3948 in
1168 3915 1188 3949 1.
1208 3903 1289 3950 Rubr.
1309 3902 1334 3950 ff.
1353 3914 1378 3950 et
1396 3903 1429 3950 de
1447 3901 1530 3950 milite

355 3995 443 4044 vasall.
460 3995 503 4056 qui
527 4007 596 4046 cont.
620 4007 667 4046 est.
691 3994 718 4042 in
743 3992 803 4042 line.
828 3993 868 4054 [F.
887 4006 911 4040 a.
930 3993 982 4052 am]
1002 3995 1062 4040 lnsr.
1081 3994 1112 4040 de
1130 3993 1169 4040 bis
1187 3994 1231 4052 qui
1249 3993 1289 4040 sui
1308 3996 1349 4040 vel
1369 3993 1447 4040 alieni
1465 3992 1530 4050 juris

356 4097 428 4146 sunt,
443 4086 489 4136 sub
515 4085 600 4136 finem.
626 4087 658 4148 [l.
685 4099 707 4134 r.
731 4085 768 4146 8.]
786 4085 816 4132 V.
842 4098 865 4134 c.
893 4097 914 4132 1.
939 4087 961 4142 8.
986 4084 1100 4133 domino.
1124 4085 1146 4132 si
1171 4086 1203 4132 de
1220 4085 1291 4132 seud.
1309 4095 1392 4134 contr.
1410 4084 1444 4134 sit
1464 4084 1532 4132 inter

355 4177 423 4226 dont.
441 4189 465 4228 et
484 4191 539 4238 agn.
558 4178 598 4240 [F.
617 4192 641 4226 a.
659 4177 713 4240 ab]
733 4179 796 4226 ltem
814 4189 838 4226 c.
855 4187 888 4226 ex
906 4176 985 4224 lacto.
1006 4178 1073 4235 qual.
1091 4178 1160 4224 dom.
1178 4189 1254 4236 prop.
1271 4175 1343 4224 send.
1360 4174 1429 4236 priv.
1449 4174 1489 4238 [F.
1505 4189 1531 4222 2.

354 4266 409 4328 47.]
429 4280 452 4318 et
471 4268 507 4318 ibi
526 4271 597 4322 Bald.
616 4282 641 4318 n.
660 4271 684 4318 8.
717 4266 729 4298 ⁴
746 4269 778 4316 V.
795 4278 860 4316 text.
879 4266 905 4314 in
923 4269 940 4316 l.
959 4280 983 4314 2.
1000 4267 1026 4315 ff.
1045 4268 1077 4316 de
1096 4267 1160 4326 orig.
1177 4265 1251 4323 juris.
1268 4270 1290 4324 l.
1308 4267 1407 4316 exactis
1419 4267 1531 4327 regibus.

358 4358 402 4422 [D.
430 4372 450 4408 1.
475 4373 499 4410 a.
526 4374 549 4410 a.
568 4363 591 4418 5.
612 4360 647 4421 ³·]
666 4360 698 4408 Er
715 4360 781 4408 bart.
801 4360 832 4408 cle
850 4371 946 4418 tyrann.
965 4371 990 4405 n.
1009 4371 1032 4414 3.
1051 4357 1077 4406 in
1096 4356 1155 4406 line.
1199 4357 1209 4388 ⁵
1233 4359 1263 4406 V.
1281 4372 1304 4408 c.
1322 4371 1346 4414 7.
1364 4360 1395 4406 ad
1414 4357 1486 4406 artic.
1508 4370 1531 4406 ι.

356 4461 380 4500 et
400 4461 422 4500 c.
441 4464 466 4512 4.
483 4463 542 4514 post
561 4451 643 4512 princ.
