3316 5494
347 595 389 679 96
642 613 689 665 nr
711 613 804 686 June
830 615 1014 666 rurore.
1038 615 1119 665 cnr.
1142 611 1223 664 rur.

347 772 438 855 quod
452 785 484 838 et
499 791 597 856 supra
615 771 771 852 diximus,
791 771 982 840 defervente
996 772 1146 856 periculo
1165 774 1254 856 leges
1267 769 1519 837 resuscitandas.
1644 851 1645 866 χ

282 867 283 870 ¹
346 881 499 970 Exempli
529 903 648 967 causa,
677 883 705 952 si
738 884 814 968 quis
843 881 977 951 alterius
1002 883 1137 950 ditionis
1164 882 1248 951 civis
1271 882 1410 967 alicujus
1430 883 1520 948 bona
1597 955 1599 958 ,
1644 943 1645 960 ,

345 998 456 1065 'veniat
482 1012 631 1081 raptum,
663 1009 817 1080 poterunt
838 1015 905 1064 non
925 993 1006 1062 haec
1026 1009 1152 1062 tantum
1173 992 1299 1078 recipi,
1322 993 1380 1060 sed
1399 1009 1432 1060 et
1454 993 1518 1060 alia
1644 983 1645 990 '

345 1107 431 1178 bona
461 1125 534 1176 ante
563 1109 725 1195 judicium
756 1105 829 1192 capi
860 1107 955 1190 quasi
982 1103 1017 1173 in
1045 1107 1188 1192 pignus,
1212 1107 1256 1174 ita
1279 1122 1318 1174 ut
1340 1107 1520 1175 reddantur

345 1221 373 1289 si
389 1221 551 1308 judicium
573 1233 722 1287 secutum
745 1213 789 1286 sit
808 1227 832 1284 ¹.
878 1217 1021 1306 Quoties
1040 1233 1149 1286 autem
1171 1220 1254 1286 ratio
1280 1217 1436 1303 temporis
1457 1231 1520 1302 pa-

343 1334 443 1415 titur,
466 1331 566 1400 toties
590 1329 781 1414 quicunque
810 1329 932 1396 bellum
965 1328 1152 1414 suscipiunt
1177 1341 1211 1398 et
1242 1330 1276 1397 in
1299 1339 1518 1414 quoscunque

342 1441 502 1532 judicium
525 1444 668 1527 accipere
686 1444 816 1512 debent.
860 1439 960 1508 Unde
982 1441 1067 1509 bella
1089 1439 1200 1510 civilia
1218 1444 1308 1527 juste
1329 1440 1519 1526 suscipiun-

343 1573 398 1624 tur
416 1556 593 1625 secundum
611 1555 755 1639 regulam
774 1554 923 1636 quintam
941 1553 1013 1621 sive
1031 1553 1201 1637 septimam
1220 1569 1253 1620 et
1263 1554 1366 1640 legem
1378 1570 1515 1619 nonam:

343 1685 476 1736 externa
505 1665 684 1734 secundum
714 1668 818 1750 legem
850 1661 1075 1732 duodecimum
1103 1680 1136 1731 et
1165 1665 1312 1751 regulam
1347 1678 1465 1732 nonam
1488 1669 1515 1731 ¹.

343 1782 454 1869 Quare
484 1780 518 1845 in
549 1780 636 1844 bello
666 1775 756 1844 civili
789 1797 849 1860 pro
879 1777 953 1842 cive
985 1792 1042 1842 aut
1069 1777 1239 1860 republica
1266 1791 1380 1843 contra
1409 1776 1516 1843 civem

343 1890 502 1958 sententia
513 1890 721 1975 magistratus
737 1896 795 1954 aut
809 1885 1007 1971 reipublicae
1024 1885 1239 1968 desideratur,
1258 1907 1318 1954 nec
1335 1887 1517 1970 quidquam

343 2006 428 2070 ultra
450 2005 479 2067 ⁸:
512 2002 603 2084 quod
626 2001 660 2065 in
695 2011 828 2066 externo
860 1999 953 2064 aliter
980 2013 1047 2067 est:
1082 1999 1182 2082 idque
1211 2021 1229 2065 a
1258 2000 1374 2068 Tullio
1395 2006 1408 2043 ⁴
1428 2014 1517 2065 recte

343 2113 579 2200 distinguitur,
610 2099 669 2195 qui
696 2129 769 2178 cum
800 2109 979 2178 mittendos
1001 2105 1042 2177 ad
1063 2107 1246 2178 Antonium
1271 2114 1396 2197 legatos
1418 2125 1516 2197 negat

343 2227 401 2294 sed
430 2225 465 2292 vi
495 2243 568 2290 eum
597 2223 780 2310 cogendum
809 2237 847 2290 ut
879 2225 921 2289 ab
943 2221 1115 2290 obsidione
1138 2203 1291 2290 Mutinae
1313 2221 1514 2306 discederet,

343 2359 408 2404 non
437 2340 543 2419 enim,
567 2336 697 2418 inquit,
721 2349 794 2400 cum
823 2333 1067 2401 Annibalem
1091 2347 1139 2400 cst
1168 2337 1258 2401 hoste
1290 2335 1515 2421 reipublicae,

343 2447 401 2514 sed
430 2467 504 2513 cum
536 2450 622 2515 cire:
657 2445 748 2530 quod
781 2443 954 2512 discrimen
989 2445 1153 2513 subtiliter
1189 2447 1313 2514 Seneca
1334 2451 1346 2488 ⁵
1368 2443 1514 2530 indicat,

343 2578 417 2626 cum
449 2547 550 2640 dicit,
584 2557 714 2625 indicta
743 2554 900 2640 finitimis
933 2555 1021 2624 bella
1054 2571 1116 2624 aut
1143 2571 1239 2645 gesta
1268 2571 1341 2624 cum
1373 2559 1512 2629 ciuibus.

342 2671 432 2761 Quia
452 2671 553 2738 indici
574 2672 696 2737 bellum
719 2670 850 2738 civibus
869 2691 930 2737 nec
960 2669 1064 2752 solet,
1087 2688 1147 2736 nec
1167 2671 1300 2736 necesse
1321 2685 1379 2737 est.
1425 2672 1514 2738 idem

344 2782 406 2851 erit
425 2778 459 2848 in
478 2781 647 2867 tyrannis,
666 2783 871 2863 latronibus,
895 2780 1009 2865 piratis
1030 2797 1062 2847 et
1081 2779 1273 2865 quicunque
1289 2799 1364 2866 pars
1382 2779 1515 2851 alterius

342 2895 541 2980 reipublicae
563 2907 630 2961 non
654 2905 740 2961 sunt.
786 2894 823 2960 ln
846 2887 941 2962 beliis
964 2890 1139 2960 extemis·
1163 2894 1216 2960 lex
1248 2893 1302 2960 illa
1326 2911 1423 2977 quam
1447 2892 1515 2962 diri

344 3021 377 3074 et
395 3009 507 3094 regula
530 3006 743 3074 constituunt
769 3003 1050 3073 denuntiationem
1071 3003 1153 3072 adeo
1174 3007 1366 3072 celebratam
1388 3005 1422 3072 in
1441 3009 1514 3092 jure

341 3121 444 3204 belli,
476 3119 515 3185 de
547 3139 612 3202 qua
641 3137 707 3183 non
738 3116 823 3183 idem
853 3133 980 3184 veteres
1012 3131 1232 3198 censuerunt,
1264 3117 1359 3184 nobis
1392 3137 1431 3183 ex
1462 3114 1515 3184 his

343 3249 427 3313 quae
458 3228 714 3314 praestruximus
742 3223 851 3294 omnia
882 3243 977 3296 erunt
1006 3228 1167 3312 expedita
1212 3228 1318 3296 Recte
1347 3227 1431 3296 illud
1463 3229 1514 3296 sui

339 3342 423 3427 J‘uris
445 3341 578 3408 tenebat
605 3341 698 3407 miles
729 3340 817 3423 ap'ud
838 3344 1009 3420 ἠθηαότατον
1031 3355 1063 3408 et
1085 3353 1124 3408 ut
1143 3340 1188 3407 ita
1210 3341 1315 3408 dlcam
1336 3342 1515 3408 sententio-

314 3445 316 3450 ’
342 3452 507 3521 sissimum
530 3463 694 3518 auctorem
716 3459 748 3515 ’τ’

366 3559 489 3630 Omnia
503 3567 603 3650 prius
623 3567 774 3649 experiri
793 3564 902 3631 uerbis
923 3584 1023 3649 quum
1044 3567 1150 3630 armis
1171 3566 1348 3650 sapientem
1370 3561 1460 3630 decet
1473 3582 1488 3629 .·

366 3673 434 3760 Qui
454 3679 515 3742 s'cr's
536 3697 581 3741 an
602 3686 687 3760 quae
697 3674 833 3756 jubeam
857 3678 926 3739 sine
943 3679 979 3743 νί
992 3673 1143 3760 faciat?

385 3787 473 3853 Nam
496 3795 529 3853 et
550 3786 725 3870 Euripides
746 3792 759 3827 ⁸
781 3787 925 3853 dixerat:

619 3899 729 3980 adram
751 3903 873 3974 aeirus,
897 3890 921 3967 ei
943 3903 974 3967 δὲ
995 3902 1038 3979 μὴ
1059 3899 1117 3985 βίᾳ
1138 3899 1222 3982 δορός.

626 4004 744 4075 Verbis
767 4007 807 4074 id
824 4007 1029 4095 impetrab09
1054 4011 1106 4072 sin
1129 4008 1236 4074 minus
1259 4025 1372 4076 manu.

346 4165 539 4177 ——un

375 4253 419 4304 ¹1.
434 4254 478 4316 qui
498 4267 596 4316 posses.
610 4255 636 4303 ff.
656 4257 687 4305 de
706 4253 734 4304 vi
750 4266 775 4303 et
793 4254 821 4304 vi
836 4266 896 4304 arm.
912 4251 955 4318 [D.
968 4265 1009 4316 4³·
1029 4253 1066 4304 16.
1087 4254 1137 4320 17.]
1158 4255 1231 4306 Arias
1248 4257 1280 4305 de
1297 4255 1375 4306 bello.
1393 4269 1418 4305 n.
1433 4263 1473 4318 aa
1487 4253 1514 4307 in

340 4343 430 4406 partie.
442 4344 520 4393 bello.
540 4346 645 4408 [ocean.
660 4347 713 4409 Jur.
726 4357 789 4394 torn.
807 4347 845 4394 1⁶.
862 4359 888 4406 p.
907 4345 975 4407 aad]
1003 4343 1014 4377 ²
1030 4361 1056 4394 v.
1073 4360 1095 4394 c.
1112 4359 1134 4396 2.
1160 4344 1172 4378 ⁸
1188 4349 1258 4396 Bald.
1268 4346 1321 4396 inl.
1335 4348 1356 4396 si
1366 4355 1474 4396 manum.
1485 4347 1513 4398 G.

341 4437 373 4486 de
384 4435 513 4497 utapro.
529 4437 571 4499 [C.
578 4439 601 4486 6.
613 4438 637 4486 6.
649 4437 686 4499 4.]
709 4433 721 4468 ⁴
737 4436 801 4484 l’lril.
815 4448 837 4492 5.
855 4437 891 4498 [c.
903 4437 970 4497 rol.
980 4437 1019 4486 26.
1035 4439 1103 4500 sqq]
1127 4435 1139 4470 ὅ
1156 4440 1189 4487 de
1203 4437 1240 4488 ira
1255 4439 1271 4487 l.
1288 4451 1311 4496 s.
1324 4451 1347 4488 c.
1362 4452 1386 4487 a.
1408 4437 1419 4470 ⁸
1436 4439 1513 4488 Matr.

339 4525 543 4576 irauddebello.
559 4541 584 4588 q.
598 4541 621 4590 9.
632 4539 656 4576 et
673 4537 746 4585 amet
762 4516 804 4585 3⁸:
828 4524 840 4564 ⁷
857 4525 958 4576 Terent.
972 4525 1035 4578 Eun.
1050 4529 1100 4590 [trs.
1110 4531 1167 4591 789.
1177 4529 1228 4590 sq]
1255 4527 1267 4560 ⁸
1286 4530 1384 4591 [suppl.
1394 4541 1432 4580 vt.
1442 4530 1511 4592 ³47]
