3310 5482
442 621 488 666 nn
512 620 604 687 Juns
632 619 816 668 osannam.
843 619 924 666 cnr.
950 619 1002 666 tv.
1272 616 1314 678 49

147 771 270 838 resistat
293 773 435 857 graviter
459 774 647 857 delinquere
669 783 689 845 ¹.
736 775 850 857 Atque
877 773 957 840 adeo
982 772 1009 838 si
1033 769 1115 854 quid
1135 771 1190 838 ille
1209 767 1313 836 felici-

133 893 189 949 'ter
209 900 322 968 gerat,
346 883 401 952 fur
422 901 470 951 est
494 902 525 952 ct
545 903 654 970 raptor
676 887 844 953 violentus
864 900 896 951 et
917 882 1064 950 sicarius
1101 884 1186 951 Sunt
1206 896 1312 948 autem

145 997 219 1060 haec
251 1011 384 1080 peccata
415 997 599 1084 ejusmodi,
632 1013 670 1064 ut
701 1017 791 1065 reum
822 994 1035 1063 facultatibus
1055 994 1232 1076 omnibus,
1256 1008 1313 1061 aut

144 1123 230 1189 parte
246 1128 364 1192 magna
383 1108 532 1175 mulctati
544 1109 664 1175 faciant
676 1115 707 1174 ¹:
730 1129 813 1191 quae
825 1109 855 1175 ei
872 1107 992 1193 apponi
1008 1109 1143 1188 debent,
1163 1107 1196 1172 in
1213 1125 1310 1188 quern

143 1234 308 1301 peccatum
333 1235 405 1300 est,
426 1235 483 1286 aut
503 1219 629 1287 homini
660 1235 716 1288 aut
740 1221 948 1304 reipublicae.
992 1219 1038 1285 Et
1060 1221 1124 1285 hoc
1149 1217 1313 1301 estquod

143 1329 272 1396 tradunt
295 1330 442 1416 theologi
455 1338 486 1414 ⁸,
508 1331 541 1397 in
552 1331 716 1416 principio
736 1332 840 1412 belli,
864 1331 891 1398 si
912 1330 1019 1398 hostis
1043 1331 1161 1397 offerat
1181 1332 1310 1413 plenam

144 1440 395 1508 satisfactionem
424 1461 491 1509 non
520 1457 645 1509 tantum
678 1442 814 1528 injuriae
836 1458 869 1509 et
887 1463 1018 1524 rerum,
1041 1442 1099 1509 sed
1120 1444 1309 1510 damnorum

143 1552 233 1618 etiam
266 1573 304 1618 ac
338 1553 580 1637 impensarum,
604 1553 802 1621 audiendum
834 1573 907 1620 eum
932 1572 1013 1620 esse.
1059 1555 1107 1619 At
1136 1573 1231 1620 secus
1252 1553 1310 1620 fla-

143 1679 252 1747 grante
273 1665 339 1748 jam
363 1665 474 1745 belIO,
499 1665 577 1748 quia
599 1664 705 1732 hostis
731 1665 924 1747 delinquens
944 1665 1009 1750 jam
1033 1684 1099 1730 non
1119 1684 1157 1730 eo
1182 1664 1224 1730 sit
1246 1680 1309 1730 sta-

142 1789 199 1855 tu,
224 1789 262 1840 ut
284 1771 471 1842 satisfacere
494 1775 631 1857 debeat,
654 1777 712 1844 sed
733 1785 754 1855 †
779 1825 1007 1845 ...........
1029 1790 1077 1841 est
1097 1775 1188 1858 pati,
1210 1777 1309 1842 altero

142 1884 295 1952 videlicet
315 1885 426 1970 judice
446 1887 511 1971 jam
532 1887 737 1970 constituto,
758 1888 816 1972 qui
839 1934 1182 1956 ................
1195 1887 1308 1970 possit.

142 1995 192 2061 Ex
214 1995 268 2062 his
290 2017 374 2078 quae
398 1997 483 2063 dicta
506 2013 582 2066 sunt
606 2000 685 2066 satis
708 2015 839 2084 apparet
859 1999 954 2066 etiam
975 1997 1180 2064 concordiam
1201 1997 1310 2081 reipu-

142 2105 242 2172 bircae
266 2123 298 2173 et
320 2107 564 2192 magistratuum
589 2111 813 2177 auctoritatem
832 2131 926 2193 saepe
948 2109 1017 2175 sine
1039 2109 1157 2193 praeda
1179 2129 1310 2175 conser-

141 2218 208 2284 vari
240 2239 305 2284 non
328 2228 471 2303 posse⁴,
495 2221 667 2306 praecipue
689 2222 766 2304 quia
789 2222 829 2287 ad
852 2241 918 2288 earn
942 2241 1008 2286 rem
1031 2219 1161 2286 maximi
1182 2236 1310 2288 sumtus

141 2329 365 2397 desiderantur
388 2351 447 2397 nec
470 2332 602 2416 impune
623 2333 708 2400 ferre
730 2334 871 2414 debent,
895 2331 952 2416 qui
974 2348 1093 2398 temere
1116 2347 1307 2416 repugnant.

142 2441 227 2506 Cum
252 2440 353 2526 i'gitur
374 2443 515 2526 patuerit
538 2442 550 2477 ⁵
570 2445 695 2529 J'ustum
717 2463 811 2528 esse,
838 2443 914 2526 quia
937 2459 969 2509 et
991 2443 1064 2510 Deo
1088 2459 1212 2529 gratrnn
1235 2460 1308 2527 est,

140 2571 199 2617 nos
221 2555 359 2618 salutern
384 2569 525 2620 nostram
549 2555 657 2636 tueri,
681 2575 732 2622 res
754 2570 882 2621 nostras
904 2553 1072 2621 defensare
1095 2571 1151 2622 aut
1175 2576 1308 2640 recupe-

140 2684 235 2745 rare,
260 2664 405 2731 debitum
438 2666 620 2749 consequi,
644 2666 738 2733 etiarn
765 2667 849 2733 illud
868 2666 959 2749 quod
980 2686 1117 2749 poenam
1138 2667 1307 2749 continet,

139 2795 221 2856 quae
255 2795 317 2841 nos
349 2776 616 2862 altericuiquam
641 2778 803 2844 remittere
834 2779 928 2843 Deus
958 2797 1023 2842 non
1045 2777 1133 2863 cogit
1153 2780 1189 2858 ⁶,
1216 2799 1307 2861 prae·

139 2885 248 2950 sertim
282 2907 356 2952 cum
385 2886 419 2952 in
442 2908 613 2956 commune
634 2888 762 2955 intersit
784 2887 940 2954 maleficia
961 2907 1026 2956 non
1050 2907 1178 2954 manere
1201 2889 1307 2972 impu-

137 2996 228 3078 nita,
264 2985 469 3082 propugnare
492 3001 723 3084 rempublicam
747 3016 779 3066 et
801 3000 1023 3085 magistratus:
1059 3000 1175 3066 horum
1198 3015 1305 3066 autem

138 3107 218 3173 nihil
243 3107 315 3174 fieri
336 3109 463 3192 possit,
487 3110 550 3176 nisi
571 3113 684 3178 hostes
706 3111 825 3195 opibus
848 3126 1030 3190 exuantur,
1052 3113 1206 3194 pleraque
1226 3131 1305 3177 vero

138 3239 200 3284 non
224 3219 320 3286 aliter
341 3221 506 3304 possimus
526 3221 697 3302 obtinere,
719 3223 783 3288 nisi
805 3244 863 3306 per
883 3223 1027 3302 bellurn,
1051 3219 1248 3303 acquirendo
1272 3221 1307 3288 id

138 3332 228 3412 quod
259 3331 366 3398 hostis
388 3331 476 3412 fuit,
500 3334 563 3398 hoc
586 3349 692 3398 autem
715 3333 757 3398 sit
778 3333 859 3399 illud
883 3334 974 3415 quod
991 3334 1108 3417 praeda
1130 3332 1249 3398 dicitur
1269 3338 1304 3414 ⁷,

138 3442 270 3508 omnino
301 3443 513 3526 consequitur
536 3443 681 3527 praedari
703 3444 877 3525 aliquando
896 3445 1021 3528 justum
1046 3463 1128 3510 esse.
1172 3444 1243 3529 Jarn
1266 3452 1382 3552 exm-
1394 3457 1469 3556 ‘iia'

1318 3561 1366 3606 Ill.

166 3786 269 3835 ¹lvlart.
287 3789 363 3836 Land.
387 3805 411 3849 q.
437 3805 474 3850 14.
491 3803 515 3839 et
538 3793 574 3839 16.
609 3789 667 3840 ²cx
686 3796 758 3853 alleg.
775 3807 849 3854 supra
867 3807 922 3854 pos.
957 3793 1065 3852 ³Cajet.
1082 3796 1107 3843 in
1123 3808 1211 3844 summ.
1230 3809 1302 3856 pecc.

135 3878 195 3926 Belli
212 3879 356 3926 revocatio.
390 3877 401 3910 ⁴
417 3879 488 3936 juxta
506 3885 522 3930 l.
541 3895 565 3939 7.
583 3895 608 3930 ct
626 3897 681 3943 sqq.
699 3885 729 3931 V.
746 3884 814 3933 Vict.
833 3899 857 3932 n.
879 3896 915 3940 15.
934 3886 996 3934 silv.
1014 3886 1040 3934 in
1065 3902 1088 3934 v.
1113 3888 1302 3948 Repressaliae,

136 3967 159 4016 in
175 3969 258 4029 princ.
277 3969 328 4018 ibi:
346 3970 396 4033 Qui
414 3983 505 4019 autem.
540 3972 550 4004 ⁵
568 3985 623 4020 toto
641 3987 664 4022 c.
683 3988 707 4021 a.
727 3974 738 4005 ⁶
756 3974 834 4021 Wilh.
854 3977 933 4022 Math.
954 3978 985 4024 cle
1004 3977 1072 4025 bello
1090 3975 1158 4035 justo
1177 3989 1201 4025 ct
1219 3977 1301 4025 licito.

136 4055 159 4104 in
177 4070 200 4114 ³·
220 4072 274 4118 req.
309 4056 370 4108 ⁷cx
395 4060 471 4109 defin.
497 4059 605 4121 praedae
629 4064 656 4110 in
681 4063 730 4111 fine
757 4078 812 4124 cap.
832 4079 854 4112 2.

164 4151 177 4207 †
197 4147 277 4212 [Folii
295 4163 380 4210 margo
396 4151 504 4200 inferior
518 4154 549 4201 ad
565 4156 676 4201 dextram
692 4167 791 4202 uranum
814 4169 827 4203 a
845 4157 956 4204 muribus
975 4169 1078 4205 corrosa
1096 4169 1149 4218 est,
1167 4158 1233 4205 unde
1248 4157 1300 4204 fac-

136 4248 183 4286 tum
200 4251 229 4286 ut
248 4241 299 4288 duo
318 4253 406 4290 versus
424 4255 472 4301 pro
491 4254 562 4302 parte
580 4244 657 4292 deleti
675 4243 734 4292 sint.
769 4247 816 4293 Sed
834 4245 949 4304 quamvis
968 4248 999 4294 cle
1018 4245 1079 4306 ipsis
1107 4245 1190 4294 Grotii
1214 4245 1300 4293 verbis

135 4329 209 4376 hodie
227 4343 344 4378 constare
362 4345 486 4393 nequeat,
505 4335 570 4382 haud
587 4337 692 4382 multum
711 4335 893 4397 aberrabimus,
912 4335 933 4385 si
952 4336 978 4384 in
995 4339 1059 4385 l2anc
1077 4336 1131 4383 iere
1150 4336 1299 4384 sententiam

136 4420 264 4480 scripsisse
283 4434 340 4469 eum
363 4437 500 4482 ponamus:
526 4424 552 4471 in
576 4426 663 4484 priore
682 4439 758 4474 versu
775 4429 851 4475 haec:
879 4429 923 4475 sed
941 4427 1024 4475 illatis
1039 4428 1162 4489 grauiora
1181 4428 1249 4475 harrd
1263 4429 1298 4474 iu-

133 4506 225 4566 justum
244 4524 281 4559 cst
299 4513 368 4572 pati;
385 4514 410 4561 in
429 4517 508 4563 altero
527 4515 576 4564 ita:
594 4516 638 4575 qui
657 4516 686 4564 de
701 4527 780 4579 poena
796 4527 844 4580 pro
862 4517 934 4565 libitu
952 4525 1068 4566 statuere
1085 4517 1188 4582 possit]

1148 4629 1168 4688 4
