3362 5504
324 611 386 677 272
612 611 658 656 ur
683 609 776 677 Junu
803 609 989 656 annuunt.
1015 609 1094 656 one.
1119 609 1201 656 xnr.

323 762 447 844 quibus
480 765 582 830 multa
615 785 671 848 per
691 766 820 830 saecula
842 765 1026 847 respublica
1048 779 1204 846 steterat,
1230 764 1339 831 eadcrn
1364 765 1398 830 in
1421 786 1504 848 pro·
1591 778 1593 782 ·

163 892 200 938 Β.
218 875 451 953 regenvinciae
479 877 612 943 modurn
640 877 863 960 Hispanorum
890 875 1019 942 libidini
1052 877 1281 962 subjiceretur.
1327 877 1504 944 Postremo

323 986 417 1054 etiarn
446 988 563 1071 poenis
597 988 770 1055 coercendi
806 1004 918 1069 erant,
953 988 1011 1071 qui
1045 989 1168 1071 patriae
1196 1003 1256 1054 aut
1286 988 1416 1055 civibus
1439 1008 1505 1071 per

189 1098 472 1204 fgvbleminjuriam
496 1099 706 1167 insultabant.
753 1101 847 1187 Quae
872 1119 947 1166 cum
971 1099 1015 1165 ita
1035 1116 1143 1167 essent
1155 1115 1240 1167 certe
1253 1101 1503 1183 adPhilippum

321 1211 503 1293 pertinuit,
531 1227 659 1277 oratum
688 1211 811 1292 toties,
834 1231 1009 1294 oppressos
1033 1212 1129 1278 armis
1151 1213 1335 1279 Hollandos
1360 1228 1393 1278 et
1414 1213 1503 1277 alios

322 1323 440 1408 Belgas
469 1322 641 1390 defendere
674 1324 771 1390 etin
802 1338 914 1392 sontes
942 1325 997 1408 jus
1026 1325 1171 1391 reddere.
1215 1325 1301 1390 Nam
1325 1327 1404 1390 haec
1429 1324 1503 1390 duo

323 1437 392 1500 sola
422 1449 522 1516 sunt,
555 1455 694 1518 quorum
728 1435 829 1520 gratia
858 1455 971 1502 omnes
1001 1437 1146 1503 instituti
1177 1451 1255 1502 sunt
1276 1436 1503 1518 Principatus.

323 1546 476 1612 Tradunt
506 1561 614 1612 autem
646 1546 792 1631 magistri
824 1547 907 1630 juris
931 1565 1029 1630 posse
1052 1551 1212 1632 populum
1237 1569 1255 1613 a
1277 1548 1430 1630 Principe
1453 1549 1502 1612 ob

323 1657 475 1725 omissam
507 1639 730 1724 defensionem
762 1659 952 1742 discedere,
986 1659 1031 1725 ita
1059 1675 1097 1726 ut
1117 1681 1176 1727 nec
1197 1663 1334 1726 alterum
1355 1660 1502 1744 eligendi

322 1784 468 1852 potestas
490 1769 519 1834 ei
540 1770 687 1854 neganda
706 1769 759 1836 sit.
805 1770 924 1835 Tradit
943 1786 975 1836 et
993 1772 1122 1838 Doctor
1146 1773 1381 1854 Hispanus1et
1404 1771 1504 1852 quod

322 1882 531 1964 estamplius
554 1882 587 1946 in
605 1881 750 1964 Philippi
772 1881 862 1947 illius
883 1902 1011 1949 summo
1035 1883 1199 1965 praetorio
1221 1900 1374 1964 senator,
1399 1903 1503 1964 supe-

322 1993 424 2060 riores
448 2014 486 2059 ex
505 1993 651 2078 justitiae
668 2013 743 2077 erga
754 1993 905 2059 subditos
918 1995 1133 2078 denegatione
1146 2015 1211 2059 non
1225 1996 1332 2060 solum
1346 2013 1502 2076 suprema

319 2104 549 2192 jurisdictione
575 2105 647 2187 ipso
664 2107 737 2190 jure
757 2105 901 2188 privari,
927 2125 1039 2172 verum
1064 2107 1159 2172 etiam
1184 2106 1290 2189 ipsius
1311 2124 1425 2171 rursus
1447 2125 1502 2170 re-

322 2216 524 2299 cuperandae
546 2216 715 2299 incapaces
733 2231 893 2299 perpetuo
915 2217 996 2284 fieri.
1043 2217 1211 2298 Proinde,
1235 2218 1367 2300 inquit,
1393 2218 1502 2281 Prin-

321 2328 449 2414 cipibus
471 2341 671 2414 summopere
694 2326 876 2394 carendum
900 2343 970 2410 ert,
995 2328 1122 2395 nedum
1136 2331 1271 2415 injuria
1284 2329 1331 2394 nd
1333 2331 1501 2415 justitiae

321 2438 566 2525 denegationem
584 2453 795 2524 properant,
819 2443 884 2524 ipsi
906 2440 1499 2525 quoqnesubditiadinabedientinrn

321 2564 353 2615 et
384 2548 595 2633 defectionem
616 2551 700 2634 jure
722 2533 897 2634 festinent.
944 2551 1035 2638 Quid
1059 2552 1160 2636 igitur
1183 2551 1358 2618 dicendum
1383 2566 1433 2616 est
1457 2551 1499 2616 de

322 2681 360 2726 eo
389 2659 562 2743 Principe,
596 2660 654 2742 qui
687 2680 753 2726 non
785 2661 883 2726 modo
919 2661 952 2726 in
975 2678 1126 2729 auctores
1149 2665 1308 2729 malorum
1329 2661 1495 2746 justitiam

320 2792 387 2839 non
420 2757 569 2854 exercet,
602 2773 660 2839 sed
692 2773 821 2839 eosdem
854 2773 1035 2840 honoribus
1065 2775 1199 2856 evehit,
1222 2792 1289 2840 non
1310 2774 1409 2839 modo
1435 2794 1499 2856 op-

321 2903 467 2968 pressum
490 2885 650 2967 populum
672 2904 737 2950 non
756 2883 923 2966 defendit,
947 2885 1005 2951 sed
1028 2886 1097 2968 ipse
1109 2887 1150 2952 ad
1163 2887 1234 2971 ejus
1246 2885 1497 2968 oppressionem

322 2994 448 3062 confert
469 2995 606 3061 consilia
626 3014 707 3077 sua,
730 2996 911 3078 pecunias,
936 2999 1076 3079 classeS,
1101 2998 1287 3079 exercitus,
1311 3012 1350 3063 ut
1368 2996 1499 3062 scilicet

322 3122 434 3174 contra
453 3121 595 3173 veterem
617 3105 743 3189 imperii
764 3105 922 3186 formam,
946 3108 1039 3190 quasi
1063 3109 1161 3174 victis
1184 3111 1272 3193 leges
1284 3129 1344 3191 pro
1358 3108 1497 3174 arbitrio

322 3218 493 3302 imponat?
541 3219 606 3284 Hic
638 3237 713 3284 sane
736 3218 775 3283 ab
797 3219 959 3301 obsequio
983 3220 1155 3288 recedendi
1172 3223 1282 3286 inulto
1304 3220 1427 3304 justior
1447 3235 1500 3286 est

189 3348 259 3397 runa
272 3330 415 3397 naratio
461 3329 630 3396 Sententia
659 3344 772 3396 contra
803 3331 858 3414 jus
878 3330 978 3413 partis
1000 3333 1063 3397 lata
1085 3331 1198 3414 iniqua
1218 3331 1356 3410 dicitur;
1382 3345 1499 3396 contra

190 3405 298 3451 ‘mm'
321 3440 456 3508 formam
482 3440 681 3525 judiciorum
704 3441 865 3506 sententia
885 3461 952 3506 raon
974 3457 1032 3509 est.
1077 3442 1166 3512 Idem
1188 3444 1222 3508 in
1245 3445 1325 3527 lege.
1371 3442 1499 3509 Divino

317 3555 391 3639 jure
420 3551 661 3620 matrimonium
692 3572 730 3619 eo
760 3555 832 3619 solo
864 3568 1000 3636 peccato
1031 3553 1216 3636 dirimitur,
1250 3554 1341 3646 quod
1366 3553 1495 3620 formae

322 3664 425 3748 ipsius
445 3664 642 3731 matrimonii
666 3664 864 3730 contrarium
885 3678 987 3730 estet
1008 3665 1205 3731 adulterium
1228 3666 1361 3732 dicitur.
1402 3666 1498 3752 Qua·

321 3777 494 3859 liscunquc
523 3777 658 3842 alterius
686 3775 830 3843 criminis
860 3795 934 3841 reus
964 3792 1036 3843 ante
1056 3777 1295 3844 damnationem
1317 3777 1399 3843 civis
1425 3793 1497 3844 est:

321 3888 379 3955 sed
402 3888 430 3955 is
453 3888 509 3971 qui
533 3889 764 3972 rempublicam
788 3903 957 3988 oppugnat
979 3887 1062 3956 civis
1086 3908 1155 3956 esse
1178 3888 1301 3956 desinit
1320 3888 1342 3954 ³.
1381 3888 1498 3954 Simile

324 4000 424 4068 estin
443 4000 633 4084 magistratu
658 4016 689 4067 et
711 3999 843 4083 quidem
864 4020 1003 4067 summo.
1048 4002 1124 4088 Qua
1147 4001 1274 4066 ratione
1295 4015 1500 4086 negaverunt

329 4181 515 4192 --—-—

357 4285 365 4318 ¹
384 4286 461 4347 Vasq.
485 4300 508 4335 c.
527 4299 550 4342 5.
568 4301 594 4335 n.
615 4300 653 4335 ιο.
672 4286 814 4336 Castrensis
832 4288 899 4335 adl.
918 4300 951 4335 ex
969 4289 1018 4335 boc
1034 4285 1090 4344 jure
1109 4286 1135 4334 ff.
1154 4289 1186 4335 de
1203 4285 1264 4344 just.
1284 4298 1312 4335 et
1329 4285 1394 4343 iure.
1413 4301 1439 4334 n.
1460 4300 1499 4344 17.

324 4390 349 4427 et
376 4380 414 4427 18.
440 4379 484 4440 [D.
511 4391 533 4426 ι.
558 4392 579 4426 r.
603 4379 639 4440 5.]
664 4379 713 4426 Dd.
737 4377 763 4426 in
788 4380 805 4425 l.
823 4378 845 4426 si
863 4391 915 4426 non
934 4378 1102 4427 defendantur
1119 4378 1144 4426 ff.
1163 4381 1195 4426 de
1213 4377 1313 4439 poenis.
1333 4379 1377 4440 [D.
1395 4380 1438 4439 48.
1460 4391 1500 4438 19.

327 4468 377 4529 ¹9·]
413 4466 517 4528 'Vasta
535 4469 562 4518 in
580 4469 660 4529 praef.
680 4479 799 4517 controv.
817 4468 855 4517 ill.
873 4482 898 4517 n.
922 4469 959 4518 16.
978 4481 1002 4518 et
1025 4482 1062 4527 17.
1095 4467 1106 4500 ³
1126 4469 1182 4518 Cic.
1192 4469 1269 4518 Catil.
1282 4483 1303 4518 1.
1316 4469 1351 4530 [c.
1365 4473 1434 4527 11.§.
1446 4469 1500 4530 ab]
