3362 5504
344 631 407 706 284
636 645 681 690 ur
705 645 799 710 Junr
828 643 1009 688 orarunt.
1035 644 1114 688 cnr.
1138 644 1218 688 xrn.

276 836 278 842 s
342 797 485 880 Principi
520 817 586 862 non
630 812 809 880 paruerunt
836 800 871 877 ¹,
916 797 992 880 quia
1038 797 1263 864 auctoritatem
1296 819 1313 864 a
1345 799 1516 883 republica

341 908 519 993 profectam
544 909 670 975 violant
693 923 725 974 et
748 909 782 975 in
806 909 906 974 unius
926 928 1064 991 persona
1086 928 1152 975 non
1176 930 1300 992 unum,
1330 913 1387 979 sed
1411 927 1514 977 totam

340 1023 476 1087 laedunt
495 1021 695 1086 societatem.
720 1020 853 1103 Ipsique
877 1020 1022 1086 diversae
1047 1021 1225 1086 sententiae
1249 1037 1398 1087 auctores
1418 1025 1429 1062 ²
1449 1021 1515 1085 hoc

340 1151 407 1197 uno
437 1131 577 1214 probant
608 1133 730 1198 nullam
748 1133 869 1216 justam
889 1151 958 1198 esse
978 1151 1108 1197 causam
1128 1132 1284 1198 adversus
1304 1132 1513 1215 Principem,

341 1242 420 1325 quia
451 1244 539 1308 nulla
573 1243 616 1308 sit
645 1244 734 1327 justa
762 1242 919 1308 adversus
942 1242 1099 1326 patriam,
1133 1244 1319 1326 respublica
1349 1258 1457 1308 autem
1482 1257 1515 1306 et

341 1353 495 1436 Princeps
519 1354 603 1419 inter
634 1373 669 1419 se
702 1353 769 1419 sint
800 1354 1082 1437 conjunctissima.
1128 1356 1277 1421 Rebellis
1310 1354 1409 1439 igitur
1443 1373 1514 1418 esse

340 1480 409 1531 tota
429 1465 611 1548 respublica
630 1484 696 1531 non
716 1465 819 1550 magis
837 1479 925 1531 recte
945 1466 1087 1548 dicitur,
1113 1487 1210 1548 quam
1229 1468 1330 1532 homo
1349 1465 1513 1547 quispiam

240 1627 245 1645 ,
340 1576 402 1643 sibi
427 1576 489 1660 ipsi
510 1575 615 1644 facere
638 1576 789 1661 injuriam
803 1575 825 1643 ³.
849 1578 964 1660 Atque
989 1578 1093 1658 adeo,
1117 1578 1145 1642 si
1169 1571 1385 1658 tanti'esset,
1410 1579 1512 1643 multa

340 1687 461 1754 referre
493 1707 622 1770 possem
657 1708 697 1754 ex
730 1687 819 1752 omni
853 1687 991 1754 historia
1023 1691 1170 1772 exempla
1200 1691 1423 1771 populorum,
1453 1689 1514 1769 qui

340 1799 478 1883 imperio
502 1800 642 1883 alicujus
667 1819 804 1865 excusso
826 1799 860 1864 in
872 1799 1055 1864 libertatem
1068 1819 1102 1866 se
1114 1814 1345 1880 asseruerunt,
1371 1820 1513 1881 quorum

340 1926 445 1976 tamen
478 1912 606 1976 nullum
638 1911 789 1977 rebellem
826 1910 951 1976 dictum
984 1910 1129 1977 invenias
1148 1912 1171 1976 ⁴.
1218 1911 1319 1997 Quod
1342 1926 1449 1976 autem
1475 1932 1514 1976 ex

337 2022 411 2105 jure
435 2021 610 2087 Pontificio
634 2021 784 2087 nonnulli
805 2022 871 2086 huc
892 2021 1055 2102 afferunt,
1080 2022 1161 2088 effici
1181 2024 1274 2088 nullo
1294 2023 1393 2087 modo
1416 2043 1514 2105 posse

341 2148 378 2198 ut
397 2120 539 2215 a'capite
563 2134 704 2198 membra
728 2133 920 2213 discedant,
944 2133 1145 2216 ineptissime
1170 2134 1210 2198 ad
1233 2133 1316 2198 illud
1339 2134 1513 2216 imperium

342 2244 627 2324 accommodatur,
662 2244 754 2325 quod
785 2246 825 2310 ab
857 2244 1047 2310 hominibus
1074 2243 1256 2327 profectum
1282 2259 1352 2326 est,
1378 2265 1452 2309 cum
1476 2245 1514 2310 ut

341 2371 428 2421 recte
460 2356 629 2438 Vasquius
649 2358 660 2390 ¹
681 2371 814 2422 annotat
845 2355 879 2422 in
907 2377 946 2422 eo
980 2355 1062 2421 nibil
1086 2358 1217 2437 obstet,
1243 2357 1422 2437 quominus
1445 2372 1514 2421 tota

339 2466 524 2549 respublica
555 2486 650 2531 suum
684 2466 741 2531 liat
772 2480 883 2550 caput.
931 2467 1133 2549 Respublica
1164 2467 1235 2531 sine
1267 2468 1419 2552 Principe
1444 2488 1514 2535 esse

338 2592 466 2660 potest:
491 2592 523 2642 at
544 2577 727 2660 Principem
751 2578 834 2644 nihil
858 2578 948 2643 aliud
972 2598 1068 2659 quam
1102 2579 1301 2660 reipublicae
1331 2599 1513 2644 consensus

338 2688 425 2754 facit.
473 2690 609 2755 Caetera
630 2709 731 2769 vero,
750 2710 833 2770 quae
857 2703 968 2754 contra
991 2690 1149 2771 populare
1171 2690 1315 2774 regimen
1339 2691 1513 2757 declamari

339 2802 463 2880 solent,
485 2800 567 2864 nihil
590 2801 655 2866 buc
678 2801 864 2883 pertinent,
889 2821 961 2865 cum
985 2820 1044 2866 nec
1068 2821 1163 2866 omne
1187 2802 1329 2885 regimen
1352 2805 1513 2885 populare

338 2912 494 2978 vitiosum
534 2914 601 2992 sit,
640 2932 701 2978 nec
740 2932 835 2977 omne
876 2911 946 2978 sine
978 2913 1129 2995 Principe
1161 2912 1305 2995 regimen
1338 2915 1511 2995 populare.

338 3025 453 3090 Altera
485 3039 592 3089 autem
615 3023 783 3088 distinctio
804 3023 844 3088 ab
878 3024 957 3106 ipsis
979 3037 1046 3105 est,
1069 3023 1127 3106 qui
1145 3023 1355 3106 Principibus
1377 3025 1513 3089 omnino

337 3150 369 3200 et
389 3153 514 3218 semper
533 3135 637 3217 pareri
656 3137 791 3199 volunt:
817 3134 933 3200 dicunt
961 3134 1046 3199 enim
1071 3135 1133 3198 boc
1153 3134 1261 3199 locum
1281 3153 1347 3199 non
1368 3136 1513 3215 habere,

335 3246 398 3311 nisi
418 3266 491 3310 cum
512 3266 634 3310 merum
656 3260 754 3326 atque
773 3264 935 3311 summum
947 3260 996 3310 est
1006 3245 1177 3327 imperium
1189 3245 1372 3327 Principis:
1398 3265 1513 3323 sccuS,

336 3357 364 3421 si
393 3357 453 3422 alia
481 3371 642 3440 potestate
671 3358 780 3440 legum
802 3372 859 3422 aut
879 3357 1127 3441 magistratuum
1148 3371 1344 3438 temperetur
1363 3354 1387 3424 ⁶.
1436 3358 1514 3444 Qua

337 3468 376 3533 de
389 3488 485 3534 causa
495 3467 637 3534 Romani
647 3465 812 3549 Volscos,
837 3468 997 3547 Latinos,
1023 3452 1212 3550 Hispanos,
1237 3469 1389 3548 Poenos,
1415 3469 1511 3533 etiam

336 3595 405 3645 tum
438 3600 511 3645 cum
543 3580 688 3662 ipsorum
720 3593 826 3644 essent
855 3579 1058 3661 stipendiarii
1082 3594 1114 3643 et
1132 3578 1256 3645 tributa
1275 3580 1456 3661 penderent
1478 3596 1510 3645 et

335 3693 533 3774 majestatem
561 3691 677 3774 populi
706 3690 847 3756 Romani
879 3691 1052 3756 observare
1072 3705 1284 3770 tenerentur,
1309 3693 1349 3754 ab
1371 3690 1511 3773 imperio

334 3801 555 3868 desciscentes
587 3821 653 3867 non
686 3817 724 3866 ut
755 3802 917 3881 rebelles,
952 3803 1010 3867 scd
1033 3816 1070 3867 ut
1092 3802 1259 3885 legitimos
1284 3803 1420 3884 hostes,
1456 3802 1511 3867 de-

334 3913 486 3979 nuntiato
511 3913 703 3995 indictoque
727 3913 814 3977 bello
838 3912 1004 3995 persecuti
1029 3927 1115 3979 sunt.
1162 3914 1252 3978 Pone
1275 3934 1314 3978 ex
1336 3934 1401 3978 rana
1421 3928 1511 3995 parte

334 4026 475 4109 ephoros
507 4024 808 4103 Lacedaemonios,
845 4039 994 4089 senatum
1029 4024 1215 4089 Romanum
1257 4039 1289 4089 et
1323 4023 1509 4090 Venetum:

338 4201 519 4210 ——-—-—

369 4308 426 4356 ¹V.
444 4311 461 4355 l.
478 4309 523 4355 ult.
541 4306 567 4353 fs.
581 4308 612 4354 ad
631 4308 647 4352 l.
663 4307 712 4367 Jul.
730 4305 830 4363 molest.
850 4307 894 4367 [D.
908 4309 950 4367 48.
964 4307 1001 4368 4.]
1038 4304 1143 4367 ²Ayala
1157 4307 1236 4355 lib.1.
1254 4320 1276 4354 c.
1296 4320 1318 4354 2.
1334 4320 1359 4354 n.
1375 4319 1416 4354 aa.
1450 4304 1509 4352 ³V.

334 4400 412 4448 Arist.
428 4400 459 4447 de
477 4398 569 4445 morib.
585 4396 629 4444 lib.
648 4409 671 4451 5.
687 4410 709 4444 c.
729 4410 766 4445 11.
785 4398 811 4444 in
830 4396 889 4444 fine.
909 4398 948 4458 [p.
971 4399 1042 4454 1136.
1059 4398 1084 4444 b.
1102 4412 1140 4446 vs.
1157 4398 1192 4458 5.]
1228 4397 1239 4429 ⁴
1257 4400 1288 4446 V.
1306 4399 1383 4458 Vasq.
1402 4413 1426 4446 c.
1444 4401 1467 4445 8.
1484 4411 1508 4444 n.

335 4505 374 4540 21.
392 4502 416 4538 et
434 4503 487 4549 seq.
522 4487 575 4536 ld.
594 4501 617 4534 c.
634 4490 673 4536 82.
692 4501 716 4534 n.
733 4502 756 4548 9.
790 4487 899 4548 ⁶duala
917 4488 962 4538 lib.
985 4502 1006 4537 1.
1022 4502 1044 4538 c.
1065 4503 1088 4537 a.
1104 4504 1129 4538 n.
1147 4489 1186 4538 26.
1205 4489 1231 4538 in
1250 4487 1312 4537 sine.
