3316 5494
353 616 414 678 144
659 613 706 658 DE
728 613 823 681 June
849 612 1034 662 PRAEDAE.
1059 611 1142 660 CAP.
1167 613 1203 656 X.

346 771 421 856 jure
452 769 616 837 Romano.
662 767 870 856 Quamquam
903 768 988 836 enim
1022 767 1141 835 titulus
1163 767 1233 851 ipse
1254 765 1294 832 de
1316 766 1523 847 acquirendo

348 902 455 948 rerum
485 880 632 948 dominio
652 880 663 922 ¹
680 883 737 966 jus
766 880 912 965 gentium
941 880 1073 964 proprie
1102 894 1249 962 spectet,
1278 881 1383 944 multa
1411 893 1523 944 tamen

349 994 499 1061 continet
519 993 554 1060 in
577 992 699 1075 quibus
722 1013 740 1058 a
762 991 928 1058 communi
955 992 1029 1076 jure
1060 1011 1118 1074 per
1138 993 1243 1076 legem
1264 993 1319 1058 vel
1341 1005 1524 1058 consuetu·

349 1105 456 1172 dinem
483 1107 539 1171 vel
569 1117 717 1186 receptas
748 1102 923 1169 sententias
951 1103 1130 1170 discessum
1153 1118 1219 1170 est:
1243 1102 1367 1186 quippe
1388 1123 1467 1170 cum
1491 1117 1524 1168 et

347 1217 492 1285 diversas
512 1215 809 1300 jurisprudentium
828 1213 1000 1296 opiniones
1011 1230 1045 1281 et
1054 1214 1308 1282 constitutiones
1329 1214 1521 1297 Principum

348 1331 597 1412 complectatur.
639 1325 712 1410 Jam
744 1345 823 1392 vero
854 1327 989 1392 alterum
1019 1327 1111 1408 quod
1139 1325 1332 1410 interpretes
1364 1325 1521 1409 decepit,

348 1456 442 1525 capta
459 1439 613 1506 nimirum
631 1437 791 1521 capientis
813 1437 886 1503 fieri
904 1436 938 1519 ²,
969 1439 1048 1505 satis
1067 1456 1165 1521 supra
1183 1439 1387 1506 ostendimus
1407 1438 1449 1504 de
1470 1459 1521 1505 re-

347 1551 479 1636 publica
494 1550 633 1635 intelligi
650 1548 767 1615 debere
785 1548 811 1615 ’.
857 1547 942 1629 Sed,
959 1564 998 1614 ut
1015 1549 1148 1631 quidem
1166 1570 1227 1634 ego
1244 1550 1383 1636 judico,
1403 1550 1522 1617 melior

347 1664 431 1749 juris
442 1662 584 1728 Romani
596 1661 754 1744 interpres
763 1660 929 1746 Dionysio
939 1660 1188 1728 Halicarnasseo
1198 1661 1308 1727 haberi
1319 1681 1408 1745 nonp
1417 1677 1518 1728 otest.

348 1775 380 1840 Is
406 1775 506 1859 igitur
531 1772 672 1857 scriptur
696 1772 850 1838 historiae
877 1773 1043 1838 Romanae
1066 1772 1336 1857 diligentissimus
1354 1781 1366 1818 ⁴
1386 1774 1426 1840 de
1447 1774 1521 1858 jure

349 1887 485 1970 praedae
510 1885 555 1950 ita
581 1883 748 1966 loquitur:
774 1887 816 1953 ria
840 1887 874 1952 ἐκ
894 1895 952 1953 τῶν
980 1889 1126 1968 πολεμίων
1144 1886 1286 1971 λάφυρα,
1309 1885 1372 1954 iata
1391 1888 1428 1954 iau
1451 1891 1521 1968 ἡμῖν

349 2000 470 2083 ὑπάρχῃ
497 2006 600 2081 τυχεῖν
617 2000 652 2064 δι’
677 1999 799 2080 αἱρετήν,
829 1997 954 2079 δημόσιαι
971 1994 1042 2065 sieut
1058 1998 1170 2065 κελεύει
1189 2001 1203 2065 i
1223 1997 1323 2078 νόμος,
1345 1998 1522 2066 καὶτούτων

348 2115 405 2194 οὐχ
423 2107 498 2183 ὅπως
519 2135 563 2183 τις
585 2111 694 2184 ἰδιώτης
713 2110 827 2187 plueret
844 2109 952 2190 κύριος,
981 2109 1053 2175 aaa’
1074 2111 1131 2175 οὐδ’
1152 2110 1242 2182 αὐτὸς
1263 2111 1277 2174 i
1299 2117 1352 2183 τῆς
1372 2108 1520 2190 δυνάμεως

348 2223 475 2302 ἡγεμών.
506 2223 573 2288 eal
592 2222 707 2301 caulae
736 2222 817 2287 eicie
846 2221 1030 2300 reparatam
1059 2221 1233 2301 ἀπεμπολεῖ
1259 2218 1309 2284 uei
1331 2221 1371 2292 εἷς
1389 2219 1520 2300 δημόσιον

347 2333 496 2416 ἆναφέρει.
521 2325 743 2413 Quaecunque
762 2348 804 2394 ex
823 2328 970 2392 hostibus
991 2327 1099 2414 spolia
1115 2341 1181 2412 per
1201 2330 1363 2395 uirtutem
1387 2327 1520 2395 obverte·

349 2454 453 2516 ruat,
476 2461 515 2504 ea
537 2438 592 2504 lex
605 2439 849 2525 jubetpubliea
861 2459 945 2520 este,
969 2442 1021 2504 ita
1034 2452 1148 2502 utnon
1160 2438 1394 2524 modepriuati
1406 2459 1518 2504 eorum

348 2552 474 2619 damini
504 2569 568 2615 noa
593 2547 704 2633 fiant,
738 2549 795 2616 sed
814 2572 854 2615 ae
875 2554 943 2636 ipse
964 2547 1095 2635 quidem
1117 2553 1302 2634 imperator
1326 2551 1517 2614 exereitus:

348 2681 462 2730 uerum
493 2675 650 2746 quaestor
678 2660 744 2726 illa
766 2665 911 2747 accipit,
935 2675 967 2727 et
988 2660 1126 2730 vendita
1147 2664 1185 2726 in
1202 2659 1373 2746 publicum
1396 2659 1516 2744 refert.

349 2772 435 2838 Sunt
465 2772 545 2838 haec
575 2772 675 2838 verba
705 2791 838 2854 eorum,
863 2771 920 2854 qui
945 2771 1159 2838 Coriolanum
1182 2785 1353 2836 accusant:
1376 2790 1518 2852 quorum

348 2904 422 2968 pars
444 2903 520 2950 vera
543 2897 613 2965 est,
646 2903 720 2966 pars
742 2903 840 2966 supra
862 2903 976 2951 verum
999 2884 1040 2949 ad
1062 2883 1219 2949 invidiam
1243 2895 1348 2948 aucta.
1393 2882 1518 2949 Verum

348 3010 398 3062 est
419 2994 587 3061 dominum
619 2995 753 3077 praedae
784 3013 855 3062 esse
885 3014 951 3061 non
985 2995 1144 3076 militem,
1173 3012 1240 3060 non
1270 2992 1517 3075 imperatorem,

349 3107 405 3172 sed
427 3085 587 3191 populum
619 3107 823 3172 Romanum:
857 3106 914 3174 sed
937 3121 969 3172 et
991 3107 1075 3172 illud
1096 3125 1163 3172 non
1185 3105 1294 3172 minus
1315 3123 1430 3172 verum
1461 3105 1518 3170 im·

348 3232 528 3300 peratorem
559 3217 633 3302 jure
667 3217 818 3283 Romano
856 3217 992 3301 praedae
1024 3237 1095 3284 esse
1129 3216 1385 3300 dispensatorem
1420 3232 1517 3300 atque

348 3327 504 3394 arbitrum
531 3347 606 3394 cum
631 3346 755 3394 summa
782 3344 955 3412 potestate.
1002 3329 1130 3396 Lucius
1157 3328 1321 3396 Aemilius
1346 3329 1436 3412 apud
1461 3329 1517 3395 Li·

348 3439 440 3505 vium
459 3443 489 3503 ⁸:
521 3452 662 3525 captas,
687 3461 750 3504 non
780 3439 911 3506 deditas
944 3440 1051 3527 diripi
1083 3441 1202 3520 urbes,
1225 3454 1256 3506 et
1280 3443 1316 3505 in
1337 3441 1516 3506 distamen

348 3551 533 3615 arbitrium
564 3570 628 3614 esse
653 3553 891 3636 imperatoris,
919 3572 982 3615 non
1005 3549 1163 3618 militum.
1210 3551 1284 3617 Hoc
1308 3550 1409 3636 igitur
1432 3551 1515 3617 arbi-

347 3660 446 3726 trium
478 3660 639 3726 interdum
671 3659 880 3744 imperatores
910 3661 1062 3728 vitandae
1090 3661 1232 3729 invidiae
1265 3662 1307 3728 ad
1329 3662 1411 3728 alios
1432 3664 1514 3749 reje-

347 3786 481 3854 cerunt,
505 3786 542 3837 ut
562 3768 795 3839 Camillus⁸ad
813 3787 978 3839 senatum:
1003 3773 1164 3839 interdurn
1184 3793 1284 3856 penes
1296 3791 1330 3839 se
1342 3772 1513 3839 retinuere.

349 3965 529 3980 ——nnn—-n

381 4067 389 4100 ¹
407 4069 425 4117 1.
443 4067 557 4130 quamvis
575 4063 645 4129 quod
660 4066 686 4117 in
704 4066 752 4117 litt.
770 4068 795 4117 ff.
814 4071 845 4118 de
863 4083 918 4130 aeq.
936 4083 985 4118 rer.
1003 4072 1070 4119 dom.
1091 4069 1135 4133 [D.
1152 4082 1193 4131 4¹·
1214 4081 1235 4118 ι.
1253 4070 1305 4131 50·]
1325 4081 1350 4117 et
1368 4071 1385 4117 l.
1403 4071 1477 4118 adeo.
1495 4071 1514 4126 ς.

348 4173 405 4209 cum
423 4160 488 4220 quis.
508 4158 537 4223 [l.
555 4171 579 4217 7.
596 4163 618 4219 §-
636 4170 660 4216 7.
679 4161 703 4208 d.
721 4159 752 4222 ι.]
771 4160 872 4208 l.'liber
889 4163 974 4208 homo.
996 4159 1025 4225 [l.
1046 4175 1083 4223 19.
1102 4163 1126 4210 d.
1144 4159 1174 4224 t.]
1195 4163 1212 4208 Ι.
1226 4158 1359 4221 quidquid.
1368 4163 1391 4219 5.
1405 4173 1426 4208 ι.
1437 4158 1468 4223 [1.
1478 4170 1515 4216 ιι.

348 4253 372 4300 d.
389 4249 421 4314 ι.]
440 4251 457 4299 l.
475 4249 501 4298 in
519 4250 592 4311 agris.
611 4250 640 4312 [l.
660 4250 697 4298 16.
716 4251 739 4298 d.
757 4249 787 4312 ι.]
808 4252 867 4300 lust.
886 4265 918 4299 eo
936 4252 975 4299 tit.
993 4255 1015 4310 5.
1029 4255 1168 4301 thesauros.
1181 4250 1246 4314 [Le.
1259 4264 1281 4299 1.
1292 4255 1314 4309 5.
1325 4249 1377 4314 ³9·]
1414 4247 1425 4282 ¹
1443 4252 1513 4299 Adde

347 4345 365 4390 l.
381 4342 451 4401 quod
473 4353 539 4389 tneo.
561 4340 587 4388 ff.
610 4342 641 4389 de
665 4353 720 4401 acq.
743 4354 811 4401 poss.
829 4340 872 4404 [D.
895 4355 936 4402 41.
956 4356 978 4391 a.
999 4342 1049 4406 18.]
1085 4341 1096 4373 ³
1114 4345 1139 4392 d.
1156 4344 1173 4391 1.
1192 4343 1265 4392 adeo.
1282 4343 1308 4390 ff,
1326 4344 1358 4390 de
1375 4355 1431 4401 acq.
1450 4343 1513 4390 dom.

350 4433 394 4494 [n.
415 4445 456 4493 41·
485 4445 505 4480 1·
524 4429 561 4495 a]
596 4429 607 4463 ⁴
626 4430 713 4493 antiq.
737 4434 754 4480 1·
777 4443 800 4489 r·
828 4432 867 4495 ln·
894 4433 952 4493 4⁶7·
979 4446 1015 4482 vs.
1040 4434 1081 4495 4⁶·
1098 4432 1168 4497 san]
1205 4431 1215 4465 ⁸
1240 4431 1298 4482 mv.
1315 4435 1332 4481 ¹·
1351 4445 1390 4491 ar·
1411 4432 1448 4495 [c-
1465 4430 1514 4492 aa]

347 4521 431 4570 ‘Liv.
449 4525 466 4570 l.
485 4534 507 4577 s.
527 4523 562 4583 [c.
581 4521 633 4585 no]
