3362 5504
458 613 505 658 DE
528 613 623 679 JURE
648 610 831 658 PRAEDAE.
857 611 937 659 CAP.
962 612 1038 658 XIV.
1273 611 1333 674 303

162 786 274 852 gorem
294 767 306 804 1
326 787 429 849 aeque
457 787 527 832 esse
557 766 796 832 admirabilem:
831 766 911 832 adeo
941 766 1074 848 quidem
1101 780 1139 832 ut
1166 761 1335 831 Tullius²

161 878 300 960 dixerit,
326 879 409 945 nihil
432 880 606 945 honestum
630 898 700 945 esse
720 898 843 963 posse,
863 879 955 960 quod
971 877 1101 963 justitia
1121 892 1226 944 vacet.
1251 877 1335 944 Esse

164 990 249 1056 enim
278 991 361 1056 hanc
390 989 638 1058 fundamentum
661 991 825 1073 quoddam
847 1005 1023 1074 perpetuae
1046 988 1336 1056 commendationis

162 1117 195 1167 et
213 1101 357 1184 formae,
383 1103 452 1168 sine
477 1124 541 1186 qua
565 1104 648 1168 nihil
670 1102 777 1186 possit
797 1122 867 1169 csse
891 1101 1086 1169 laudabile³.
1112 1101 1214 1189 Quod
1233 1101 1335 1186 igitur

161 1212 285 1279 factum
319 1233 388 1280 esse
421 1229 485 1280 tam
519 1215 646 1282 illustre
678 1230 778 1296 atque
814 1215 992 1301 gloriosum
1024 1229 1156 1298 potest,
1181 1234 1278 1296 quam
1303 1212 1336 1278 in

162 1347 231 1409 quo
255 1341 395 1409 utraque
418 1327 479 1392 ista
503 1327 609 1394 virtus
631 1327 753 1410 pariter
776 1328 991 1411 resplendet?
1034 1325 1210 1412 Contingit
1228 1340 1335 1392 autem

163 1439 226 1504 hoc
250 1459 412 1522 nusquam
433 1439 573 1520 clarius,
599 1460 697 1522 quam
722 1461 796 1505 cum
816 1441 907 1525 justo
929 1453 1108 1523 apertoque
1120 1439 1208 1505 bello
1220 1435 1335 1503 datur*

251 1553 328 1636 ἄνδρ’
347 1556 552 1636 ἀπαμύνεσθαι
575 1551 648 1630 betta
669 1556 798 1637 πρότερος
820 1557 987 1638 χαλεπήνῃ.

251 1664 372 1728 Morte
394 1667 506 1731 airum
532 1665 669 1747 ulcisci,
694 1668 753 1750 qui
777 1685 833 1729 nos
851 1669 953 1750 prior
976 1669 1043 1751 ipso
1067 1665 1211 1729 lacessit.

209 1774 411 1855 Fortitudo,
436 1790 473 1841 ut
496 1776 574 1842 alibi
598 1797 638 1842 ex
661 1776 1068 1857 Ambrosio⁵retulimus,
1093 1796 1176 1858 quae
1199 1773 1333 1857 patriam

165 1902 221 1950 aut
254 1887 364 1953 socios
398 1903 455 1953 aut
489 1887 637 1955 infirmos
671 1887 844 1970 defendit,
874 1888 977 1974 plena
1003 1889 1147 1973 justitio
1182 1901 1241 1952 est.
1289 1884 1334 1950 Et

165 1997 374 2065 acutissimus
408 1990 682 2083 philosophorum
702 2003 737 2081 ⁸,
770 2005 943 2081 inimicos,
978 2000 1110 2082 inquit,
1141 2000 1256 2064 ulcisci
1280 1999 1335 2061 ho-

165 2125 292 2175 nestum
316 2124 386 2191 est,
411 2116 492 2196 quia
510 2127 581 2197 par
598 2117 683 2199 pari
706 2113 837 2197 referre
845 2114 977 2198 justum
991 2113 1211 2197 bufonum
1224 2124 1335 2175 autem

164 2222 333 2287 honesturn
367 2228 505 2309 utiquo:
539 2239 570 2288 et
595 2229 777 2311 praeterea
793 2225 901 2309 fortis
924 2229 1002 2294 viri*
1019 2227 1152 2312 officium
1177 2238 1248 2305 est,
1272 2245 1335 2288 non

163 2333 300 2399 cedere:
326 2335 411 2401 unde
434 2350 465 2400 et
488 2340 635 2403 uictoria
659 2351 690 2401 et
714 2341 773 2422 qui
795 2341 960 2404 victoriae
978 2336 1181 2421 deferantur
1200 2338 1335 2400 bonores

165 2446 219 2513 nol
251 2450 342 2512 inter
375 2451 521 2513 maximo
555 2429 690 2514 boberto
726 2464 974 2514 numerantur:
1017 2449 1096 2516 odeo
1132 2447 1262 2534 quidem
1298 2461 1336 2512 ut

165 2559 348 2643 expetendo
372 2563 463 2640 sint,
489 2563 621 2625 etiamsi
637 2561 794 2644 fructum
819 2584 882 2626 non
907 2559 1081 2648 offerant,
1105 2565 1187 2646 quia
1211 2560 1336 2624 scilicet

165 2674 308 2738 virtutis
341 2672 571 2737 excellentiam
605 2671 792 2738 declarant.
839 2674 930 2760 Haec
963 2673 1028 2738 ille.
1075 2674 1148 2738 Nec
1174 2671 1338 2754 estquod

166 2797 317 2847 occurrat
338 2782 512 2865 quisquam
533 2784 795 2868 magnificentius
814 2783 900 2863 fore,
925 2784 1090 2867 simulque
1110 2804 1176 2850 non
1196 2783 1337 2849 alienum

166 2915 182 2958 a
207 2894 336 2960 Christi
360 2909 392 2960 et
413 2895 689 2980 philosophorum
712 2897 915 2980 praeceptis,
941 2897 1091 2962 damnum
1120 2897 1186 2964 illis
1208 2898 1336 2961 nullum

165 3004 308 3088 inferre,
343 3008 465 3089 quibus
494 3024 531 3074 ut
561 3008 737 3076 inferamus
757 3009 789 3075 in
810 3024 921 3075 nostra
941 3023 1191 3093 estpotestate,
1217 3023 1254 3074 ut
1277 3026 1338 3073 nos

166 3116 239 3201 ipso
262 3117 351 3184 facto
375 3119 527 3187 hostibus
548 3121 669 3188 nostris
690 3136 853 3203 praestare
878 3122 1151 3188 demonstremus.
1198 3121 1284 3186 Nam
1304 3119 1338 3184 id

166 3250 243 3296 sane
263 3233 324 3296 hac
348 3232 456 3315 specie
477 3247 514 3298 ut
532 3233 681 3317 justitiae
702 3254 738 3299 ac
750 3234 902 3317 publicae
915 3233 1073 3316 utilitati,
1098 3233 1142 3298 ita
1156 3249 1188 3300 et
1199 3234 1337 3299 honesto

166 3358 340 3427 repugnat.
391 3344 562 3411 Ultionem
594 3346 651 3429 qui
686 3345 891 3429 improbant,
928 3365 984 3411 eos
1019 3345 1163 3412 diximus
1197 3346 1337 3430 primum
1353 3366 1407 3425 cap.
1424 3364 1500 3410 maa

167 3454 253 3520 illud
284 3455 426 3536 sentire,
461 3457 599 3540 privatis
624 3478 689 3524 non
714 3458 913 3539 convenire,
938 3473 1094 3541 utquam
1119 3473 1260 3542 possunt
1281 3421 1395 3574 Ρετὲἷιξρ
1422 3421 1503 3519 ιῖἕῑιῗ

165 3566 311 3650 judicem
348 3583 498 3651 expetere
532 3569 734 3652 vindictam,
770 3592 838 3637 eam
872 3591 929 3653 per
958 3592 993 3636 se
1025 3585 1197 3653 expetant3
1222 3570 1339 3635 deinde
1352 3531 1499 3629 ,maslai

167 3699 248 3744 vero
272 3693 304 3744 et
327 3700 456 3747 causam
482 3681 594 3748 adesse
618 3682 735 3748 debere
749 3697 781 3748 et
799 3684 925 3767 justum
939 3683 973 3748 in
984 3665 1173 3749 ulciscendo
1186 3683 1339 3762 modum,

168 3812 267 3873 quem
292 3792 403 3858 excedi
427 3813 494 3859 non
517 3809 690 3876 oporteat,
715 3815 750 3859 ac
772 3815 891 3878 purum
915 3811 1084 3879 praeterea
1107 3795 1248 3861 animum
1272 3815 1340 3860 rec-

168 3917 301 3985 tamque
337 3904 562 3971 intentionem.
608 3907 698 3972 Haec
735 3920 843 3973 autem
873 3907 956 3973 nihil
980 3908 1137 3988 obstant,
1162 3907 1339 3990 quominus

169 4014 333 4082 interdum
358 4032 390 4083 et
413 4032 501 4084 recte
523 4033 556 4084 et
573 4018 755 4085 necessario
775 4019 990 4086 vindicemur.
1026 4019 1339 4086 Seneca⁷breviterz

231 4228 309 4276 Arist.
320 4232 350 4278 de
363 4229 455 4278 morib.
469 4229 515 4278 lib.
532 4243 554 4285 5.
570 4244 592 4278 c.
612 4243 633 4287 3.
655 4228 694 4293 [p.
715 4245 793 4292 ¹129·.
801 4232 825 4278 b.
844 4246 882 4281 vs.
900 4231 952 4296 27.]
988 4228 998 4262 2
1017 4233 1048 4280 de
1063 4230 1339 4292 legib.lib.1.passim.

167 4315 178 4348 ³
197 4321 229 4367 de
247 4319 313 4368 offic.
331 4320 376 4368 lib.
392 4334 414 4368 a.
426 4322 461 4382 [c.
472 4335 511 4369 20.
523 4324 544 4379 ξ.
563 4323 616 4383 71.]
643 4321 654 4352 ⁴
672 4323 806 4372 Homerus.
824 4325 853 4370 ll.
874 4323 931 4384 [lib.
943 4337 981 4384 24.
1000 4337 1038 4372 vs.
1058 4323 1127 4384 369.]
1155 4321 1165 4353 ⁶
1183 4325 1214 4372 de
1233 4323 1277 4371 off.
1294 4322 1340 4370 lib.

174 4424 196 4457 1.
215 4423 237 4458 c.
258 4423 298 4468 27.
316 4413 348 4459 V.
368 4424 424 4471 cap.
443 4425 466 4470 ³·
486 4427 560 4472 supra
579 4413 605 4461 in
624 4411 682 4461 fine.
716 4413 726 4444 θ
744 4415 824 4462 Arist.
841 4415 918 4462 Rhet.
937 4415 960 4462 d.
978 4417 1047 4461 loco.
1066 4414 1102 4475 [p.
1127 4413 1338 4475 1367.a.vs.19.]

168 4499 228 4551 ⁷de
245 4504 318 4550 clem.
335 4501 380 4551 lib.
401 4517 422 4551 1.
438 4516 461 4552 c.
479 4517 503 4551 a.
