3310 5482
316 575 359 638 60
625 591 672 636 ure
695 589 788 654 June
815 587 998 633 russone.
1022 586 1100 632 car.
1126 587 1175 632 vr.

315 765 418 827 pore,
442 759 480 809 ut
500 763 618 836 corpus
630 743 675 808 sit
694 741 785 824 quod
796 743 904 807 animo
916 741 1074 808 inserviat
1094 743 1116 806 ¹.
1141 741 1215 806 Hoc
1227 740 1334 824 ipsum
1347 755 1487 807 etmem-

314 856 446 922 brorum
468 875 548 922 usus
569 854 711 930 indicat,
723 852 897 936 praecipue
909 848 1111 933 manuum¹,
1137 872 1218 935 quas
1230 833 1407 918 exserendo
1428 871 1488 918 nos

314 966 404 1050 ipsos
426 982 577 1045 tuemur,
601 963 780 1050 injiciendo
803 985 869 1029 rem
891 979 929 1029 ut
945 979 1089 1030 nostram
1100 963 1324 1030 vindicamus:
1344 964 1488 1028 naturale

314 1091 364 1142 est
379 1091 541 1161 praeterea
557 1091 597 1142 ut
613 1077 695 1141 alter
715 1074 807 1141 alteri
819 1073 1060 1141 benefaciamus
1076 1089 1175 1157 atque
1192 1094 1286 1158 opem
1299 1071 1442 1140 feramus
1463 1074 1487 1139 ⁸.

314 1187 397 1254 Nam
419 1188 510 1271 quod
530 1187 626 1254 nobis
644 1185 869 1252 laborantibus
891 1185 960 1250 fieri
989 1185 1155 1266 velimus,
1179 1184 1263 1251 idem
1286 1198 1372 1250 recte
1395 1184 1488 1250 alteri

314 1299 550 1382 praestabimus
572 1301 594 1358 ⁴.
639 1297 709 1363 Nec
736 1299 818 1363 male
849 1297 907 1380 qui
927 1297 967 1364 de
997 1295 1116 1362 officiis
1146 1297 1348 1379 scripserunt
1370 1291 1382 1326 ⁵
1406 1294 1489 1361 illud

313 1410 536 1475 demonstrant
556 1410 630 1476 Deo
651 1407 838 1493 placuisse,
860 1428 901 1473 ne
923 1407 1005 1489 quid
1025 1422 1101 1490 post
1124 1406 1230 1490 ipsum
1254 1404 1380 1472 bomini
1404 1419 1490 1472 esset

314 1521 430 1587 utilius
452 1521 598 1587 homine.
645 1520 730 1586 Sunt
758 1534 865 1585 autern
897 1517 1026 1584 diversa
1051 1518 1135 1584 inter
1155 1517 1304 1583 homines
1324 1516 1488 1582 societatis

314 1633 498 1714 vocabula,
521 1631 700 1698 secundum
725 1650 808 1712 quae
820 1644 853 1694 et
864 1628 994 1713 cognati
1015 1629 1055 1693 ad
1076 1648 1171 1711 opem
1186 1621 1349 1694 ferendam
1371 1641 1491 1693 coeunt

315 1757 348 1808 et
377 1742 479 1809 vicini
498 1740 743 1809 inclamantur⁸
767 1755 799 1805 et
828 1740 860 1805 in
896 1740 1085 1805 universum
1106 1757 1221 1805 omnes
1244 1739 1389 1824 ejusdem
1410 1738 1490 1804 civi-

316 1853 393 1918 tatis
413 1853 500 1920 cives
521 1857 552 1918 ⁷:
576 1853 663 1919 unde
686 1851 769 1916 illud
788 1851 822 1915 in
843 1850 950 1915 scenis
971 1851 1080 1914 Porro
1104 1847 1253 1932 Quirites
1274 1854 1297 1916 ⁸.
1328 1849 1374 1914 Et
1395 1849 1490 1916 Solo-

315 1982 389 2029 nem
412 1963 456 2029 ita
476 1963 628 2030 docuisse
648 1963 831 2045 accepimus
852 1962 976 2027 beatam
1000 1959 1068 2025 fore
1092 1959 1349 2043 rempublicam,
1372 1959 1405 2024 in
1427 1980 1490 2042 qua

316 2074 436 2140 alienas
459 2073 601 2156 quisque
629 2073 764 2159 injurias
792 2092 868 2139 suas
890 2071 1095 2138 existimaret.
1141 2071 1352 2136 Democritus
1373 2071 1405 2133 ⁹:
1428 2076 1490 2139 νὶδι-

315 2188 469 2267 ιιονμένοιοι
497 2195 627 2269 τιμωρεῖν
653 2191 734 2254 κοινοὶ
753 2187 872 2267 δύναμιν
891 2188 948 2268 χρὴ
977 2186 1027 2251 καὶ
1056 2189 1099 2265 μὴ
1128 2185 1267 2266 παριέναι.
1301 2186 1334 2250 ai
1357 2185 1410 2264 μὲν
1431 2186 1491 2265 γὰρ

314 2302 422 2363 τοιοῦτο
444 2299 548 2364 δίκαιον
570 2296 621 2362 arei
640 2299 760 2374 οὶγοιθόν,
782 2299 816 2363 ci
836 2299 866 2363 δὲ
887 2298 929 2378 μὴ
951 2300 1058 2362 τοιοῦτο
1080 2295 1174 2361 ἄδικον
1193 2297 1242 2360 aeti
1264 2293 1362 2360 κοινόν.
1397 2292 1490 2376 leju-

317 2407 373 2468 ria
404 2418 565 2490 oppressos
594 2403 768 2488 defendere
783 2419 848 2490 pro
869 2404 999 2470 viribus
1022 2417 1148 2488 oportet
1171 2417 1203 2468 et
1219 2423 1282 2466 non
1301 2401 1489 2489 negligere:

317 2513 407 2579 illud
425 2519 510 2579 enirn
520 2516 653 2600 justum
680 2517 947 2601 bonumqae'est,
967 2515 1025 2578 Ιιοο
1044 2534 1120 2582 tero
1138 2515 1299 2599 injustum
1312 2527 1343 2577 et
1355 2512 1490 2580 malum.

316 2623 361 2689 Et
379 2623 567 2692 Aristotelis
590 2625 613 2662 ¹⁰
637 2641 686 2691 est
704 2625 872 2710 egregium
891 2624 1035 2691 dictum:
1059 2631 1104 2695 δεῖ
1119 2630 1184 2701 τοὺς
1207 2628 1402 2708 dimovebat
1422 2628 1491 2708 ὑπὲρ

314 2740 422 2804 ἑοιντῶν
450 2747 589 2820 πολεμεῖν
614 2739 631 2814 ἢ
661 2741 729 2822 ὑπὲρ
757 2746 905 2818 συγγενῶν
936 2739 953 2816 ἢ
985 2740 1055 2820 ὑπὲρ
1087 2741 1242 2820 εὐεργετῶν
1273 2737 1290 2812 ἢ
1321 2736 1491 2819 συμμάχοις

315 2849 502 2930 ἀδικουμένοις
524 2852 643 2931 βοηθεῖν.
693 2832 831 2934 Oportet
861 2861 922 2912 aut
947 2862 1012 2933 pro
1043 2869 1074 2911 se
1101 2866 1347 2911 ermasamere
1368 2848 1490 2930 siquis

316 2956 481 3042 injuriam
504 2962 688 3045 acceperit,
708 2973 770 3024 aut
794 2973 859 3044 pro
885 2961 1034 3044 cognatis
1063 2971 1124 3022 eut
1142 2973 1206 3044 pro
1230 2957 1491 3041 benefactoribus

317 3081 380 3132 aut
397 3084 462 3155 pre
485 3071 619 3155 injuria
642 3069 769 3156 affectis
794 3049 1006 3135 auxiliariis.

362 3179 492 3245 Quodsi
512 3181 606 3246 etiam
630 3194 755 3245 caetera
775 3179 883 3247 desint
906 3179 1058 3260 vincula,
1084 3195 1191 3244 tamen
1226 3177 1329 3245 totius
1359 3178 1491 3244 humani

319 3289 446 3374 generis
469 3289 607 3357 societas
628 3305 830 3373 naturaeque
850 3289 1036 3357 communio
1052 3291 1116 3356 hoc
1133 3288 1244 3372 efficit,
1271 3304 1309 3354 ut
1328 3288 1492 3354 malaaliis

320 3401 409 3467 illata
431 3419 491 3466 nos
519 3401 612 3468 etiam
639 3417 784 3486 tangant.
831 3400 1031 3467 Hominibus
1054 3401 1138 3466 enim
1161 3399 1294 3466 humani
1318 3400 1402 3466 nihil
1417 3400 1493 3466 alie·

320 3532 398 3581 num
422 3533 491 3580 esse
516 3512 627 3578 debet:
652 3514 731 3580 adeo
757 3514 887 3597 quidem
921 3528 960 3578 ut
986 3514 1165 3598 praeclarae
1193 3526 1303 3596 gentes
1332 3512 1494 3596 theologi-

283 3672 290 3690 ,
320 3645 385 3706 que
418 3639 450 3690 et
471 3624 698 3708 jurisconsulti
727 3647 792 3692 non
823 3625 973 3691 minimae
1002 3623 1203 3689 auctoritatis
1223 3623 1335 3689 multis
1364 3623 1494 3691 casibus

321 3736 506 3802 existiment
529 3738 726 3820 puniendam
746 3759 815 3805 esse
835 3735 1302 3838 eorum0negligentiamqui,
1325 3756 1399 3802 cum
1418 3756 1494 3819 pos-

322 3927 520 3939 ——---—.-..

356 4031 414 4078 ¹V.
440 4045 492 4092 reg.
512 4044 524 4088 5
542 4044 567 4080 et
583 4031 609 4080 in
626 4032 676 4081 fine
695 4047 719 4082 c.
738 4048 761 4081 a.
797 4031 855 4081 iV.
871 4047 946 4094 supra
964 4035 995 4082 ad
1012 4037 1029 4082 1.
1047 4047 1070 4081 2.
1106 4033 1165 4080 ³V.
1183 4045 1239 4081 ante
1257 4036 1276 4079 1.
1296 4043 1318 4088 5.
1336 4043 1361 4080 et
1379 4032 1394 4080 6
1412 4044 1437 4080 et
1464 4035 1495 4082 ad

322 4135 374 4182 reg:
393 4134 416 4179 3.
447 4120 458 4152 ⁴
475 4123 507 4169 Vt.
525 4125 662 4172 demonstr.
680 4125 752 4172 inart.
772 4139 795 4173 a.
811 4124 883 4173 artic.
901 4139 921 4172 ι.
936 4127 1019 4173 concl.
1041 4138 1061 4173 r.
1079 4127 1096 4172 l.
1105 4137 1192 4172 servus
1207 4122 1279 4171 eaff.
1297 4125 1328 4175 de
1346 4122 1426 4172 servis
1451 4137 1495 4171 ex·

322 4224 390 4272 port.
409 4212 453 4274 [D.
474 4216 511 4262 18.
535 4226 558 4270 7.
573 4214 611 4278 7.]
647 4215 657 4246 ⁵
677 4215 732 4263 Cic.
751 4229 782 4262 cx
801 4217 899 4263 Panact.
917 4218 949 4264 de
968 4215 1009 4262 off.
1028 4219 1045 4262 l.
1062 4229 1085 4262 a.
1105 4212 1142 4277 [c.
1157 4227 1180 4271 3.
1197 4215 1218 4275 §.
1239 4213 1290 4277 11.]
1327 4213 1382 4262 Cic.
1400 4216 1431 4262 dc
1450 4215 1495 4262 off.

322 4306 340 4350 l.
361 4316 383 4360 3.
404 4304 439 4365 [c.
457 4305 480 4352 6.
499 4309 521 4364 ξ.
540 4306 570 4353 26
589 4317 613 4353 et
633 4305 683 4369 aa]
720 4305 796 4355 ⁶Dd.
815 4309 846 4355 ad
865 4309 880 4355 l.
898 4305 919 4354 si
942 4306 997 4366 quis
1017 4305 1141 4354 inservit.
1160 4306 1185 4353 in
1205 4304 1264 4353 dne.
1281 4304 1306 4352 ff.
1333 4304 1429 4352 defur.
1451 4303 1495 4367 [D.

321 4408 363 4455 47.
382 4409 404 4442 2.
423 4394 460 4458 7.]
492 4392 503 4432 7
520 4398 550 4444 V.
567 4399 583 4444 l.
602 4410 625 4454 7.
644 4411 666 4445 c.
686 4412 708 4446 a.
741 4395 752 4430 Β
773 4396 873 4460 [Labcr.
892 4411 931 4457 ap.
952 4396 1066 4445 Macrob.
1086 4400 1134 4444 Sat.
1153 4399 1170 4444 l.
1180 4411 1202 4444 2.
1213 4409 1250 4445 vs.
1270 4395 1305 4456 7.]
1325 4394 1336 4426 ⁹
1355 4395 1408 4457 [ap.
1425 4396 1495 4444 Stob.

324 4485 349 4533 in
368 4486 443 4534 floril.
465 4488 481 4534 l.
497 4489 537 4546 46.
556 4503 579 4535 n.
598 4489 651 4551 aa]
689 4487 709 4520 ¹⁰
727 4490 801 4536 Rhct.
821 4490 851 4536 acl
867 4491 941 4536 Alex.
961 4501 983 4538 c.
1003 4501 1024 4545 3.
1046 4487 1083 4551 [p.
1103 4500 1174 4547 1425.
1196 4501 1216 4535 1.
1234 4501 1272 4535 vs.
1295 4485 1345 4546 ra]
