3316 5494
311 607 354 672 92
602 603 650 652 DII
673 604 766 670 Jualt
792 601 976 653 aaaron,
999 603 1079 653 CAP.
1103 603 1185 652 vlu.

310 779 434 846 poenae
463 759 504 828 ad
529 759 654 828 bonum
684 758 844 826 duntaxat
873 757 1072 844 reipublicae
1094 759 1297 830 ordinantur.
1340 757 1381 826 Id
1400 777 1485 824 vero

309 872 420 958 negari
441 885 562 956 potest.
606 869 692 936 Nam
712 889 889 954 poenarum
908 891 1006 940 causa
1025 871 1183 941 naturalIs
1204 885 1276 951 est,
1298 867 1486 953 respublica

310 1004 390 1052 vero
413 1002 479 1050 non
502 998 640 1064 natura,
660 983 720 1052 sed
742 1003 781 1048 ex
803 983 969 1050 condicto.
995 981 1139 1052 Societas
1162 983 1247 1050 enim
1270 980 1403 1050 humani
1427 1001 1487 1064 ge·

311 1095 400 1166 neris
422 1115 439 1162 a
461 1109 599 1177 natura,
631 1093 740 1161 civilis
763 1110 892 1176 autem,
925 1116 991 1180 qua
1013 1095 1110 1178 talis,
1135 1096 1175 1162 ab
1196 1094 1360 1160 instituto.
1404 1093 1486 1174 Ipse

313 1208 510 1280 Aristoteles
531 1203 564 1288 ¹,
587 1226 656 1288 quo
676 1205 814 1274 maxime
835 1221 968 1274 auctore
988 1208 1150 1278 contraria
1166 1205 1328 1276 sententia
1347 1203 1484 1283 nititur,

312 1319 359 1386 ita
379 1319 512 1386 scribit:
526 1319 666 1402 aalma
685 1323 745 1403 arip
764 1329 802 1403 ‘ni
820 1322 909 1405 φύσει
929 1324 1128 1392 maumam
1149 1326 1265 1403 μᾶλλον
1285 1321 1302 1397 ἣ
1325 1319 1485 1396 πολιτικόν,

311 1415 367 1517 ingo
389 1433 518 1516 apiacam
535 1433 587 1502 aa}
604 1430 827 1513 ἆνιιγιωιιότεριν
858 1435 933 1502 elada
957 1435 1067 1507 πόλεως
1087 1433 1136 1504 xai
1156 1432 1318 1500 centonario
1337 1429 1487 1510 arabena

311 1553 369 1618 τοῖς
391 1543 479 1628 ζῴοις.
523 1540 627 1606 Homo
648 1542 733 1606 enim
757 1540 931 1628 couugale
959 1545 1065 1628 magis
1094 1540 1253 1628 quiddam
1279 1553 1326 1606 est
1352 1551 1484 1603 natura

312 1672 411 1738 quam
434 1651 553 1732 civile,
576 1664 701 1737 quanto
722 1652 852 1737 quidem
871 1666 903 1722 et
920 1656 1074 1738 priora!
1093 1657 1200 1740 magis
1225 1652 1411 1718 necessaria
1435 1661 1484 1714 est

304 1762 449 1848 familia
477 1783 578 1848 quam
610 1766 731 1832 civitas
759 1777 791 1828 et
822 1764 937 1830 sobolis
965 1767 1158 1849 procreatio
1180 1767 1308 1828 cunctis
1328 1763 1484 1826 animan·

312 1873 400 1942 tidas
429 1877 644 1942 communior.
690 1874 792 1944 Quod
824 1889 856 1944 et
888 1895 962 1942 cum
992 1874 1104 1942 divina
1143 1874 1278 1946 historia
1309 1871 1483 1940 consentit.

311 1985 406 2050 Deus
435 1983 520 2052 eninr
551 1986 609 2067 qui
641 2000 758 2056 cuncta
787 1986 910 2054 creavit
931 1987 964 2054 in
985 2006 1044 2055 sua
1065 1985 1288 2070 perfectione,
1310 2003 1377 2052 nou
1399 2003 1485 2050 rem·

311 2095 475 2181 publicam
496 2096 618 2165 creavit
648 2097 707 2165 sed
728 2098 878 2165 homines
911 2099 1005 2166 duos.
1051 2099 1167 2181 ltaque
1195 2111 1320 2166 tantum
1344 2095 1483 2164 societas

312 2209 453 2277 humana
472 2222 556 2288 erat,
573 2207 689 2280 civitas
707 2229 773 2276 non
793 2224 870 2277 erat.
916 2209 1028 2297 Quare
1047 2223 1080 2274 et
1098 2223 1194 2308 aucto
1213 2207 1320 2276 statim
1339 2207 1485 2274 humano

314 2338 430 2406 genere
448 2319 605 2391 naturalis
637 2335 781 2404 potestas
813 2339 912 2406 penes
934 2335 1041 2404 patres
1062 2318 1259 2388 familiarum
1281 2318 1367 2400 fuit,
1387 2318 1484 2402 juxta

313 2425 493 2498 Homerum
513 2428 543 2498 ¹:

778 2545 937 2627 θεμιστεύει
957 2547 988 2614 δὲ
1008 2543 1129 2621 ἕκαστος

612 2657 722 2726 raum
741 2657 912 2739 ἠδίὶλόχωιι.

789 2766 890 2832 Soliti
904 2767 965 2849 jus
988 2765 1097 2834 dicere
1120 2768 1257 2850 quisque

615 2873 818 2962 Cotu'ugibus
835 2881 1030 2962 puerisque.

356 2987 431 3054 Hos
453 2985 554 3072 igitur
574 3006 634 3070 pto
658 2986 709 3056 sui
732 2987 941 3072 familiaeque
966 3007 1043 3056 suae
1064 2987 1310 3056 conservatione
1330 2988 1485 3073 jurisdic-

311 3099 434 3169 tionem
457 3113 496 3165 ιιι
517 3097 755 3179 internam,ita
777 3115 940 3170 externam
963 3099 1118 3168 habuisse
1136 3113 1385 3166 consentaneum
1410 3115 1483 3181 est,

312 3210 400 3277 uncle
418 3208 615 3278 domesticos
632 3209 840 3295 magistratus
859 3210 942 3280 dixit
961 3211 1083 3280 Seneca
1102 3209 1123 3278 ³.
1155 3211 1256 3298 Quod
1274 3226 1381 3277 autem
1398 3211 1484 3296 juris

312 3319 408 3388 initio
431 3319 521 3388 orbis
543 3334 616 3386 ante
633 3319 828 3390 constitutas
846 3322 996 3391 civitates
1012 3321 1093 3405 suit,
1116 3322 1202 3390 idem
1219 3336 1331 3406 postea
1349 3341 1483 3388 necesse

314 3447 364 3502 est
390 3430 548 3499 mansisse
578 3449 679 3514 penes
699 3451 754 3498 eos
777 3433 946 3516 homines,
970 3434 1028 3517 qui
1046 3433 1170 3519 judicia
1190 3433 1252 3500 sibi
1273 3453 1339 3500 non
1359 3432 1483 3499 consti·

312 3557 470 3624 tuerunt,
494 3541 634 3624 quibus,
658 3557 696 3608 ut
717 3543 839 3612 Seneca
859 3544 871 3581 ⁴
890 3545 1057 3628 loquitur,
1079 3546 1152 3630 jura
1174 3544 1347 3630 distinguit
1364 3544 1482 3610 modus

312 3654 443 3723 virium.
488 3654 576 3720 idem
590 3653 816 3741 Quintilianus
835 3660 846 3693 ⁵
867 3656 999 3726 indicat.
1046 3658 1094 3725 Ita
1118 3657 1205 3741 apud
1228 3655 1400 3724 Ombricos
1422 3655 1483 3722 ob-

313 3779 477 3836 servatum
506 3766 730 3836 Damascenus
748 3770 761 3807 ⁸
780 3783 893 3836 auctor
922 3784 994 3849 est,
1026 3783 1063 3838 ut
1089 3789 1188 3836 manu
1211 3785 1245 3836 se
1269 3767 1411 3850 quisque
1431 3769 1482 3832 ul·

313 3877 508 3958 doceretur,
540 3893 715 3961 manetque
740 3894 886 3963 exparte
909 3880 1008 3948 hodie
1029 3881 1118 3964 apud
1141 3880 1311 3947 Sarmatas.
1356 3879 1426 3944 Into
1450 3893 1483 3945 et

313 3988 493 4074 singulares
516 3988 591 4056 illae
611 3989 854 4073 dimicationes,
879 4012 962 4075 quae
985 3991 1083 4060 hodie
1103 3990 1198 4058 etiam
1217 3988 1329 4056 multis
1348 3989 1380 4055 iu
1401 3989 1484 4054 locis

312 4188 503 4200 *a

346 4334 355 4367 ¹
375 4336 406 4383 de
422 4347 487 4384 mor.
506 4335 537 4383 ad
555 4333 658 4383 Nicom.
675 4337 692 4383 l.
711 4338 734 4383 8.
751 4350 774 4385 c.
795 4349 832 4397 14.
852 4336 890 4397 [p.
911 4337 981 4384 1162.
1001 4350 1022 4384 1.
1040 4349 1079 4386 vs.
1100 4335 1150 4400 17·]
1186 4333 1277 4400 ²[0d.
1295 4338 1312 4383 l.
1329 4350 1352 4398 9.
1371 4349 1408 4384 vs.
1427 4334 1479 4398 oa]

314 4426 373 4475 'de
391 4425 475 4478 benef.
492 4427 509 4474 l.
528 4439 550 4484 a.
569 4440 592 4475 c.
610 4440 648 4475 ιι.
681 4424 742 4476 ⁴de
759 4427 796 4476 ira
814 4431 830 4477 l.
854 4440 877 4485 ³·
895 4441 917 4477 c.
937 4441 960 4476 a.
994 4426 1050 4476 ‘iu
1070 4429 1174 4477 declam.
1200 4425 1483 4490 13.[ed.Lugd.Bat.

314 4533 336 4568 e.
354 4518 535 4580 1665.p.190.
552 4518 630 4579 med]
666 4517 677 4551 ⁵
694 4518 764 4568 Stob.
782 4518 820 4583 [in
836 4519 911 4568 floril.
925 4522 941 4568 l.
962 4533 999 4567 ιο.
1014 4533 1040 4567 n.
1055 4518 1107 4582 qo]
