3310 5482
440 627 497 676 ,on
520 629 614 695 June
640 627 998 680 turonensium.
1267 632 1312 698 45

138 786 274 851 alterum
295 783 422 850 laedere
441 800 597 850 vetamur.
644 784 827 852 Servandae
851 785 934 854 enim
958 801 1035 854 sunt
1057 787 1143 872 leges
1165 786 1312 874 singulae

138 897 171 962 in
199 917 261 964 suo
293 896 416 964 ordine.
464 897 591 982 Regula
609 912 715 964 autem
736 897 797 964 ista
817 898 842 978 ¹,
866 919 929 963 non
948 897 1062 963 debere
1080 902 1127 981 ai,
1151 902 1207 964 cui
1226 899 1314 986 quod

131 1011 209 1094 plus
241 1023 290 1074 cst
324 1009 421 1092 licet,
445 1010 484 1076 id
518 1009 734 1096 quodminus
758 1024 804 1076 cst
828 1031 892 1075 non
915 1008 1033 1092 licere,
1058 1029 1122 1076 una
1145 1025 1177 1076 et
1201 1011 1310 1077 eadem

137 1101 334 1187 ceriitudine
366 1120 482 1187 nititur
513 1136 611 1203 atque
643 1121 699 1187 illa
729 1120 1051 1201 mathematicorum,
1086 1125 1122 1188 in
1155 1143 1189 1188 ro
1223 1122 1312 1208 quod

131 1233 208 1319 plus
241 1248 310 1314 est,
335 1233 373 1298 id
393 1232 609 1318 quodminus
633 1247 856 1318 estpcrpctuo
881 1238 1006 1300 inesse:
1031 1253 1128 1315 quarn
1153 1248 1185 1300 ct
1208 1233 1308 1318 ipsam

136 1361 220 1412 recte
250 1345 480 1430 jurisconsulti
503 1350 514 1386 ¹
538 1359 714 1430 usurpant,
747 1343 869 1428 quippe
901 1365 974 1410 cum
1003 1363 1068 1412 non
1096 1343 1253 1412 minorem
1276 1345 1310 1412 in

133 1459 204 1542 jure
229 1459 341 1524 locum
365 1457 482 1524 habeat
503 1455 727 1540 proportionis
749 1455 952 1536 observatio,
981 1476 1077 1538 quam
1101 1455 1134 1521 in
1159 1476 1310 1524 numero·

135 1589 204 1635 rum
229 1584 263 1635 et
285 1569 546 1653 magnitudinum
570 1566 839 1646 dimensionibus.
863 1568 997 1656 Quanto
1021 1583 1128 1634 autem
1152 1583 1201 1636 est
1221 1568 1309 1653 prior

134 1680 165 1746 in
186 1680 317 1748 ratione
338 1681 498 1748 bonorum
517 1680 586 1748 vita
605 1700 702 1764 quam
722 1679 970 1764 possessiones,
993 1693 1084 1746 tanto
1108 1694 1156 1746 est
1177 1680 1308 1765 gravius

134 1791 282 1858 occidere
315 1813 412 1874 quam
444 1792 589 1879 praedari
611 1793 633 1858 ⁸.
684 1791 770 1859 Cum
802 1791 903 1878 igitur
933 1790 1102 1858 homicidii
1134 1811 1208 1858 reus
1242 1811 1309 1860 non

132 1904 192 1985 sit,
217 1904 279 1986 qui
302 1903 467 1972 hominem
488 1905 578 1989 J'usto
602 1904 635 1971 in
651 1905 742 1971 bello
766 1902 948 1988 interfecit,
972 1905 1077 1970 multo
1100 1902 1208 1972 minus
1229 1902 1308 1970 furti

133 2031 282 2099 tenetur,
308 2017 366 2099 qui
389 2039 454 2084 rem
477 2015 585 2110 aufert
603 2015 765 2083 hostilem.
811 2015 931 2081 Cicero
950 2015 1104 2100 ⁴:Neque
1122 2029 1170 2082 est
1188 2029 1307 2082 contra

134 2143 298 2195 naturam
319 2129 462 2215 spoliare
484 2151 582 2210 eum,
616 2132 646 2195 si
662 2132 786 2216 possis,
807 2147 900 2213 quem
917 2129 1085 2193 honestum
1112 2141 1158 2194 est
1179 2148 1307 2194 nccare.

133 2240 236 2327 Quod
258 2256 292 2306 et
313 2240 432 2324 passim
452 2240 680 2325 jurisconsulti
703 2214 949 2306 ⁵'tradiderunt
991 2240 1036 2306 Et
1055 2260 1152 2306 causa
1175 2239 1307 2323 quidem

132 2371 188 2417 cur
211 2352 318 2420 hostis
341 2374 375 2418 re
398 2373 456 2420 sua
478 2352 600 2436 privari
622 2353 738 2418 debeat
756 2351 833 2418 satis
851 2352 915 2437 jam
936 2366 1078 2436 apparet.
1125 2353 1179 2418 An
1200 2365 1307 2418 autem

132 2463 246 2530 iisdem
280 2465 409 2550 legibus
440 2464 630 2549 simpliciter
661 2463 817 2548 inspectis
844 2478 1001 2547 sequatur
1019 2479 1230 2549 occupantem
1249 2463 1309 2530 do·

131 2574 268 2642 minium
290 2575 520 2660 irrevocabile,
541 2575 699 2661 disputari
718 2589 839 2659 potest.
863 2575 1042 2643 Videbitur
1062 2575 1147 2644 enim
1166 2577 1307 2642 nonnul·
1319 2603 1388 2649 Ν...
1403 2601 1441 2668 ,³⁴⁴

132 2686 171 2752 lis
194 2687 231 2769 ⁸,
259 2709 334 2755 cum
361 2689 450 2772 prior
478 2689 631 2756 dominus
650 2689 723 2772 jure
742 2686 890 2771 privatus
913 2685 975 2769 sit,
1000 2707 1070 2754 esse
1092 2707 1159 2754 rem
1183 2687 1307 2754 nullius
1320 2657 1428 2702 ‘²⁶'⁰⁸'⁰'

131 2814 229 2882 atque
249 2802 352 2883 adeo,
377 2801 463 2867 sicut
481 2816 623 2883 caetera,
648 2799 717 2866 fieri
735 2797 831 2884 primi
840 2798 1060 2882 possessoris:
1085 2799 1177 2881 quod
1194 2799 1307 2866 Nerva

132 2908 221 2975 filius
243 2924 276 2975 et
296 2924 372 2994 post
393 2931 466 2977 eum
488 2909 632 2979 Paulus⁷
654 2911 793 2978 sensisse
816 2911 990 2994 videntur,
1015 2931 1087 2977 cum
1110 2911 1197 2976 bello
1214 2925 1306 2994 capta

130 3019 171 3085 iis
198 3022 299 3087 rebus
327 3038 557 3104 annumerant,
590 3044 673 3105 quae
696 3044 769 3089 cum
788 3023 913 3091 nullius
934 3036 1007 3089 ante
1029 3021 1176 3102 fuerint,
1201 3020 1230 3086 ei
1254 3041 1305 3086 ac·

132 3133 310 3214 quiruntur
329 3133 536 3216 naturaliter,
561 3132 619 3217 qui
636 3134 761 3219 primus
780 3156 888 3202 earum
907 3133 1148 3219 possessionem
1167 3147 1306 3198 nanctus
1376 3125 1379 3132 “

131 3244 181 3311 sit.
229 3245 330 3311 Ratio
354 3260 461 3312 autem
484 3245 539 3312 illa
562 3246 670 3312 statim
693 3262 879 3328 succurret,
904 3266 1001 3330 quam
1024 3245 1122 3312 modo
1143 3243 1305 3325 diximus,

131 3355 207 3438 quia
238 3358 328 3442 leges
359 3357 562 3441 superiores,
595 3379 679 3442 quae
703 3375 780 3426 sunt
802 3360 841 3426 de
864 3361 952 3425 bono
974 3373 1111 3439 nostro,
1135 3357 1306 3442 oppositae

129 3466 360 3549 inferioribus,
383 3471 471 3536 bono
490 3470 596 3537 alieno
617 3473 725 3537 locum
745 3491 810 3537 non
831 3469 966 3538 faciunt.
1012 3470 1086 3536 Nec
1107 3469 1196 3534 aliud
1213 3488 1305 3552 spec·

128 3594 214 3646 tasse
238 3579 356 3647 Cicero
377 3580 389 3616 ⁸
410 3581 563 3664 videtur,
587 3582 615 3648 si
636 3582 711 3666 quis
723 3582 896 3668 diligenter
907 3581 1114 3663 consideret,
1138 3602 1211 3648 cum
1225 3580 1305 3647 dicit

131 3691 281 3778 Cassium
305 3693 492 3778 profectum
522 3698 558 3760 in
589 3695 734 3761 alienam
759 3698 990 3781 provinciam,
1025 3698 1054 3760 si
1088 3696 1231 3759 homines
1261 3693 1305 3758 lc·

162 3997 206 4047 ι1.
222 4013 275 4048 ιιοιι
292 3999 589 4062 ἀεὴει.11ῒάειες.ιίιι.
605 4002 649 4065 [D.
666 4015 706 4058 so.
723 4014 761 4061 17.
780 4003 832 4066 21.]
868 3999 913 4051 ²1.
931 4003 958 4052 in
975 4015 1015 4052 eo.
1033 4003 1059 4050 ff.
1077 4004 1109 4052 de
1128 4015 1180 4063 reg.
1192 4000 1240 4059 jur.
1259 4001 1303 4064 [D.

129 4103 168 4145 so.
188 4103 226 4148 17.
247 4091 315 4152 ιιο.]
334 4103 360 4140 et
377 4105 428 4153 reg.
445 4091 493 4150 jur.
512 4105 552 4150 5³·
571 4094 710 4155 [Decretal.
731 4093 758 4142 in
776 4094 800 4143 6.
819 4106 843 4150 s.
865 4094 915 4156 rm]
950 4091 961 4125 ⁸
979 4095 996 4142 1.
1012 4093 1146 4144 sancimus.
1166 4093 1195 4141 C.
1208 4094 1239 4142 de
1252 4105 1303 4142 sac.

128 4184 191 4230 eccl.
211 4182 255 4244 [C.
277 4196 300 4255 ι.
317 4196 339 4232 a.
359 4183 411 4245 au]
445 4182 505 4233 ⁴de
523 4185 566 4234 off.
583 4187 600 4234 1.
619 4198 642 4244 3.
662 4186 699 4247 [c.
716 4186 739 4234 6.
757 4189 779 4246 5.
798 4183 851 4250 sa]
887 4184 957 4234 ⁶G1.
972 4187 1018 4234 ult.
1036 4184 1063 4233 in
1082 4198 1104 4233 c.
1117 4185 1148 4232 de
1160 4183 1235 4232 milit.
1249 4195 1303 4232 vas.
1362 4215 1366 4222 -

128 4272 172 4330 qui
190 4285 259 4321 cont.
278 4273 318 4336 [F.
337 4287 360 4322 a.
379 4275 431 4337 aa]
450 4276 519 4324 Bald.
537 4275 563 4326 in
581 4279 599 4324 1.
620 4290 641 4324 ι.
654 4277 683 4326 C.
694 4279 760 4326 unde
771 4277 807 4326 vi.
827 4276 869 4339 [C.
883 4279 906 4324 8.
919 4276 957 4338 4.]
969 4290 993 4324 n.
1008 4278 1048 4332 58.
1065 4277 1115 4339 Jas.
1127 4275 1154 4323 in
1166 4278 1183 4324 1.
1195 4285 1222 4323 ut
1236 4274 1297 4323 vim.

127 4362 154 4410 ff.
171 4365 202 4412 de
219 4363 278 4422 just.
297 4377 322 4412 et
339 4363 402 4422 jure.
421 4367 465 4428 [D.
479 4380 501 4415 1.
515 4381 537 4415 ι.
550 4368 585 4431 3.]
602 4382 626 4416 n.
641 4379 679 4426 17.
697 4369 727 4416 Et
739 4368 833 4428 passim
848 4368 874 4417 in
886 4367 1037 4430 argumentis
1050 4380 1064 4415 a
1075 4365 1192 4427 personis
1206 4367 1238 4414 ad
1252 4377 1301 4413 rer.

127 4454 215 4504 ‘vide
232 4469 307 4516 supra
325 4470 348 4506 c.
366 4471 389 4506 a.
405 4459 437 4506 ad
454 4460 471 4506 l.
490 4473 513 4507 2.
548 4455 592 4507 ⁷1.
610 4473 631 4509 ι.
648 4459 670 4522 S.
691 4473 713 4509 ι.
731 4460 756 4508 ff.
775 4462 806 4510 de
823 4473 880 4520 acq.
897 4473 966 4521 poss.
985 4460 1030 4521 [D.
1045 4472 1087 4521 41·
1100 4457 1136 4520 a]
1150 4468 1175 4506 et
1187 4457 1254 4504 Brut.
1266 4454 1292 4504 ib

127 4545 155 4594 in
171 4559 234 4596 sum.
268 4546 360 4600 ⁸,l’hil.
381 4562 419 4598 ιι.
438 4549 474 4612 [c.
495 4563 533 4600 ra.
550 4554 573 4610 ξ.
589 4551 642 4613 am]
