3362 5504
341 595 404 657 304
635 596 681 643 DE
705 597 798 661 JURE
824 595 1010 642 Pannona.
1036 595 1115 641 CAP.
1139 594 1217 642 xlv.

340 747 420 814 Tam
455 750 602 815 omnibus
636 754 803 836 ignoscere
842 749 1028 815 crudelitas
1063 761 1132 832 est,
1178 772 1276 836 quam
1310 751 1411 817 nulli.
1469 752 1516 817 Et

340 861 522 946 Augustini
545 865 553 897 ¹
574 862 781 945 pereruditus
794 862 827 926 in
849 864 933 928 hanc
953 881 1020 927 rem
1041 877 1091 927 est
1109 865 1220 928 locus:
1255 862 1407 928 Reddere
1429 865 1515 928 bona

333 988 398 1060 pro
422 975 536 1056 donis,
569 988 600 1040 et
619 989 683 1060 pro
707 975 805 1040 malis
829 974 945 1056 mala,
980 975 1060 1039 haec
1084 973 1148 1040 duo
1171 974 1385 1040 mediocrium
1409 989 1513 1040 sunt:

332 1089 433 1172 prius
453 1091 680 1173 propinquum
702 1088 792 1151 donis
811 1091 962 1155 conuenit
983 1091 1084 1151 etiam
1105 1087 1226 1166 malis,
1252 1086 1341 1171 quod
1358 1086 1514 1152 Christus

340 1219 403 1262 non
435 1201 578 1284 arguit,
613 1198 670 1264 sed
693 1198 772 1284 plus
808 1213 956 1284 oportere
992 1197 1099 1279 dicit,
1135 1201 1217 1283 quia
1240 1212 1271 1263 et
1304 1201 1429 1264 ethnici
1455 1200 1514 1263 lroc

331 1309 497 1393 faciunt:
527 1313 695 1397 posterius
722 1313 948 1396 propinquum
980 1310 1078 1374 malis
1102 1316 1253 1378 conuenit
1277 1324 1388 1375 tamen
1411 1315 1513 1375 etiam

338 1422 452 1486 lonis:
489 1420 575 1486 unde
609 1435 640 1486 et
676 1421 730 1486 lex
765 1420 894 1486 modum
929 1421 1053 1487 ultioni
1087 1426 1221 1487 statuit.
1277 1422 1322 1487 Et
1355 1441 1433 1487 mox
1468 1421 1514 1487 ita

338 1534 482 1617 explicat
493 1549 531 1599 ut
544 1533 651 1615 dicat,
676 1535 816 1619 injusta
830 1533 978 1615 ultione,
1003 1555 1088 1619 quae
1095 1531 1138 1616 fit
1151 1533 1325 1599 dilectione
1328 1535 1511 1619 justitiae,

338 1668 401 1710 non
423 1646 640 1712 delectatione
662 1645 793 1711 alienae
804 1649 981 1726 miseriae,
1007 1667 1070 1710 non
1083 1645 1180 1712 reddi
1191 1645 1315 1710 malum
1324 1661 1388 1732 pro
1401 1647 1509 1729 malo,

338 1757 396 1823 sed
406 1760 539 1842 justum
558 1773 623 1844 pro
647 1759 794 1842 injusto,
827 1759 884 1822 hoc
908 1771 980 1837 est,
1016 1757 1149 1840 inquit,
1175 1759 1290 1822 bonum
1309 1772 1374 1844 pro
1399 1759 1509 1823 malo:

339 1870 429 1952 quod
464 1870 559 1935 etiam
595 1870 688 1934 Deus
720 1870 823 1954 judex
858 1867 948 1934 facit.
994 1869 1044 1935 Ut
1079 1890 1155 1954 ergo
1190 1886 1342 1953 appareat
1376 1870 1509 1952 quando

338 1983 476 2047 honesta
510 1982 553 2047 sit
587 1983 693 2062 ulti0‚
737 1982 869 2064 quando
913 1996 1020 2046 autem
1054 1981 1277 2047 misericordia
1312 1982 1509 2063 conveniat,

338 2095 587 2179 distinguendae
610 2093 763 2160 videntur
786 2113 945 2174 personae
966 2108 1036 2158 tum
1060 2113 1143 2174 quae
1163 2091 1310 2173 faciunt,
1334 2109 1405 2159 tum
1426 2114 1510 2176 quae

336 2206 507 2290 patiuntur
527 2205 693 2291 injuriam.
740 2205 796 2270 Ad
816 2205 980 2288 patientes
1000 2205 1091 2287 quod
1111 2206 1249 2285 attinet,
1273 2205 1300 2270 si
1321 2226 1511 2271 communes

338 2318 403 2384 sint
435 2339 510 2384 cum
543 2318 642 2384 sociis
673 2332 730 2383 aut
761 2338 837 2383 cum
860 2317 985 2401 patria,
1011 2332 1137 2382 certum
1161 2332 1210 2382 est
1232 2337 1299 2384 non
1323 2339 1428 2400 aeque
1450 2338 1511 2384 nos

336 2429 448 2496 faciles
481 2449 551 2497 esse
583 2448 679 2513 posse
712 2429 745 2493 in
774 2429 978 2495 remittendis
1000 2429 1144 2512 publicis
1167 2445 1225 2495 aut
1248 2430 1386 2510 alienis,
1411 2445 1511 2513 atque

337 2541 370 2607 in
392 2541 518 2608 nostris
538 2541 678 2627 injuriis.
725 2542 813 2608 Inter
834 2541 1090 2626 jurisconsultos
1113 2542 1251 2608 celebris
1264 2541 1509 2623 estsententia,

336 2653 441 2721 foveri
474 2655 514 2719 ab
548 2675 586 2720 eo
610 2653 829 2738 injuriosum,
862 2654 920 2737 qui
943 2654 1063 2740 inJ'uria
1086 2654 1238 2720 affectum
1263 2675 1329 2721 non
1353 2670 1467 2720 tuetur
1486 2653 1509 2720 ².

338 2768 411 2851 Ipse
443 2766 655 2852 Augustinus
675 2771 705 2831 ³:
731 2765 919 2832 ostenditur
951 2787 1015 2830 non
1045 2787 1110 2831 esse
1131 2771 1291 2832 immunes
1314 2789 1336 2832 a
1364 2766 1509 2846 scelere,

336 2884 395 2965 qui
412 2884 650 2966 permiserunt.
677 2874 743 2960 Qui
766 2876 888 2942 desinit
912 2878 1070 2959 obviare,
1094 2892 1312 2965 cumputat,
1334 2879 1521 2943 consentit(

336 2991 422 3057 Nam
447 3005 485 3056 ut
508 2991 592 3057 idem
617 2989 694 3054 alibi
715 2993 746 3054 ⁴:
785 2990 864 3054 Non
888 3005 934 3054 est
958 2993 1166 3055 innocentiae
1183 2989 1351 3076 parcendo
1376 2995 1510 3072 sinere,

337 3119 375 3171 ut
398 3108 434 3169 in
458 3103 583 3169 malum
603 3105 746 3190 grauius
769 3101 957 3167 incidatur.
987 3103 1142 3167 Pertinet
1155 3123 1232 3188 ergo
1245 3101 1293 3167 ad
1301 3105 1511 3166 innocentiae

337 3217 471 3303 officium
496 3237 559 3280 non
581 3215 683 3280 solum
708 3218 832 3279 nemini
854 3228 975 3279 metum
999 3214 1153 3298 inferre,
1177 3215 1511 3282 uerumetiamcolri-

336 3329 411 3394 bere
428 3341 590 3414 peccata,
614 3326 669 3394 uel
673 3329 798 3412 punire
804 3339 1000 3411 peccatum,
1026 3329 1217 3411 utuutipse
1241 3329 1300 3410 qui
1317 3329 1419 3411 prius
1438 3324 1510 3390 odio

335 3439 480 3504 habetur
490 3487 503 3520 ‚
513 3441 714 3524 corrigatur
727 3442 948 3524 experimento
961 3485 972 3519 ,
985 3451 1046 3502 aut
1059 3437 1124 3502 alii
1135 3451 1335 3503 terreantur
1347 3437 1508 3522 exemplo.

336 3551 533 3618 Ambrosius
553 3545 565 3580 ⁵
585 3549 680 3616 etiam
705 3552 844 3615 multum
865 3549 1006 3634 exagitat
1024 3569 1208 3632 perversam
1230 3549 1508 3628 misericordiam,

337 3686 422 3750 quae
445 3668 632 3729 innocentes
655 3662 767 3728 tradit
791 3665 918 3744 exitio,
942 3660 1019 3727 dum
1044 3660 1169 3726 liberat
1192 3661 1373 3726 multorum
1398 3664 1509 3726 exitia

336 3780 549 3862 cogitantem.
597 3775 676 3839 Non
708 3778 744 3838 in
770 3773 940 3857 ferenda,
975 3772 1085 3855 inquit
1102 3774 1138 3853 ⁸,
1172 3772 1229 3838 sed
1256 3777 1293 3838 in
1315 3771 1508 3859 depellenda

335 3889 470 3974 injuria
503 3887 558 3953 lea
590 3890 733 3955 uirtutis
756 3900 814 3954 est.
861 3883 929 3970 Qui
952 3890 1036 3951 enim
1060 3881 1124 3950 non
1147 3885 1281 3972 repellit
1304 3907 1325 3950 a
1349 3888 1433 3949 socio
1455 3887 1508 3948 in·

334 4091 526 4102 -η--ι--ι-η

373 4200 381 4232 ¹
400 4200 426 4247 in
445 4197 610 4258 expositione
629 4194 729 4255 psalmi.
750 4196 805 4242 108.
824 4204 848 4242 et
866 4206 905 4242 est
923 4208 946 4243 c.
964 4208 1009 4243 sex
1027 4195 1192 4244 differentiae.
1209 4193 1299 4258 [Dect.
1315 4195 1384 4242 Grat.
1399 4209 1425 4255 p.
1435 4209 1458 4242 a.
1469 4207 1508 4250 2³·

338 4305 362 4349 3.
384 4290 417 4354 1.]
454 4287 506 4338 ²c.
525 4289 635 4337 dilectus
654 4297 679 4334 et
695 4299 718 4334 c.
737 4285 882 4334 consentire
910 4285 998 4349 [Decr.
1016 4288 1084 4334 Grat.
1103 4301 1128 4348 p.
1150 4302 1171 4335 1.
1191 4287 1249 4335 dist.
1268 4289 1308 4343 83.
1328 4285 1364 4350 5.]
1384 4285 1458 4334 Arias
1476 4286 1507 4333 de

336 4380 446 4431 helion.
465 4391 544 4438 sart
563 4381 603 4436 38·
638 4375 693 4425 ⁸in
711 4379 791 4436 psalm
808 4379 848 4425 81.
883 4376 943 4426 ⁴de
961 4377 1035 4427 civit.
1052 4378 1110 4426 Dei.
1145 4377 1507 4438 bserm.a.inpsa1m.1ra.

335 4475 395 4524 ⁶de
414 4473 457 4521 off.
475 4471 521 4519 lib.
543 4485 564 4518 1.
582 4484 606 4519 c.
624 4470 665 4527 36.
