<?xml version="1.0" encoding="UTF-8"?>
<!DOCTYPE html PUBLIC "-//W3C//DTD XHTML 1.0 Transitional//EN"
    "http://www.w3.org/TR/xhtml1/DTD/xhtml1-transitional.dtd">
<html xmlns="http://www.w3.org/1999/xhtml" xml:lang="en" lang="en">
 <head>
  <title>
</title>
<meta http-equiv="Content-Type" content="text/html;charset=utf-8" />
  <meta name='ocr-system' content='tesseract 3.04.00' />
  <meta name='ocr-capabilities' content='ocr_page ocr_carea ocr_par ocr_line ocrx_word'/>
</head>
<body>
  <div class='ocr_page' id='page_1' title='image "./ledroitdeprised01hamagoog_0070.png"; bbox 0 0 3310 5482; ppageno 0'>
   <div class='ocr_carea' id='block_1_1' title="bbox 353 619 1220 700">
    <p class='ocr_par' dir='ltr' id='par_1_1' title="bbox 353 619 1220 700">
     <span class='ocr_line' id='line_1_1' title="bbox 353 619 1220 700; baseline -0.002 -18"><span class='ocrx_word' id='word_1_1' title='bbox 353 619 396 698; x_wconf 89' lang='lat'><strong>48</strong></span> <span class='ocrx_word' id='word_1_2' title='bbox 666 632 714 681; x_wconf 83' lang='lat' dir='ltr'><strong>nn</strong></span> <span class='ocrx_word' id='word_1_3' title='bbox 735 633 829 700; x_wconf 83' lang='lat' dir='ltr'><strong>Junn</strong></span> <span class='ocrx_word' id='word_1_4' title='bbox 855 631 1038 681; x_wconf 73' lang='lat' dir='ltr'><strong>rannone.</strong></span> <span class='ocrx_word' id='word_1_5' title='bbox 1064 632 1134 681; x_wconf 76' lang='lat' dir='ltr'><strong>can</strong></span> <span class='ocrx_word' id='word_1_6' title='bbox 1168 631 1220 680; x_wconf 87' lang='lat' dir='ltr'><strong>tv.</strong></span> 
     </span>
    </p>
   </div>
   <div class='ocr_carea' id='block_1_2' title="bbox 345 784 1642 3892">
    <p class='ocr_par' dir='ltr' id='par_1_2' title="bbox 353 784 1529 1657">
     <span class='ocr_line' id='line_1_2' title="bbox 354 784 1529 873; baseline -0.005 -17"><span class='ocrx_word' id='word_1_7' title='bbox 354 788 540 873; x_wconf 91' lang='lat' dir='ltr'><strong>praecedit,</strong></span> <span class='ocrx_word' id='word_1_8' title='bbox 567 788 730 856; x_wconf 90' lang='lat' dir='ltr'><strong>interdum</strong></span> <span class='ocrx_word' id='word_1_9' title='bbox 762 788 857 856; x_wconf 88' lang='lat' dir='ltr'><strong>etiam</strong></span> <span class='ocrx_word' id='word_1_10' title='bbox 890 789 1063 856; x_wconf 87' lang='lat' dir='ltr'>comitatur</span> <span class='ocrx_word' id='word_1_11' title='bbox 1083 789 1106 855; x_wconf 90' lang='lat'><strong>¹.</strong></span> <span class='ocrx_word' id='word_1_12' title='bbox 1159 785 1303 853; x_wconf 89' lang='lat' dir='ltr'><strong>Primum</strong></span> <span class='ocrx_word' id='word_1_13' title='bbox 1337 784 1419 854; x_wconf 89' lang='lat' dir='ltr'><strong>enirn</strong></span> <span class='ocrx_word' id='word_1_14' title='bbox 1453 784 1529 868; x_wconf 93' lang='lat' dir='ltr'><strong>quis</strong></span> 
     </span>
     <span class='ocr_line' id='line_1_3' title="bbox 355 896 1528 985; baseline -0.005 -17"><span class='ocrx_word' id='word_1_15' title='bbox 355 915 405 968; x_wconf 89' lang='lat' dir='ltr'><strong>est</strong></span> <span class='ocrx_word' id='word_1_16' title='bbox 435 901 579 969; x_wconf 92' lang='lat' dir='ltr'><strong>hostium</strong></span> <span class='ocrx_word' id='word_1_17' title='bbox 610 901 669 985; x_wconf 91' lang='lat' dir='ltr'><strong>qui</strong></span> <span class='ocrx_word' id='word_1_18' title='bbox 699 901 801 968; x_wconf 87' lang='lat' dir='ltr'><strong>vitam</strong></span> <span class='ocrx_word' id='word_1_19' title='bbox 825 901 981 968; x_wconf 85' lang='lat' dir='ltr'><strong>duntaxat</strong></span> <span class='ocrx_word' id='word_1_20' title='bbox 1001 915 1144 967; x_wconf 91' lang='lat' dir='ltr'><strong>nostram</strong></span> <span class='ocrx_word' id='word_1_21' title='bbox 1166 913 1317 983; x_wconf 86' lang='lat' dir='ltr'><strong>appetat,</strong></span> <span class='ocrx_word' id='word_1_22' title='bbox 1342 917 1408 964; x_wconf 93' lang='lat' dir='ltr'><strong>non</strong></span> <span class='ocrx_word' id='word_1_23' title='bbox 1432 896 1528 964; x_wconf 91' lang='lat' dir='ltr'><strong>etiam</strong></span> 
     </span>
     <span class='ocr_line' id='line_1_4' title="bbox 354 1009 1529 1096; baseline -0.003 -17"><span class='ocrx_word' id='word_1_24' title='bbox 354 1013 551 1095; x_wconf 82' lang='lat' dir='ltr'><strong>facultates,</strong></span> <span class='ocrx_word' id='word_1_25' title='bbox 574 1029 719 1080; x_wconf 90' lang='lat' dir='ltr'><strong>autnon</strong></span> <span class='ocrx_word' id='word_1_26' title='bbox 741 1012 842 1079; x_wconf 88' lang='lat' dir='ltr'><strong>vitam</strong></span> <span class='ocrx_word' id='word_1_27' title='bbox 865 1013 977 1096; x_wconf 90' lang='lat' dir='ltr'><strong>potius</strong></span> <span class='ocrx_word' id='word_1_28' title='bbox 1009 1013 1052 1078; x_wconf 94' lang='lat' dir='ltr'><strong>ob</strong></span> <span class='ocrx_word' id='word_1_29' title='bbox 1074 1010 1179 1078; x_wconf 76' lang='lat' dir='ltr'><strong>istas?</strong></span> <span class='ocrx_word' id='word_1_30' title='bbox 1204 1009 1329 1079; x_wconf 90' lang='lat' dir='ltr'><strong>Merito</strong></span> <span class='ocrx_word' id='word_1_31' title='bbox 1350 1009 1452 1095; x_wconf 88' lang='lat' dir='ltr'><strong>igitur</strong></span> <span class='ocrx_word' id='word_1_32' title='bbox 1472 1029 1529 1094; x_wconf 92' lang='lat' dir='ltr'><strong>per</strong></span> 
     </span>
     <span class='ocr_line' id='line_1_5' title="bbox 354 1122 1528 1209; baseline -0.004 -19"><span class='ocrx_word' id='word_1_33' title='bbox 354 1126 475 1192; x_wconf 90' lang='lat' dir='ltr'><strong>bellurn</strong></span> <span class='ocrx_word' id='word_1_34' title='bbox 496 1125 530 1192; x_wconf 93' lang='lat' dir='ltr'><strong>id</strong></span> <span class='ocrx_word' id='word_1_35' title='bbox 551 1125 643 1209; x_wconf 92' lang='lat' dir='ltr'><strong>quod</strong></span> <span class='ocrx_word' id='word_1_36' title='bbox 662 1124 759 1191; x_wconf 93' lang='lat' dir='ltr'><strong>nobis</strong></span> <span class='ocrx_word' id='word_1_37' title='bbox 779 1123 927 1206; x_wconf 88' lang='lat' dir='ltr'><strong>quotidie</strong></span> <span class='ocrx_word' id='word_1_38' title='bbox 951 1122 1109 1208; x_wconf 86' lang='lat' dir='ltr'><strong>eripitur,</strong></span> <span class='ocrx_word' id='word_1_39' title='bbox 1133 1138 1190 1190; x_wconf 89' lang='lat' dir='ltr'><strong>aut</strong></span> <span class='ocrx_word' id='word_1_40' title='bbox 1210 1122 1411 1190; x_wconf 87' lang='lat' dir='ltr'><strong>tantumdem</strong></span> <span class='ocrx_word' id='word_1_41' title='bbox 1434 1141 1528 1186; x_wconf 91' lang='lat' dir='ltr'><strong>recu-</strong></span> 
     </span>
     <span class='ocr_line' id='line_1_6' title="bbox 353 1232 1527 1321; baseline -0.003 -19"><span class='ocrx_word' id='word_1_42' title='bbox 353 1237 537 1321; x_wconf 90' lang='lat' dir='ltr'><strong>perabimus</strong></span> <span class='ocrx_word' id='word_1_43' title='bbox 560 1233 582 1303; x_wconf 91' lang='lat'><strong>¹.</strong></span> <span class='ocrx_word' id='word_1_44' title='bbox 628 1235 727 1303; x_wconf 92' lang='lat' dir='ltr'><strong>Unde</strong></span> <span class='ocrx_word' id='word_1_45' title='bbox 749 1235 913 1320; x_wconf 90' lang='lat' dir='ltr'><strong>plerisque</strong></span> <span class='ocrx_word' id='word_1_46' title='bbox 936 1234 1044 1303; x_wconf 90' lang='lat' dir='ltr'><strong>visum</strong></span> <span class='ocrx_word' id='word_1_47' title='bbox 1075 1250 1125 1302; x_wconf 92' lang='lat' dir='ltr'><strong>est</strong></span> <span class='ocrx_word' id='word_1_48' title='bbox 1149 1234 1300 1303; x_wconf 89' lang='lat' dir='ltr'><strong>inbellis</strong></span> <span class='ocrx_word' id='word_1_49' title='bbox 1323 1232 1417 1317; x_wconf 91' lang='lat' dir='ltr'><strong>quasi</strong></span> <span class='ocrx_word' id='word_1_50' title='bbox 1447 1232 1527 1299; x_wconf 92' lang='lat' dir='ltr'><strong>taci-</strong></span> 
     </span>
     <span class='ocr_line' id='line_1_7' title="bbox 353 1343 1527 1433; baseline -0.005 -17"><span class='ocrx_word' id='word_1_51' title='bbox 353 1364 418 1416; x_wconf 88' lang='lat' dir='ltr'><strong>tam</strong></span> <span class='ocrx_word' id='word_1_52' title='bbox 444 1348 626 1433; x_wconf 85' lang='lat' dir='ltr'><strong>pactionem</strong></span> <span class='ocrx_word' id='word_1_53' title='bbox 656 1347 907 1431; x_wconf 88' lang='lat' dir='ltr'><strong>permutationis</strong></span> <span class='ocrx_word' id='word_1_54' title='bbox 935 1349 1086 1415; x_wconf 88' lang='lat' dir='ltr'><strong>accedere</strong></span> <span class='ocrx_word' id='word_1_55' title='bbox 1107 1350 1142 1429; x_wconf 81' lang='lat'><strong>⁸‚</strong></span> <span class='ocrx_word' id='word_1_56' title='bbox 1175 1362 1213 1414; x_wconf 95' lang='lat' dir='ltr'><strong>ut</strong></span> <span class='ocrx_word' id='word_1_57' title='bbox 1240 1348 1308 1414; x_wconf 89' lang='lat' dir='ltr'><strong>alca</strong></span> <span class='ocrx_word' id='word_1_58' title='bbox 1340 1343 1527 1411; x_wconf 87' lang='lat' dir='ltr'><strong>certaminis</strong></span> 
     </span>
     <span class='ocr_line' id='line_1_8' title="bbox 353 1457 1525 1545; baseline -0.004 -17"><span class='ocrx_word' id='word_1_59' title='bbox 353 1476 492 1544; x_wconf 89' lang='lat' dir='ltr'><strong>uterque</strong></span> <span class='ocrx_word' id='word_1_60' title='bbox 513 1475 687 1531; x_wconf 89' lang='lat' dir='ltr'><strong>contentus</strong></span> <span class='ocrx_word' id='word_1_61' title='bbox 709 1459 812 1527; x_wconf 91' lang='lat' dir='ltr'><strong>aliena</strong></span> <span class='ocrx_word' id='word_1_62' title='bbox 831 1473 981 1545; x_wconf 88' lang='lat' dir='ltr'><strong>caperet,</strong></span> <span class='ocrx_word' id='word_1_63' title='bbox 1005 1479 1064 1526; x_wconf 88' lang='lat' dir='ltr'><strong>sua</strong></span> <span class='ocrx_word' id='word_1_64' title='bbox 1093 1459 1275 1526; x_wconf 90' lang='lat' dir='ltr'><strong>amitteret:</strong></span> <span class='ocrx_word' id='word_1_65' title='bbox 1299 1473 1337 1525; x_wconf 93' lang='lat' dir='ltr'><strong>ut</strong></span> <span class='ocrx_word' id='word_1_66' title='bbox 1365 1457 1408 1524; x_wconf 89' lang='lat' dir='ltr'><strong>sit</strong></span> <span class='ocrx_word' id='word_1_67' title='bbox 1436 1457 1525 1540; x_wconf 93' lang='lat' dir='ltr'><strong>quod</strong></span> 
     </span>
     <span class='ocr_line' id='line_1_9' title="bbox 353 1573 801 1657; baseline -0.004 -18"><span class='ocrx_word' id='word_1_68' title='bbox 353 1573 442 1657; x_wconf 90' lang='lat' dir='ltr'><strong>apud</strong></span> <span class='ocrx_word' id='word_1_69' title='bbox 459 1573 679 1640; x_wconf 87' lang='lat' dir='ltr'><strong>Menandrum</strong></span> <span class='ocrx_word' id='word_1_70' title='bbox 700 1584 712 1618; x_wconf 89' lang='lat'><strong>⁴</strong></span> <span class='ocrx_word' id='word_1_71' title='bbox 734 1588 801 1640; x_wconf 89' lang='lat' dir='ltr'><strong>est:</strong></span> 
     </span>
    </p>

    <p class='ocr_par' dir='ltr' id='par_1_3' title="bbox 612 1685 1303 1771">
     <span class='ocr_line' id='line_1_10' title="bbox 612 1685 1303 1771; baseline -0.004 -16"><span class='ocrx_word' id='word_1_72' title='bbox 612 1690 636 1755; x_wconf 83' lang='lat' dir='ltr'><strong>oi</strong></span> <span class='ocrx_word' id='word_1_73' title='bbox 655 1691 714 1771; x_wconf 72' lang='grc' dir='ltr'><strong>γὰρ</strong></span> <span class='ocrx_word' id='word_1_74' title='bbox 734 1689 859 1760; x_wconf 78' lang='grc' dir='ltr'><strong>θέλοντες</strong></span> <span class='ocrx_word' id='word_1_75' title='bbox 881 1688 1054 1768; x_wconf 56' lang='lat' dir='ltr'><strong>ementitis</strong></span> <span class='ocrx_word' id='word_1_76' title='bbox 1072 1687 1114 1752; x_wconf 73' lang='grc' dir='ltr'><strong>τὰ</strong></span> <span class='ocrx_word' id='word_1_77' title='bbox 1132 1690 1189 1752; x_wconf 75' lang='grc' dir='ltr'><strong>τῶν</strong></span> <span class='ocrx_word' id='word_1_78' title='bbox 1208 1685 1303 1760; x_wconf 66' lang='grc' dir='ltr'><strong><em>πέλας</em></strong></span> 
     </span>
    </p>

    <p class='ocr_par' dir='ltr' id='par_1_4' title="bbox 611 1797 1192 1882">
     <span class='ocr_line' id='line_1_11' title="bbox 611 1797 1192 1882; baseline -0.003 -16"><span class='ocrx_word' id='word_1_79' title='bbox 611 1799 849 1882; x_wconf 66' lang='grc' dir='ltr'><em>ἀποτυγχάνουσι</em></span> <span class='ocrx_word' id='word_1_80' title='bbox 868 1797 1011 1872; x_wconf 64' lang='grc' dir='ltr'><strong>πολλάκις</strong></span> <span class='ocrx_word' id='word_1_81' title='bbox 1031 1799 1192 1878; x_wconf 77' lang='grc' dir='ltr'><em>νικώμενοι,</em></span> 
     </span>
    </p>

    <p class='ocr_par' dir='ltr' id='par_1_5' title="bbox 611 1909 1216 1993">
     <span class='ocr_line' id='line_1_12' title="bbox 611 1909 1216 1993; baseline -0.005 -16"><span class='ocrx_word' id='word_1_82' title='bbox 611 1912 654 1977; x_wconf 72' lang='grc' dir='ltr'><strong>τὰ</strong></span> <span class='ocrx_word' id='word_1_83' title='bbox 673 1909 755 1977; x_wconf 64' lang='grc' dir='ltr'><em>δ’ἵῖια</em></span> <span class='ocrx_word' id='word_1_84' title='bbox 778 1910 951 1992; x_wconf 75' lang='grc' dir='ltr'><strong>προςτιθέαισι</strong></span> <span class='ocrx_word' id='word_1_85' title='bbox 970 1918 1028 1984; x_wconf 79' lang='grc' dir='ltr'><strong>τοῖς</strong></span> <span class='ocrx_word' id='word_1_86' title='bbox 1045 1912 1216 1993; x_wconf 67' lang='grc' dir='ltr'><strong>ἀλλοτρίοις.</strong></span> 
     </span>
    </p>

    <p class='ocr_par' dir='ltr' id='par_1_6' title="bbox 616 2015 1308 2106">
     <span class='ocr_line' id='line_1_13' title="bbox 616 2015 1308 2106; baseline 0.003 -23"><span class='ocrx_word' id='word_1_87' title='bbox 616 2015 684 2102; x_wconf 84' lang='lat' dir='ltr'><strong>Qui</strong></span> <span class='ocrx_word' id='word_1_88' title='bbox 705 2021 938 2104; x_wconf 81' lang='lat' dir='ltr'><strong>concupiscunt</strong></span> <span class='ocrx_word' id='word_1_89' title='bbox 958 2032 1076 2105; x_wconf 75' lang='lat' dir='ltr'><strong>capere</strong></span> <span class='ocrx_word' id='word_1_90' title='bbox 1089 2021 1219 2085; x_wconf 74' lang='lat' dir='ltr'><strong>uicinas</strong></span> <span class='ocrx_word' id='word_1_91' title='bbox 1238 2033 1308 2106; x_wconf 75' lang='lat' dir='ltr'><strong>opes</strong></span> 
     </span>
    </p>

    <p class='ocr_par' dir='ltr' id='par_1_7' title="bbox 611 2129 1393 2216">
     <span class='ocr_line' id='line_1_14' title="bbox 611 2129 1393 2216; baseline 0.001 -21"><span class='ocrx_word' id='word_1_92' title='bbox 611 2131 773 2216; x_wconf 74' lang='lat' dir='ltr'><strong>Persaepe</strong></span> <span class='ocrx_word' id='word_1_93' title='bbox 795 2129 834 2196; x_wconf 80' lang='lat' dir='ltr'><strong>dc</strong></span> <span class='ocrx_word' id='word_1_94' title='bbox 856 2144 908 2216; x_wconf 83' lang='lat' dir='ltr'><strong>spe</strong></span> <span class='ocrx_word' id='word_1_95' title='bbox 929 2129 1024 2197; x_wconf 80' lang='lat' dir='ltr'><strong>clade</strong></span> <span class='ocrx_word' id='word_1_96' title='bbox 1045 2130 1393 2213; x_wconf 62' lang='lat' dir='ltr'><strong>commonendum,</strong></span> 
     </span>
    </p>

    <p class='ocr_par' dir='ltr' id='par_1_8' title="bbox 615 2239 1306 2328">
     <span class='ocr_line' id='line_1_15' title="bbox 615 2239 1306 2328; baseline 0.004 -21"><span class='ocrx_word' id='word_1_97' title='bbox 615 2239 771 2308; x_wconf 74' lang='lat' dir='ltr'><strong>Alterius</strong></span> <span class='ocrx_word' id='word_1_98' title='bbox 792 2245 893 2307; x_wconf 76' lang='lat' dir='ltr'><strong>etiam</strong></span> <span class='ocrx_word' id='word_1_99' title='bbox 916 2242 1011 2307; x_wconf 81' lang='lat' dir='ltr'><strong>rebus</strong></span> <span class='ocrx_word' id='word_1_100' title='bbox 1031 2240 1198 2328; x_wconf 77' lang='lat' dir='ltr'><strong>adjiciunt</strong></span> <span class='ocrx_word' id='word_1_101' title='bbox 1218 2264 1306 2310; x_wconf 82' lang='lat' dir='ltr'><strong>suas.</strong></span> 
     </span>
    </p>

    <p class='ocr_par' dir='ltr' id='par_1_9' title="bbox 345 2353 1642 3892">
     <span class='ocr_line' id='line_1_16' title="bbox 397 2353 1527 2439; baseline 0.005 -21"><span class='ocrx_word' id='word_1_102' title='bbox 397 2353 519 2437; x_wconf 92' lang='lat' dir='ltr'><strong>Neque</strong></span> <span class='ocrx_word' id='word_1_103' title='bbox 553 2355 649 2439; x_wconf 84' lang='lat' dir='ltr'><strong>longe</strong></span> <span class='ocrx_word' id='word_1_104' title='bbox 667 2353 745 2420; x_wconf 95' lang='lat' dir='ltr'><strong>hinc</strong></span> <span class='ocrx_word' id='word_1_105' title='bbox 777 2353 845 2419; x_wconf 91' lang='lat' dir='ltr'><strong>abit</strong></span> <span class='ocrx_word' id='word_1_106' title='bbox 865 2353 1127 2428; x_wconf 86' lang='lat' dir='ltr'><strong>¹Aristotelicum</strong></span> <span class='ocrx_word' id='word_1_107' title='bbox 1159 2354 1243 2423; x_wconf 89' lang='lat' dir='ltr'><strong>illud</strong></span> <span class='ocrx_word' id='word_1_108' title='bbox 1262 2359 1293 2420; x_wconf 79' lang='lat'><strong>⁵:</strong></span> <span class='ocrx_word' id='word_1_109' title='bbox 1327 2359 1421 2438; x_wconf 71' lang='grc' dir='ltr'><strong>ὁγὰρ</strong></span> <span class='ocrx_word' id='word_1_110' title='bbox 1444 2357 1527 2438; x_wconf 76' lang='grc' dir='ltr'><em>νόμος</em></span> 
     </span>
     <span class='ocr_line' id='line_1_17' title="bbox 351 2464 1527 2551; baseline 0 -17"><span class='ocrx_word' id='word_1_111' title='bbox 351 2469 493 2548; x_wconf 67' lang='grc' dir='ltr'><strong>ὁμολογίαι</strong></span> <span class='ocrx_word' id='word_1_112' title='bbox 513 2469 557 2541; x_wconf 77' lang='grc' dir='ltr'><strong>τίς</strong></span> <span class='ocrx_word' id='word_1_113' title='bbox 576 2469 671 2541; x_wconf 80' lang='grc' dir='ltr'><em>ἔστιν,</em></span> <span class='ocrx_word' id='word_1_114' title='bbox 691 2469 720 2533; x_wconf 80' lang='grc' dir='ltr'><strong>ἐν</strong></span> <span class='ocrx_word' id='word_1_115' title='bbox 742 2464 763 2551; x_wconf 80' lang='grc' dir='ltr'><strong><em>ᾦ</em></strong></span> <span class='ocrx_word' id='word_1_116' title='bbox 785 2471 826 2536; x_wconf 74' lang='lat' dir='ltr'><strong>td</strong></span> <span class='ocrx_word' id='word_1_117' title='bbox 846 2471 926 2536; x_wconf 72' lang='lat' dir='ltr'><strong>nard</strong></span> <span class='ocrx_word' id='word_1_118' title='bbox 949 2469 1075 2549; x_wconf 70' lang='grc' dir='ltr'><strong>πόλεμον</strong></span> <span class='ocrx_word' id='word_1_119' title='bbox 1094 2470 1275 2551; x_wconf 66' lang='grc' dir='ltr'><strong>κρατούμεναι</strong></span> <span class='ocrx_word' id='word_1_120' title='bbox 1284 2476 1339 2536; x_wconf 78' lang='grc' dir='ltr'><strong>τῶν</strong></span> <span class='ocrx_word' id='word_1_121' title='bbox 1350 2470 1527 2550; x_wconf 71' lang='grc' dir='ltr'><strong><em>κρατούντων</em></strong></span> 
     </span>
     <span class='ocr_line' id='line_1_18' title="bbox 351 2575 1524 2664; baseline -0.003 -20"><span class='ocrx_word' id='word_1_122' title='bbox 351 2575 546 2664; x_wconf 67' lang='grc' dir='ltr'><strong>εἶναίφασιν.</strong></span> <span class='ocrx_word' id='word_1_123' title='bbox 593 2577 658 2642; x_wconf 86' lang='lat' dir='ltr'><strong>Est</strong></span> <span class='ocrx_word' id='word_1_124' title='bbox 687 2579 772 2642; x_wconf 80' lang='lat' dir='ltr'><strong>enim</strong></span> <span class='ocrx_word' id='word_1_125' title='bbox 803 2575 858 2642; x_wconf 77' lang='lat' dir='ltr'><strong>lex</strong></span> <span class='ocrx_word' id='word_1_126' title='bbox 882 2580 950 2643; x_wconf 83' lang='lat' dir='ltr'><strong>ista</strong></span> <span class='ocrx_word' id='word_1_127' title='bbox 979 2581 1078 2662; x_wconf 83' lang='lat' dir='ltr'><strong>quasi</strong></span> <span class='ocrx_word' id='word_1_128' title='bbox 1099 2598 1269 2643; x_wconf 78' lang='lat' dir='ltr'><strong>consensus</strong></span> <span class='ocrx_word' id='word_1_129' title='bbox 1289 2576 1439 2662; x_wconf 76' lang='lat' dir='ltr'><strong>aliquis,</strong></span> <span class='ocrx_word' id='word_1_130' title='bbox 1461 2596 1524 2661; x_wconf 81' lang='lat' dir='ltr'><strong>quo</strong></span> 
     </span>
     <span class='ocr_line' id='line_1_19' title="bbox 351 2687 1525 2774; baseline 0.001 -22"><span class='ocrx_word' id='word_1_131' title='bbox 351 2687 433 2754; x_wconf 75' lang='lat' dir='ltr'><strong>bello</strong></span> <span class='ocrx_word' id='word_1_132' title='bbox 460 2701 561 2773; x_wconf 85' lang='lat' dir='ltr'><strong>capta</strong></span> <span class='ocrx_word' id='word_1_133' title='bbox 587 2709 651 2754; x_wconf 74' lang='lat' dir='ltr'><strong>erse</strong></span> <span class='ocrx_word' id='word_1_134' title='bbox 671 2688 835 2754; x_wconf 83' lang='lat' dir='ltr'><strong>dicuntur</strong></span> <span class='ocrx_word' id='word_1_135' title='bbox 865 2691 1076 2774; x_wconf 78' lang='lat' dir='ltr'><strong>capientium.</strong></span> <span class='ocrx_word' id='word_1_136' title='bbox 1122 2688 1294 2770; x_wconf 87' lang='lat' dir='ltr'><strong>Alterum,</strong></span> <span class='ocrx_word' id='word_1_137' title='bbox 1315 2688 1408 2771; x_wconf 91' lang='lat' dir='ltr'><strong>quod</strong></span> <span class='ocrx_word' id='word_1_138' title='bbox 1436 2707 1525 2754; x_wconf 90' lang='lat' dir='ltr'><strong>nunc</strong></span> 
     </span>
     <span class='ocr_line' id='line_1_20' title="bbox 351 2782 1525 2894; baseline 0.002 -30"><span class='ocrx_word' id='word_1_139' title='bbox 351 2797 474 2882; x_wconf 86' lang='lat' dir='ltr'><strong>dicam,</strong></span> <span class='ocrx_word' id='word_1_140' title='bbox 493 2815 686 2884; x_wconf 92' lang='lat' dir='ltr'><strong>perpetuum</strong></span> <span class='ocrx_word' id='word_1_141' title='bbox 708 2814 778 2881; x_wconf 86' lang='lat' dir='ltr'><strong>est,</strong></span> <span class='ocrx_word' id='word_1_142' title='bbox 800 2819 899 2866; x_wconf 90' lang='lat' dir='ltr'><strong>neca</strong></span> <span class='ocrx_word' id='word_1_143' title='bbox 921 2800 1008 2865; x_wconf 91' lang='lat' dir='ltr'><strong>bello</strong></span> <span class='ocrx_word' id='word_1_144' title='bbox 1030 2814 1141 2884; x_wconf 89' lang='lat' dir='ltr'><strong>potest</strong></span> <span class='ocrx_word' id='word_1_145' title='bbox 1160 2782 1281 2866; x_wconf 84' lang='lat' dir='ltr'><strong>abesse.</strong></span> <span class='ocrx_word' id='word_1_146' title='bbox 1322 2800 1426 2888; x_wconf 87' lang='lat' dir='ltr'><strong>Quod</strong></span> <span class='ocrx_word' id='word_1_147' title='bbox 1438 2798 1525 2894; x_wconf 79' lang='lat' dir='ltr'><strong>enim</strong></span> 
     </span>
     <span class='ocr_line' id='line_1_21' title="bbox 350 2910 1526 2997; baseline -0.001 -20"><span class='ocrx_word' id='word_1_148' title='bbox 350 2911 472 2978; x_wconf 92' lang='lat' dir='ltr'><strong>bellum</strong></span> <span class='ocrx_word' id='word_1_149' title='bbox 505 2911 627 2997; x_wconf 85' lang='lat' dir='ltr'><strong>geritur</strong></span> <span class='ocrx_word' id='word_1_150' title='bbox 659 2911 728 2978; x_wconf 88' lang='lat' dir='ltr'><strong>sine</strong></span> <span class='ocrx_word' id='word_1_151' title='bbox 759 2925 870 2978; x_wconf 89' lang='lat' dir='ltr'><strong>sumtu</strong></span> <span class='ocrx_word' id='word_1_152' title='bbox 900 2926 932 2977; x_wconf 88' lang='lat' dir='ltr'><strong>et</strong></span> <span class='ocrx_word' id='word_1_153' title='bbox 955 2910 1025 2977; x_wconf 92' lang='lat' dir='ltr'><strong>sine</strong></span> <span class='ocrx_word' id='word_1_154' title='bbox 1048 2911 1193 2978; x_wconf 76' lang='lat' dir='ltr'><strong>damno?</strong></span> <span class='ocrx_word' id='word_1_155' title='bbox 1217 2912 1267 2978; x_wconf 91' lang='lat' dir='ltr'><strong>Ut</strong></span> <span class='ocrx_word' id='word_1_156' title='bbox 1290 2910 1374 2977; x_wconf 89' lang='lat' dir='ltr'><strong>enim</strong></span> <span class='ocrx_word' id='word_1_157' title='bbox 1399 2926 1526 2976; x_wconf 89' lang='lat' dir='ltr'><strong>caeteta</strong></span> 
     </span>
     <span class='ocr_line' id='line_1_22' title="bbox 350 3022 1525 3106; baseline 0 -18"><span class='ocrx_word' id='word_1_158' title='bbox 350 3022 458 3088; x_wconf 89' lang='lat' dir='ltr'><strong>omnia</strong></span> <span class='ocrx_word' id='word_1_159' title='bbox 488 3044 528 3088; x_wconf 86' lang='lat' dir='ltr'><strong>ex</strong></span> <span class='ocrx_word' id='word_1_160' title='bbox 558 3039 639 3091; x_wconf 89' lang='lat' dir='ltr'><strong>voto</strong></span> <span class='ocrx_word' id='word_1_161' title='bbox 669 3023 868 3103; x_wconf 79' lang='lat' dir='ltr'><strong>succedant,</strong></span> <span class='ocrx_word' id='word_1_162' title='bbox 901 3022 994 3106; x_wconf 95' lang='lat' dir='ltr'><strong>quod</strong></span> <span class='ocrx_word' id='word_1_163' title='bbox 1022 3042 1201 3106; x_wconf 87' lang='lat' dir='ltr'><strong>numquam</strong></span> <span class='ocrx_word' id='word_1_164' title='bbox 1226 3022 1369 3105; x_wconf 86' lang='lat' dir='ltr'><strong>accidit,</strong></span> <span class='ocrx_word' id='word_1_165' title='bbox 1395 3022 1525 3089; x_wconf 87' lang='lat' dir='ltr'><strong>interim</strong></span> 
     </span>
     <span class='ocr_line' id='line_1_23' title="bbox 348 3133 1523 3220; baseline 0 -20"><span class='ocrx_word' id='word_1_166' title='bbox 348 3150 455 3201; x_wconf 89' lang='lat' dir='ltr'><strong>tamen</strong></span> <span class='ocrx_word' id='word_1_167' title='bbox 478 3134 536 3218; x_wconf 91' lang='lat' dir='ltr'><strong>qui</strong></span> <span class='ocrx_word' id='word_1_168' title='bbox 558 3135 678 3201; x_wconf 90' lang='lat' dir='ltr'><strong>bellum</strong></span> <span class='ocrx_word' id='word_1_169' title='bbox 701 3155 811 3220; x_wconf 81' lang='lat' dir='ltr'><strong>gerere</strong></span> <span class='ocrx_word' id='word_1_170' title='bbox 831 3133 979 3218; x_wconf 85' lang='lat' dir='ltr'><strong>cogitur,</strong></span> <span class='ocrx_word' id='word_1_171' title='bbox 996 3134 1071 3200; x_wconf 88' lang='lat' dir='ltr'><strong>arei</strong></span> <span class='ocrx_word' id='word_1_172' title='bbox 1084 3134 1280 3201; x_wconf 90' lang='lat' dir='ltr'><strong>domesticae</strong></span> <span class='ocrx_word' id='word_1_173' title='bbox 1292 3134 1523 3218; x_wconf 89' lang='lat' dir='ltr'><strong>procuratione</strong></span> 
     </span>
     <span class='ocr_line' id='line_1_24' title="bbox 349 3245 1527 3340; baseline 0.001 -29"><span class='ocrx_word' id='word_1_174' title='bbox 349 3261 513 3312; x_wconf 89' lang='lat' dir='ltr'><strong>avocatur.</strong></span> <span class='ocrx_word' id='word_1_175' title='bbox 538 3246 647 3329; x_wconf 90' lang='lat' dir='ltr'><strong>Atqui</strong></span> <span class='ocrx_word' id='word_1_176' title='bbox 670 3246 699 3312; x_wconf 91' lang='lat' dir='ltr'><strong>is</strong></span> <span class='ocrx_word' id='word_1_177' title='bbox 722 3245 780 3328; x_wconf 91' lang='lat' dir='ltr'><strong>qui</strong></span> <span class='ocrx_word' id='word_1_178' title='bbox 801 3246 890 3330; x_wconf 88' lang='lat' dir='ltr'><strong>justa</strong></span> <span class='ocrx_word' id='word_1_179' title='bbox 913 3265 1000 3311; x_wconf 89' lang='lat' dir='ltr'><strong>arma</strong></span> <span class='ocrx_word' id='word_1_180' title='bbox 1023 3245 1148 3340; x_wconf 84' lang='lat' dir='ltr'><strong>induit,</strong></span> <span class='ocrx_word' id='word_1_181' title='bbox 1168 3248 1223 3332; x_wconf 85' lang='lat' dir='ltr'><strong>jus</strong></span> <span class='ocrx_word' id='word_1_182' title='bbox 1244 3247 1341 3314; x_wconf 85' lang='lat' dir='ltr'><strong>habet</strong></span> <span class='ocrx_word' id='word_1_183' title='bbox 1360 3261 1393 3313; x_wconf 89' lang='lat' dir='ltr'><strong>et</strong></span> <span class='ocrx_word' id='word_1_184' title='bbox 1411 3248 1527 3314; x_wconf 89' lang='lat' dir='ltr'><strong>damna</strong></span> 
     </span>
     <span class='ocr_line' id='line_1_25' title="bbox 349 3354 1526 3444; baseline 0.002 -21"><span class='ocrx_word' id='word_1_185' title='bbox 349 3356 458 3423; x_wconf 90' lang='lat' dir='ltr'><strong>omnia</strong></span> <span class='ocrx_word' id='word_1_186' title='bbox 485 3372 518 3423; x_wconf 92' lang='lat' dir='ltr'><strong>et</strong></span> <span class='ocrx_word' id='word_1_187' title='bbox 539 3357 725 3442; x_wconf 88' lang='lat' dir='ltr'><strong>impensas,</strong></span> <span class='ocrx_word' id='word_1_188' title='bbox 749 3371 787 3423; x_wconf 94' lang='lat' dir='ltr'><strong>ut</strong></span> <span class='ocrx_word' id='word_1_189' title='bbox 812 3354 874 3422; x_wconf 90' lang='lat' dir='ltr'><strong>sibi</strong></span> <span class='ocrx_word' id='word_1_190' title='bbox 899 3356 1007 3423; x_wconf 92' lang='lat' dir='ltr'><strong>debita</strong></span> <span class='ocrx_word' id='word_1_191' title='bbox 1032 3358 1284 3443; x_wconf 83' lang='lat' dir='ltr'><strong>recuperandi⁸:</strong></span> <span class='ocrx_word' id='word_1_192' title='bbox 1311 3359 1526 3444; x_wconf 85' lang='lat' dir='ltr'><strong>quemadmo-</strong></span> 
     </span>
     <span class='ocr_line' id='line_1_26' title="bbox 350 3467 1527 3555; baseline 0.002 -21"><span class='ocrx_word' id='word_1_193' title='bbox 350 3468 428 3534; x_wconf 91' lang='lat' dir='ltr'><strong>dum</strong></span> <span class='ocrx_word' id='word_1_194' title='bbox 457 3468 490 3533; x_wconf 93' lang='lat' dir='ltr'><strong>in</strong></span> <span class='ocrx_word' id='word_1_195' title='bbox 522 3468 656 3555; x_wconf 88' lang='lat' dir='ltr'><strong>judiciis</strong></span> <span class='ocrx_word' id='word_1_196' title='bbox 678 3467 864 3535; x_wconf 87' lang='lat' dir='ltr'><strong>forensibus</strong></span> <span class='ocrx_word' id='word_1_197' title='bbox 884 3473 896 3514; x_wconf 83' lang='lat'><strong><em>⁷</em></strong></span> <span class='ocrx_word' id='word_1_198' title='bbox 919 3485 951 3535; x_wconf 90' lang='lat' dir='ltr'><strong>et</strong></span> <span class='ocrx_word' id='word_1_199' title='bbox 971 3469 1140 3553; x_wconf 88' lang='lat' dir='ltr'><strong>dispendia</strong></span> <span class='ocrx_word' id='word_1_200' title='bbox 1163 3484 1195 3536; x_wconf 94' lang='lat' dir='ltr'><strong>et</strong></span> <span class='ocrx_word' id='word_1_201' title='bbox 1215 3486 1344 3538; x_wconf 89' lang='lat' dir='ltr'><strong>sumtus</strong></span> <span class='ocrx_word' id='word_1_202' title='bbox 1366 3492 1433 3537; x_wconf 91' lang='lat' dir='ltr'><strong>non</strong></span> <span class='ocrx_word' id='word_1_203' title='bbox 1457 3470 1527 3537; x_wconf 90' lang='lat' dir='ltr'><strong>litis</strong></span> 
     </span>
     <span class='ocr_line' id='line_1_27' title="bbox 349 3579 1526 3667; baseline 0.003 -23"><span class='ocrx_word' id='word_1_204' title='bbox 349 3579 466 3663; x_wconf 81' lang='lat' dir='ltr'><strong>modu,</strong></span> <span class='ocrx_word' id='word_1_205' title='bbox 491 3580 548 3646; x_wconf 91' lang='lat' dir='ltr'><strong>sed</strong></span> <span class='ocrx_word' id='word_1_206' title='bbox 569 3596 601 3647; x_wconf 91' lang='lat' dir='ltr'><strong>et</strong></span> <span class='ocrx_word' id='word_1_207' title='bbox 624 3580 843 3648; x_wconf 88' lang='lat' dir='ltr'><strong>exsecutionis</strong></span> <span class='ocrx_word' id='word_1_208' title='bbox 866 3581 905 3646; x_wconf 88' lang='lat' dir='ltr'><strong>ab</strong></span> <span class='ocrx_word' id='word_1_209' title='bbox 922 3601 961 3647; x_wconf 93' lang='lat' dir='ltr'><strong>eo</strong></span> <span class='ocrx_word' id='word_1_210' title='bbox 978 3581 1089 3648; x_wconf 88' lang='lat' dir='ltr'><strong>sarciri</strong></span> <span class='ocrx_word' id='word_1_211' title='bbox 1101 3603 1241 3666; x_wconf 89' lang='lat' dir='ltr'><strong>aequum</strong></span> <span class='ocrx_word' id='word_1_212' title='bbox 1255 3599 1323 3664; x_wconf 87' lang='lat' dir='ltr'><strong>est,</strong></span> <span class='ocrx_word' id='word_1_213' title='bbox 1336 3582 1395 3666; x_wconf 92' lang='lat' dir='ltr'><strong>qui</strong></span> <span class='ocrx_word' id='word_1_214' title='bbox 1408 3598 1526 3667; x_wconf 91' lang='lat' dir='ltr'><strong>sponte</strong></span> 
     </span>
     <span class='ocr_line' id='line_1_28' title="bbox 345 3692 1526 3782; baseline 0.003 -24"><span class='ocrx_word' id='word_1_215' title='bbox 345 3692 413 3777; x_wconf 88' lang='lat' dir='ltr'><strong>juri</strong></span> <span class='ocrx_word' id='word_1_216' title='bbox 433 3713 499 3759; x_wconf 94' lang='lat' dir='ltr'><strong>non</strong></span> <span class='ocrx_word' id='word_1_217' title='bbox 518 3692 636 3778; x_wconf 89' lang='lat' dir='ltr'><strong>paruit.</strong></span> <span class='ocrx_word' id='word_1_218' title='bbox 683 3693 771 3759; x_wconf 91' lang='lat' dir='ltr'><strong>Hinc</strong></span> <span class='ocrx_word' id='word_1_219' title='bbox 791 3693 874 3760; x_wconf 90' lang='lat' dir='ltr'><strong>illud</strong></span> <span class='ocrx_word' id='word_1_220' title='bbox 897 3708 965 3759; x_wconf 88' lang='lat' dir='ltr'><strong>est:</strong></span> <span class='ocrx_word' id='word_1_221' title='bbox 988 3697 1149 3780; x_wconf 78' lang='lat' dir='ltr'><strong>impensas</strong></span> <span class='ocrx_word' id='word_1_222' title='bbox 1169 3695 1248 3760; x_wconf 81' lang='lat' dir='ltr'><strong>belli</strong></span> <span class='ocrx_word' id='word_1_223' title='bbox 1269 3694 1338 3782; x_wconf 78' lang='lat' dir='ltr'><strong>lege</strong></span> <span class='ocrx_word' id='word_1_224' title='bbox 1353 3699 1439 3764; x_wconf 71' lang='lat' dir='ltr'><strong>uicti</strong></span> <span class='ocrx_word' id='word_1_225' title='bbox 1456 3717 1526 3761; x_wconf 87' lang='lat' dir='ltr'><strong>sus-</strong></span> 
     </span>
     <span class='ocr_line' id='line_1_29' title="bbox 347 3803 1642 3892; baseline 0.005 -22"><span class='ocrx_word' id='word_1_226' title='bbox 347 3819 503 3892; x_wconf 77' lang='lat' dir='ltr'><strong>cepturus</strong></span> <span class='ocrx_word' id='word_1_227' title='bbox 523 3810 547 3873; x_wconf 82' lang='lat'><strong>⁸.</strong></span> <span class='ocrx_word' id='word_1_228' title='bbox 592 3806 762 3873; x_wconf 92' lang='lat' dir='ltr'><strong>Postremo</strong></span> <span class='ocrx_word' id='word_1_229' title='bbox 785 3821 909 3873; x_wconf 88' lang='lat' dir='ltr'><strong>certum</strong></span> <span class='ocrx_word' id='word_1_230' title='bbox 933 3819 982 3871; x_wconf 92' lang='lat' dir='ltr'><strong>est</strong></span> <span class='ocrx_word' id='word_1_231' title='bbox 1005 3825 1098 3888; x_wconf 92' lang='lat' dir='ltr'><strong>eum,</strong></span> <span class='ocrx_word' id='word_1_232' title='bbox 1116 3806 1175 3888; x_wconf 90' lang='lat' dir='ltr'><strong>qui</strong></span> <span class='ocrx_word' id='word_1_233' title='bbox 1190 3807 1282 3890; x_wconf 92' lang='lat' dir='ltr'><strong>justo</strong></span> <span class='ocrx_word' id='word_1_234' title='bbox 1306 3807 1394 3873; x_wconf 88' lang='lat' dir='ltr'><strong>bello</strong></span> <span class='ocrx_word' id='word_1_235' title='bbox 1419 3806 1528 3874; x_wconf 93' lang='lat' dir='ltr'><strong>sciens</strong></span> <span class='ocrx_word' id='word_1_236' title='bbox 1641 3803 1642 3877; x_wconf 71' lang='lat' dir='ltr'><strong>i</strong></span> 
     </span>
    </p>
   </div>
   <div class='ocr_carea' id='block_1_3' title="bbox 345 4087 1529 4519">
    <p class='ocr_par' dir='ltr' id='par_1_10' title="bbox 345 4087 1529 4519">
     <span class='ocr_line' id='line_1_30' title="bbox 382 4087 1529 4153; baseline 0.003 -15"><span class='ocrx_word' id='word_1_237' title='bbox 382 4087 434 4139; x_wconf 88' lang='lat' dir='ltr'><strong>¹v.</strong></span> <span class='ocrx_word' id='word_1_238' title='bbox 457 4089 523 4139; x_wconf 82' lang='lat' dir='ltr'><strong>inira</strong></span> <span class='ocrx_word' id='word_1_239' title='bbox 546 4103 569 4139; x_wconf 88' lang='lat' dir='ltr'><strong>c.</strong></span> <span class='ocrx_word' id='word_1_240' title='bbox 590 4103 615 4148; x_wconf 86' lang='lat'><strong>7.</strong></span> <span class='ocrx_word' id='word_1_241' title='bbox 648 4087 734 4152; x_wconf 63' lang='lat' dir='ltr'><strong>&#39;Dim</strong></span> <span class='ocrx_word' id='word_1_242' title='bbox 760 4092 831 4152; x_wconf 91' lang='lat' dir='ltr'><strong>quod</strong></span> <span class='ocrx_word' id='word_1_243' title='bbox 846 4090 955 4151; x_wconf 88' lang='lat' dir='ltr'><strong>quisque</strong></span> <span class='ocrx_word' id='word_1_244' title='bbox 970 4088 1043 4148; x_wconf 85' lang='lat' dir='ltr'><strong>juris.</strong></span> <span class='ocrx_word' id='word_1_245' title='bbox 1061 4100 1109 4140; x_wconf 89' lang='lat' dir='ltr'><strong>tot.</strong></span> <span class='ocrx_word' id='word_1_246' title='bbox 1125 4090 1166 4139; x_wconf 87' lang='lat' dir='ltr'><strong>tit.</strong></span> <span class='ocrx_word' id='word_1_247' title='bbox 1182 4090 1226 4152; x_wconf 88' lang='lat' dir='ltr'><strong>[D.</strong></span> <span class='ocrx_word' id='word_1_248' title='bbox 1245 4104 1269 4139; x_wconf 81' lang='lat' dir='ltr'><strong>a.</strong></span> <span class='ocrx_word' id='word_1_249' title='bbox 1288 4091 1323 4153; x_wconf 72' lang='lat' dir='ltr'><strong>a]</strong></span> <span class='ocrx_word' id='word_1_250' title='bbox 1344 4090 1400 4140; x_wconf 89' lang='lat' dir='ltr'><strong>Cic.</strong></span> <span class='ocrx_word' id='word_1_251' title='bbox 1417 4092 1451 4139; x_wconf 87' lang='lat' dir='ltr'><strong>de</strong></span> <span class='ocrx_word' id='word_1_252' title='bbox 1471 4091 1529 4148; x_wconf 87' lang='lat' dir='ltr'><strong>inv.</strong></span> 
     </span>
     <span class='ocr_line' id='line_1_31' title="bbox 346 4179 1524 4245; baseline 0.003 -16"><span class='ocrx_word' id='word_1_253' title='bbox 346 4179 1524 4245; x_wconf 42' lang='lat' dir='ltr'><strong>Laffimmusswmusnwmn⁸vmoeqmap⁴mssmdn</strong></span> 
     </span>
     <span class='ocr_line' id='line_1_32' title="bbox 347 4270 1524 4336; baseline 0.003 -16"><span class='ocrx_word' id='word_1_254' title='bbox 347 4271 422 4320; x_wconf 85' lang='lat' dir='ltr'><strong>doril.</strong></span> <span class='ocrx_word' id='word_1_255' title='bbox 445 4273 463 4320; x_wconf 90' lang='lat'><strong>1.</strong></span> <span class='ocrx_word' id='word_1_256' title='bbox 487 4284 526 4321; x_wconf 88' lang='lat' dir='ltr'><strong>to.</strong></span> <span class='ocrx_word' id='word_1_257' title='bbox 547 4285 572 4321; x_wconf 88' lang='lat' dir='ltr'><strong>n.</strong></span> <span class='ocrx_word' id='word_1_258' title='bbox 594 4270 629 4335; x_wconf 71' lang='grc'><strong>3.]</strong></span> <span class='ocrx_word' id='word_1_259' title='bbox 667 4271 677 4303; x_wconf 78' lang='lat'><strong><em>⁶</em></strong></span> <span class='ocrx_word' id='word_1_260' title='bbox 702 4274 733 4321; x_wconf 91' lang='lat' dir='ltr'><strong>de</strong></span> <span class='ocrx_word' id='word_1_261' title='bbox 758 4286 812 4334; x_wconf 86' lang='lat' dir='ltr'><strong>rep.</strong></span> <span class='ocrx_word' id='word_1_262' title='bbox 829 4275 847 4321; x_wconf 90' lang='lat'><strong>1.</strong></span> <span class='ocrx_word' id='word_1_263' title='bbox 868 4287 889 4322; x_wconf 89' lang='lat'><strong>1.</strong></span> <span class='ocrx_word' id='word_1_264' title='bbox 907 4285 929 4322; x_wconf 91' lang='lat' dir='ltr'><strong>c.</strong></span> <span class='ocrx_word' id='word_1_265' title='bbox 947 4273 972 4321; x_wconf 88' lang='lat'><strong>6.</strong></span> <span class='ocrx_word' id='word_1_266' title='bbox 989 4273 1028 4336; x_wconf 89' lang='lat' dir='ltr'><strong>[p.</strong></span> <span class='ocrx_word' id='word_1_267' title='bbox 1047 4284 1118 4329; x_wconf 76' lang='lat'>1255·</span> <span class='ocrx_word' id='word_1_268' title='bbox 1139 4286 1160 4321; x_wconf 89' lang='lat'><strong>1.</strong></span> <span class='ocrx_word' id='word_1_269' title='bbox 1176 4287 1214 4322; x_wconf 90' lang='lat' dir='ltr'><strong>vs.</strong></span> <span class='ocrx_word' id='word_1_270' title='bbox 1231 4271 1267 4336; x_wconf 87' lang='lat'><strong>6.]</strong></span> <span class='ocrx_word' id='word_1_271' title='bbox 1303 4272 1401 4323; x_wconf 69' lang='lat' dir='ltr'><strong>‘vict</strong></span> <span class='ocrx_word' id='word_1_272' title='bbox 1417 4273 1524 4332; x_wconf 82' lang='lat' dir='ltr'><strong>dejure</strong></span> 
     </span>
     <span class='ocr_line' id='line_1_33' title="bbox 347 4362 1526 4428; baseline 0.003 -17"><span class='ocrx_word' id='word_1_273' title='bbox 347 4362 409 4411; x_wconf 90' lang='lat' dir='ltr'><strong>belli</strong></span> <span class='ocrx_word' id='word_1_274' title='bbox 426 4377 451 4411; x_wconf 93' lang='lat' dir='ltr'><strong>n.</strong></span> <span class='ocrx_word' id='word_1_275' title='bbox 471 4373 501 4422; x_wconf 83' lang='lat'><strong>17</strong></span> <span class='ocrx_word' id='word_1_276' title='bbox 518 4375 544 4412; x_wconf 89' lang='lat' dir='ltr'><strong>et</strong></span> <span class='ocrx_word' id='word_1_277' title='bbox 562 4375 594 4421; x_wconf 80' lang='lat' dir='ltr'><strong>so</strong></span> <span class='ocrx_word' id='word_1_278' title='bbox 611 4374 637 4412; x_wconf 89' lang='lat' dir='ltr'><strong>et</strong></span> <span class='ocrx_word' id='word_1_279' title='bbox 655 4375 695 4426; x_wconf 81' lang='lat'><strong>54.</strong></span> <span class='ocrx_word' id='word_1_280' title='bbox 713 4364 778 4413; x_wconf 85' lang='lat' dir='ltr'><strong>Bart.</strong></span> <span class='ocrx_word' id='word_1_281' title='bbox 795 4367 828 4414; x_wconf 91' lang='lat' dir='ltr'><strong>de</strong></span> <span class='ocrx_word' id='word_1_282' title='bbox 844 4377 951 4425; x_wconf 88' lang='lat' dir='ltr'><strong>repress.</strong></span> <span class='ocrx_word' id='word_1_283' title='bbox 967 4378 993 4425; x_wconf 89' lang='lat' dir='ltr'><strong>q.</strong></span> <span class='ocrx_word' id='word_1_284' title='bbox 1010 4378 1026 4428; x_wconf 85' lang='lat'>9</span> <span class='ocrx_word' id='word_1_285' title='bbox 1043 4365 1075 4412; x_wconf 87' lang='lat' dir='ltr'><strong>ad</strong></span> <span class='ocrx_word' id='word_1_286' title='bbox 1092 4376 1114 4422; x_wconf 74' lang='lat'><strong>3.</strong></span> <span class='ocrx_word' id='word_1_287' title='bbox 1133 4365 1209 4413; x_wconf 85' lang='lat' dir='ltr'><strong>Mart.</strong></span> <span class='ocrx_word' id='word_1_288' title='bbox 1225 4365 1304 4415; x_wconf 82' lang='lat' dir='ltr'><strong>Laud.</strong></span> <span class='ocrx_word' id='word_1_289' title='bbox 1321 4365 1439 4415; x_wconf 87' lang='lat' dir='ltr'><strong>debello</strong></span> <span class='ocrx_word' id='word_1_290' title='bbox 1457 4380 1484 4427; x_wconf 88' lang='lat' dir='ltr'><strong>q.</strong></span> <span class='ocrx_word' id='word_1_291' title='bbox 1504 4381 1526 4416; x_wconf 87' lang='lat'><strong>1.</strong></span> 
     </span>
     <span class='ocr_line' id='line_1_34' title="bbox 345 4450 1524 4519; baseline 0.003 -17"><span class='ocrx_word' id='word_1_292' title='bbox 345 4450 433 4505; x_wconf 80' lang='lat' dir='ltr'><strong>⁷1nst.</strong></span> <span class='ocrx_word' id='word_1_293' title='bbox 453 4456 484 4504; x_wconf 86' lang='lat' dir='ltr'><strong>de</strong></span> <span class='ocrx_word' id='word_1_294' title='bbox 501 4468 578 4515; x_wconf 88' lang='lat' dir='ltr'><strong>poen.</strong></span> <span class='ocrx_word' id='word_1_295' title='bbox 599 4466 659 4504; x_wconf 77' lang='lat' dir='ltr'><strong>tera.</strong></span> <span class='ocrx_word' id='word_1_296' title='bbox 674 4454 713 4504; x_wconf 82' lang='lat' dir='ltr'><strong>lit.</strong></span> <span class='ocrx_word' id='word_1_297' title='bbox 735 4459 748 4515; x_wconf 70' lang='lat'>5</span> <span class='ocrx_word' id='word_1_298' title='bbox 776 4469 796 4504; x_wconf 83' lang='lat' dir='ltr'><strong>r.</strong></span> <span class='ocrx_word' id='word_1_299' title='bbox 821 4454 853 4519; x_wconf 92' lang='lat'><strong>[1.</strong></span> <span class='ocrx_word' id='word_1_300' title='bbox 875 4470 902 4517; x_wconf 85' lang='lat'><strong>4.</strong></span> <span class='ocrx_word' id='word_1_301' title='bbox 929 4454 980 4518; x_wconf 87' lang='lat'>16.]</span> <span class='ocrx_word' id='word_1_302' title='bbox 1006 4466 1030 4504; x_wconf 89' lang='lat' dir='ltr'><strong>et</strong></span> <span class='ocrx_word' id='word_1_303' title='bbox 1048 4455 1077 4504; x_wconf 87' lang='lat' dir='ltr'><strong>c.</strong></span> <span class='ocrx_word' id='word_1_304' title='bbox 1093 4457 1125 4505; x_wconf 88' lang='lat' dir='ltr'><strong>de</strong></span> <span class='ocrx_word' id='word_1_305' title='bbox 1143 4455 1219 4504; x_wconf 86' lang='lat' dir='ltr'><strong>fruct.</strong></span> <span class='ocrx_word' id='word_1_306' title='bbox 1237 4467 1261 4504; x_wconf 87' lang='lat' dir='ltr'><strong>et</strong></span> <span class='ocrx_word' id='word_1_307' title='bbox 1277 4455 1315 4505; x_wconf 91' lang='lat' dir='ltr'><strong>lit.</strong></span> <span class='ocrx_word' id='word_1_308' title='bbox 1333 4456 1393 4517; x_wconf 83' lang='lat' dir='ltr'><strong>imp.</strong></span> <span class='ocrx_word' id='word_1_309' title='bbox 1413 4467 1461 4505; x_wconf 91' lang='lat' dir='ltr'><strong>tot.</strong></span> <span class='ocrx_word' id='word_1_310' title='bbox 1484 4457 1524 4506; x_wconf 90' lang='lat' dir='ltr'><strong>tit.</strong></span> 
     </span>
    </p>
   </div>
   <div class='ocr_carea' id='block_1_4' title="bbox 349 4544 840 4611">
    <p class='ocr_par' dir='ltr' id='par_1_11' title="bbox 349 4544 840 4611">
     <span class='ocr_line' id='line_1_35' title="bbox 349 4544 840 4611; baseline 0.014 -18"><span class='ocrx_word' id='word_1_311' title='bbox 349 4545 392 4608; x_wconf 88' lang='lat' dir='ltr'><strong>[c.</strong></span> <span class='ocrx_word' id='word_1_312' title='bbox 412 4557 436 4604; x_wconf 83' lang='lat'><strong>7.</strong></span> <span class='ocrx_word' id='word_1_313' title='bbox 457 4545 510 4609; x_wconf 78' lang='lat' dir='ltr'><strong>sn]</strong></span> <span class='ocrx_word' id='word_1_314' title='bbox 545 4544 636 4611; x_wconf 74' lang='lat' dir='ltr'><strong>⁸Just.</strong></span> <span class='ocrx_word' id='word_1_315' title='bbox 655 4548 671 4596; x_wconf 86' lang='lat' dir='ltr'><strong>l.</strong></span> <span class='ocrx_word' id='word_1_316' title='bbox 689 4559 729 4606; x_wconf 75' lang='lat'><strong>33·</strong></span> <span class='ocrx_word' id='word_1_317' title='bbox 749 4549 784 4601; x_wconf 86' lang='lat' dir='ltr'><strong>[c.</strong></span> <span class='ocrx_word' id='word_1_318' title='bbox 806 4549 840 4600; x_wconf 77' lang='lat' dir='ltr'><strong>td</strong></span> 
     </span>
    </p>
   </div>
   <div class='ocr_carea' id='block_1_5' title="bbox 0 0 1660 5482">
    <p class='ocr_par' dir='ltr' id='par_1_12' title="bbox 0 0 1660 5482">
     <span class='ocr_line' id='line_1_36' title="bbox 0 0 1660 5482; baseline 0 0"><span class='ocrx_word' id='word_1_319' title='bbox 0 0 1660 5482; x_wconf 95' lang='lat' dir='ltr'><strong> </strong></span> 
     </span>
    </p>
   </div>
  </div>
 </body>
</html>
