3362 5504
311 566 386 646 ‚266
588 545 589 550 ἵ
642 581 689 626 oa
713 583 806 648 June
833 581 1016 629 rannone.
1041 581 1121 627 car.
1145 583 1209 629 xrr.

324 739 514 806 volentibus
536 739 673 822 capitur.
719 736 797 802 Sive
828 735 930 820 igitur
952 741 1041 805 hunc
1070 737 1167 805 finem
1192 739 1346 804 volumus
1368 736 1499 818 fuisse,

324 867 363 916 ut
385 851 499 916 damna
530 869 563 916 et
593 866 721 917 sumtus
754 866 1000 934 repararentur,
1025 853 1095 918 sive
1124 851 1220 917 etiam
1244 869 1283 919 ut
1304 853 1499 936 iniquorum

324 963 446 1029 malitia
467 978 688 1044 averteretur,
712 965 792 1029 alter
814 963 935 1030 sufficit
958 979 989 1030 et
1010 979 1147 1046 uterque
1167 965 1238 1030 sine
1261 965 1364 1032 dubio
1383 966 1500 1050 justus

178 1095 215 1139 aa
241 1097 311 1140 coner.
325 1091 384 1140 est.
430 1075 587 1143 Evolutis
610 1075 716 1142 causis
738 1077 913 1157 omnibus,
934 1076 1061 1160 justum
1086 1078 1148 1142 hoc
1172 1097 1241 1143 esse
1260 1077 1384 1142 bellum
1404 1076 1501 1142 Indi-

179 1150 220 1195 ’γ’
325 1207 379 1251 cae
399 1187 641 1254 Hollandorum
661 1187 829 1255 societatis
849 1187 882 1253 in
899 1189 1101 1268 Lusitanos,
1125 1189 1166 1254 ad
1185 1209 1270 1272 quos
1291 1189 1384 1256 navis
1401 1205 1502 1273 capta

178 1298 227 1398 ᾗῇ.
241 1299 314 1344 ‘m'-
324 1299 509 1382 pertinuit,
533 1302 810 1385 pronuntiamus3
837 1321 937 1384 quare
968 1314 1000 1366 et
1026 1301 1176 1384 praedam
1206 1303 1327 1386 justam
1360 1301 1501 1368 omnino

324 1411 449 1487 fuisse,
474 1429 512 1478 ut
543 1427 654 1480 nostra
677 1413 839 1498 principia
862 1413 1035 1480 declarant.
1081 1413 1220 1478 Etcum
1242 1412 1503 1480 evidentissimis

181 1527 218 1572 Et
242 1528 312 1594 ‘rt'-
325 1525 508 1592 rationibus
529 1526 785 1592 demonstratum
805 1525 870 1606 sit,
890 1526 1040 1608 praedam
1057 1545 1186 1592 omnem
1206 1545 1250 1590 ex·
1260 1526 1347 1591 bello
1364 1524 1502 1608 privato

175 1581 312 1696 aqi-”⁸¹⁰⁸
325 1656 431 1719 usque
455 1638 495 1703 ad
518 1637 620 1704 debiti
639 1635 894 1738 satisfactionem
914 1638 1021 1720 primo
1042 1639 1112 1722 ejus
1130 1636 1225 1717 fieri,
1243 1635 1302 1718 qui
1322 1636 1397 1702 belli
1413 1633 1502 1721 justi

324 1764 440 1815 auctor
471 1763 543 1830 est,
575 1748 669 1815 facile
701 1749 897 1834 intelligitur
916 1769 1077 1815 caraccam
1103 1751 1187 1815 hanc
1215 1763 1393 1832 captasque
1413 1767 1502 1814 mer·
1562 1795 1565 1800 ψ
1667 1731 1668 1764 ³

325 1881 401 1941 ces,
426 1880 509 1944 quas
531 1862 571 1927 ad
592 1861 695 1928 debiti
717 1861 918 1928 solutionem
938 1861 1084 1928 nondum
1108 1861 1254 1928 sufficere
1275 1861 1500 1941 ostendimus,

324 1973 474 2040 societati
506 1974 637 2040 Indicae
669 1993 739 2040 esse
762 1973 963 2056 acquisitas,
988 1995 1072 2057 quae
1095 1973 1165 2040 suis
1187 1973 1352 2039 sumtibus
1371 1973 1501 2038 bellum
1531 1995 1540 2004 ·

325 2084 408 2174 illud
431 2085 680 2152 administravit.
704 2086 842 2152 Planum
866 2087 951 2153 enim
970 2085 1128 2166 fecimus,
1144 2104 1211 2152 non
1227 2086 1334 2151 minus
1352 2105 1391 2150 ex
1406 2085 1500 2150 bello

326 2196 476 2279 privato,
499 2217 596 2279 quam
617 2199 754 2281 publico
777 2198 928 2282 praedam
951 2198 1147 2283 contingere.
1192 2197 1317 2263 Verum
1338 2197 1434 2263 etiam
1447 2195 1500 2260 illi

325 2308 383 2390 qui
404 2309 512 2374 verbis
535 2309 742 2392 discrepant,
770 2310 811 2375 ad
834 2311 916 2376 hanc
940 2309 1164 2393 quaestionem
1187 2309 1278 2391 quod
1300 2309 1439 2387 attinet,
1462 2327 1501 2372 re

325 2419 394 2502 ipsa
427 2422 649 2488 consentiunt.
695 2423 853 2487 Fatentur
888 2421 973 2487 eninr
1007 2441 1118 2488 omnes
1138 2422 1173 2503 1,
1198 2421 1225 2486 si
1254 2420 1358 2506 judex
1387 2419 1500 2500 desit,

326 2531 422 2596 etiam
453 2553 492 2597 ex
523 2532 697 2600 intervallo
726 2534 768 2599 ad
790 2533 1068 2616 recuperationem
1091 2553 1198 2599 rerum
1229 2547 1261 2599 et
1282 2531 1384 2598 debiti
1407 2551 1500 2598 com-

324 2643 569 2726 pensationem,
593 2646 627 2710 in
652 2666 749 2728 quarn
780 2659 812 2710 et
833 2660 961 2712 sumtus
980 2645 1140 2724 veniunt,
1164 2661 1216 2711 res
1236 2643 1500 2710 adversariorum

325 2755 396 2839 capi
419 2777 540 2840 posse,
573 2757 636 2823 nisi
658 2758 750 2841 quod
772 2757 923 2823 nonnulli
944 2757 1041 2823 certis
1064 2756 1193 2822 casibus
1217 2755 1392 2839 requirunt
1418 2756 1501 2821 sub-

326 2883 516 2950 sequentem
536 2850 658 2955 judicis
681 2868 892 2934 sententiam:
918 2888 1002 2951 quac
1025 2888 1098 2933 cum
1122 2869 1205 2933 hanc
1226 2867 1377 2950 praedam
1402 2887 1500 2934 secu·

166 2993 198 3094 ᾖ
210 2993 267 3092 gne
286 3005 312 3054 p.
325 2993 358 3044 ta
381 2979 424 3046 sit
446 2983 537 3046 nulla
568 2981 768 3064 relinquitur
796 2980 969 3046 dubitatio.
1012 2980 1083 3065 Jam
1113 3001 1212 3058 vero,
1237 2978 1328 3061 quod
1355 2978 1500 3060 amplius

194 3080 201 3093 ⁰
232 3060 398 3174 p'uq'est,
432 3093 551 3158 docent
582 3092 772 3159 scholastici
794 3093 830 3173 ²,
863 3095 1015 3178 quamtis
1043 3091 1161 3156 bellum
1194 3094 1238 3156 sit
1269 3091 1432 3176 injustum
1456 3111 1500 3154 ex

325 3225 452 3285 eausa,
477 3207 611 3284 animo,
630 3220 774 3290 persona
798 3217 829 3268 et
853 3206 1082 3283 auctoritate,
1107 3216 1217 3267 tamen
1241 3205 1270 3266 si
1292 3198 1343 3266 re's
1367 3201 1499 3282 subsit,

326 3318 408 3400 quia
440 3315 566 3379 scilieet
591 3329 655 3399 pro
688 3316 784 3379 rebus
817 3313 999 3399 repetendis
1025 3313 1254 3398 factumest,
1279 3312 1432 3398 intellige
1457 3333 1499 3376 ex

325 3425 531 3506 intervallo,
564 3446 635 3489 eum
667 3429 726 3510 qui
758 3425 878 3490 bellurn
911 3428 1012 3492 morit
1035 3429 1072 3488 in
1094 3427 1294 3490 conscientia
1317 3426 1501 3488 restituere

326 3558 390 3602 nort
413 3540 520 3602 terreri
531 3583 542 3618 ,
567 3540 634 3601 nisi
656 3540 820 3624 acceperit
842 3535 897 3604 rel
913 3533 1183 3618 damnificarerit
1203 3535 1419 3620 ultraquam
1437 3532 1500 3600 ad-

325 3653 498 3716 rersartus
521 3649 680 3713 habuerit
702 3649 825 3734 injuste
847 3646 887 3714 de
909 3669 975 3713 suo.
1011 3646 1057 3712 Et
1072 3649 1152 3712 haec
1175 3646 1302 3712 ratione
1326 3644 1501 3710 societatis

325 3759 455 3826 Indicae
491 3760 755 3840 Hollaudorum,
791 3773 953 3841 quatenus
986 3779 1046 3841 pro
1078 3778 1113 3824 se
1146 3779 1231 3824 arma
1257 3756 1385 3837 movit,
1410 3756 1499 3821 dicta

327 3885 436 3936 sunto.
481 3871 606 3937 Eodem
630 3871 729 3938 modo
753 3871 835 3953 quin
858 3891 943 3937 arma
959 3890 1090 3937 movere
1106 3870 1254 3952 potuerit
1267 3889 1328 3953 pro
1347 3867 1499 3953 injuriis,

328 4002 411 4064 quae
439 3981 536 4049 sociis
568 3997 600 4048 et
629 3983 741 4049 amicis
771 3981 940 4066 ipsorum,
971 3997 1050 4065 puta
1076 3980 1226 4048 societati
1251 3980 1499 4060 Zelandorum,

330 4199 516 4210 ——.-.-.

337 4353 418 4403 .¹V.
442 4356 483 4402 all.
506 4354 532 4402 in
556 4355 638 4415 princ.
655 4368 678 4402 c.
703 4368 741 4401 ιο.
764 4366 789 4401 et
815 4356 878 4402 adde
903 4356 969 4402 Bart.
995 4356 1025 4402 de
1042 4367 1150 4414 repress.
1166 4367 1192 4413 q.
1207 4367 1231 4414 9.
1246 4366 1270 4400 n.
1286 4365 1311 4412 4.
1331 4351 1399 4399 circa
1415 4349 1500 4398 linem.

326 4441 336 4475 ²
353 4445 416 4495 silv.
432 4446 458 4494 in
473 4461 498 4494 v.
512 4448 609 4494 Bellum
630 4460 651 4494 r.
667 4449 688 4503 ξ.
706 4459 743 4493 10.
