3326 5506
455 603 506 648 'DE
530 602 624 668 JURE
650 601 835 649 PRAEDAE·
862 600 941 646 CAP.
966 601 1015 646 xi.
1248 599 1308 662 199

135 771 262 822 caetera
295 758 365 842 ejus
388 754 523 823 ditionis
547 755 669 839 oppida
692 755 902 822 munimentis
926 755 1091 835 invalida,
1116 767 1185 818 tum
1208 773 1309 838 pagos

135 887 250 934 omnes
266 865 470 951 'irrumpunt
508 882 718 950 vastantque.
774 868 812 932 In
847 865 995 933 homines
1030 864 1139 929 eadem
1174 865 1311 930 saevitia

136 995 294 1063 usurpata
328 994 397 1063 est,
441 999 537 1062 quam
578 998 673 1061 saepe
707 977 859 1044 civitates
893 976 1042 1061 Belgicae
1077 976 1116 1040 ab
1152 976 1310 1058 Hispanis

135 1111 307 1174 perpessae
338 1105 427 1157 sunt.
473 1090 511 1156 lu
543 1090 699 1157 caedibus
730 1108 797 1155 non
832 1107 929 1156 sexus
954 1091 1082 1169 ullum,
1106 1105 1172 1178 non
1196 1087 1310 1154 aetatis

135 1202 331 1282 discrimen,
364 1200 466 1269 occisi
498 1202 619 1284 passim
644 1217 677 1267 et
699 1197 841 1267 infantes
866 1215 898 1266 et
920 1199 1080 1266 feminae:
1117 1219 1176 1266 nec
1210 1199 1310 1264 occisi

136 1328 285 1380 tantum:
319 1314 374 1381 alii
406 1329 536 1380 teneros
568 1318 657 1379 artus
689 1326 860 1396 parentum
892 1326 967 1377 aute
1000 1331 1057 1377 ora
1088 1311 1310 1388 dissecabant,

137 1426 191 1490 alii
226 1424 478 1512 praegnantium
515 1427 607 1491 alvos
640 1438 672 1490 et
703 1423 901 1490 certissimae
936 1422 1143 1490 innocentiae
1176 1441 1311 1504 corpora

138 1537 255 1620 gladiis
286 1537 529 1603 scrutabantur.
576 1536 666 1601 Haec
699 1550 775 1619 post
798 1536 944 1618 exempla
966 1553 1039 1617 pars
1062 1533 1310 1618 indigenarum,

138 1649 262 1730 quibus
295 1648 451 1730 temporis
483 1647 689 1732 indulgentia
720 1637 833 1731 fugam
866 1646 1085 1732 largiebatur,
1108 1645 1232 1710 relictis
1255 1665 1311 1727 pe·

138 1760 272 1826 natibus
294 1758 502 1841 fortunisque
525 1757 646 1839 avitis,
680 1759 712 1824 in
736 1761 810 1824 loca
832 1759 960 1824 deserta
983 1771 1017 1822 et
1038 1772 1094 1822 aut
1117 1756 1211 1821 silvis
1234 1757 1311 1821 hor·

138 1870 262 1950 tentia,
294 1885 351 1937 aut
383 1871 553 1937 montibus
582 1871 717 1953 abrupta
741 1889 775 1936 se
798 1869 992 1936 conferunt:
1016 1888 1090 1950 pars
1113 1867 1146 1932 in
1169 1865 1309 1933 vicinam

140 1979 281 2044 insulam
316 1980 433 2046 Ceram
468 1994 648 2046 transeunt.
694 1979 820 2046 Eodem
859 1978 946 2046 forte
980 1979 1132 2045 Batauam
1168 1980 1310 2044 celocem

141 2091 371 2173 Wolpbatdus
394 2091 545 2159 miserat:
569 2091 638 2174 ipse
656 2101 700 2156 'eo
723 2105 869 2174 tempore
891 2090 979 2174 apud
1000 2090 1142 2156 Bandam
1165 2091 1312 2156 moraba-

138 2216 205 2267 tur.
250 2200 368 2287 Legati
401 2202 664 2269 Ambonensium
697 2202 795 2282 laeti,
827 2217 866 2268 ut
898 2203 982 2268 inter
1014 2215 1119 2267 tantas
1142 2201 1311 2282 miserias,

140 2311 275 2379 inventa
297 2334 373 2380 cum
396 2315 506 2380 celoce
530 2313 670 2380 Bandam
693 2312 960 2396 proficiscuntur.
983 2311 1132 2379 Admissi
1155 2313 1195 2377 acl
1220 2333 1313 2395 prae-

138 2421 263 2490 fectum
289 2446 326 2490 eo
348 2427 468 2508 vultu,
491 2445 589 2508 quem
621 2443 773 2508 praesens
805 2422 937 2490 fortuna
965 2423 1104 2507 fecerat,
1139 2423 1312 2490 interrum-

140 2536 296 2618 pentibus
322 2536 417 2602 etiam
437 2536 596 2618 lacrimis,
622 2555 705 2618 quae
733 2535 796 2602 sibi
825 2535 1019 2602 accidissent
1048 2550 1312 2602 commemorant.

141 2647 304 2728 Addunt,
328 2648 421 2730 quod
442 2648 520 2715 satis
545 2648 738 2730 constabat,
763 2647 910 2714 evenisse
932 2647 1013 2714 haec
1035 2645 1120 2728 sibi,
1146 2646 1225 2728 quia
1252 2646 1313 2710 Ba-

141 2772 237 2825 tavos
260 2759 463 2825 commerciis
494 2749 686 2826 coluissent
731 2758 876 2824 Orabant
896 2757 998 2843 igitur
1019 2777 1076 2840 per
1096 2757 1228 2836 Deum,
1253 2757 1311 2838 qui

142 2884 206 2935 tarn
244 2868 351 2936 felices
375 2871 487 2937 oceani
511 2891 650 2952 cursus,
675 2869 732 2952 qui
756 2885 820 2934 tam
837 2869 991 2964 ¹egregios
1014 2868 1082 2933 illis
1102 2888 1141 2932 ex
1163 2867 1313 2950 Hispano

140 2981 328 3063 triumphos
359 2975 555 3066 largiretur,
589 3001 647 3064 per
667 2980 828 3066 justitiam
854 2979 1094 3044 Hollandorum
1118 2979 1312 3063 negotiatio-

143 3091 241 3158 nibus
262 3092 447 3178 cognitam,
479 3114 538 3176 per
570 3093 657 3158 illam
682 3091 798 3174 fidem,
819 3106 922 3173 'quam
941 3090 1070 3176 judicio
1095 3090 1199 3155 secuti
1223 3109 1311 3155 nunc

144 3203 296 3268 ultimum
319 3203 484 3280 ¹haberent
517 3204 616 3270 rebus
648 3204 787 3287 perditis
819 3202 1026 3282 subsidium,
1066 3221 1106 3267 ne
1141 3221 1175 3268 se
1208 3202 1312 3286 patria

145 3330 289 3381 extorres
332 3330 529 3400 egentesque
568 3333 674 3380 rerum
716 3314 884 3395 omnium,
904 3313 1146 3399 ¹crudelissimo
1181 3313 1314 3397 insuper
1381 3397 1387 3412 ἢ

145 3426 233 3493 hosti
253 3426 432 3492 ludibrium
452 3427 568 3493 debere
587 3441 783 3510 paterentur.
807 3426 969 3514 Quemvis
988 3425 1170 3506 hominem,
1194 3425 1313 3492 nedum

146 3538 372 3620 Hellandum,
405 3541 468 3605 hoc
499 3555 548 3605 est
569 3538 679 3606 mitem
713 3553 827 3604 natura
850 3558 886 3602 ac
909 3537 1151 3605 misericordem
1183 3557 1314 3604 movere

147 3651 225 3715 haec
260 3650 372 3732 potuit
400 3650 524 3716 oratio:
558 3671 617 3716 nec
649 3639 765 3717 leviter
797 3668 872 3716 sane
905 3649 1091 3715 indoluerat
1111 3647 1314 3731 praefectus:

146 3763 203 3828 sed
224 3761 361 3827 videbat
381 3781 447 3828 non
470 3782 566 3845 posse
589 3761 720 3840 illorum
733 3779 830 3827 eausa
842 3759 950 3826 omitti
962 3761 1143 3826 mandatam
1156 3760 1315 3843 imprimis

145 3873 412 3958 negotiationem.
435 3874 481 3940 Et
500 3873 576 3939 anni
595 3888 725 3956 tempus
744 3872 908 3938 mercandi
927 3871 1129 3956 diligentiam
1148 3874 1314 3955 poscebat.

147 3985 295 4052 Excusat
327 3985 428 4070 igitur
461 4004 521 4067 se,
558 4001 591 4051 et
622 4005 748 4069 sperare
783 3984 828 4050 ait
861 3984 1021 4050 ultionem
1053 3983 1313 4050 Ambonensium

146 4095 293 4180 Principi
316 4097 429 4179 reique
450 4098 602 4180 publicae
625 4095 821 4164 batavorum
845 4096 936 4163 cordi
959 4095 1039 4161 fore.
1085 4095 1186 4182 Quod
1212 4114 1313 4162 unum

147 4209 229 4274 ratio
254 4209 409 4292 temporis
426 4209 655 4292 permittebat,
679 4209 851 4292 captivos,
876 4226 961 4290 quos
985 4206 1109 4290 praelio
1131 4206 1163 4271 in
1184 4207 1314 4274 Sundae

148 4320 307 4404 angustiis
327 4321 502 4387 commisso
526 4334 640 4386 nactus
661 4319 789 4402 fuerat,
815 4319 990 4403 ipsumque
1011 4320 1095 4383 inter
1116 4317 1191 4382 illos
1213 4319 1313 4384 Fran·

148 4431 267 4498 ciscum
292 4433 447 4514 Sousam,
460 4433 531 4498 sine
542 4432 648 4515 pretio
672 4410 793 4498 liberos
812 4431 844 4496 in
868 4433 1052 4498 Ambonam
1074 4430 1114 4494 ad
1135 4428 1313 4495 Lusitanos
