3362 5504
378 593 442 652 desa
471 591 578 652 achron
613 591 707 651 Theils
736 591 788 650 der·
820 589 1053 654 Orientalr'scbeu
1081 590 1193 650 Indien.
1214 589 1401 665 Franckfurt
1422 611 1472 650 am

378 696 483 771 Mayn.
508 698 593 758 1606.
615 697 692 756 Sunt
713 700 743 756 t'n
765 697 867 755 altera
889 693 974 772 hujus
995 697 1067 754 libri
1081 692 1290 773 praefatione,
1310 713 1386 770 quae
1405 701 1471 770 agit

376 801 557 875 Belangendt
577 801 623 860 die
648 798 799 859 Ursachen
820 798 872 858 der
893 798 1054 858 Hollr'r'nder
1065 799 1351 874 diesewer'tgelegene
1364 799 1471 858 Oerter

377 902 570 975 zuersuchen,
591 903 672 963 unnd
687 902 747 963 sich
765 904 869 963 wieder
879 902 925 962 die
937 905 1062 981 Spanier
1072 902 1152 961 undd
1160 905 1336 978 Portugesen
1346 902 1472 962 doselbsr

374 1005 533 1082 feindtlich
554 1013 743 1083 zuerzeigen,
760 1009 893 1083 gestellet
914 1005 1006 1066 durch
1027 1008 1062 1065 B.
1083 1008 1118 1065 P.
1138 1008 1174 1064 B.
1196 1007 1242 1065 M.
1262 1009 1302 1066 D.
1318 1020 1350 1084 p.
1376 1023 1421 1065 11.
1433 1024 1472 1081 sq.

421 1111 519 1171 Verrio
542 1112 655 1171 Latina
676 1111 905 1170 documentorum
925 1129 945 1168 a
967 1130 1009 1169 me
1029 1107 1162 1185 confecta
1183 1123 1236 1169 est.

785 1282 968 1292 -0-—-—-
977 1281 982 1290 a

871 1377 906 1476 Ι.

565 1594 716 1653 Eurorum
749 1593 906 1652 Onoruum
938 1609 1204 1652 foeneratorum.

743 1698 779 1756 A.
805 1711 890 1770 1599.
911 1697 988 1755 Aen.
1007 1713 1035 1754 a.

802 1851 886 1860 nnn—-
903 1849 980 1860 —-—

341 1948 486 2027 Quoniam
522 1947 654 2005 omnibus
685 1945 850 2004 hominibus
881 1945 909 2002 in
947 1943 1022 2002 diem
1050 1945 1138 2018 magis
1169 1956 1284 2003 constat
1313 1945 1387 2003 hanc
1416 1961 1475 2004 esse

301 2062 424 2110 mentem
448 2050 644 2125 Hispanorum
666 2050 775 2123 quique
794 2049 862 2123 ipsis
880 2047 989 2107 addicti
1009 2059 1077 2107 sunt
1097 2059 1126 2107 et
1145 2049 1180 2106 ab
1199 2047 1325 2122 ipsorum
1343 2049 1475 2123 partibus

302 2166 395 2226 stant,
424 2166 458 2214 ut
488 2171 547 2213 non
576 2153 663 2212 modo
686 2154 815 2227 Belgicus
837 2153 967 2226 regiones
989 2169 1054 2210 cum
1076 2153 1179 2210 incolis
1201 2153 1232 2211 vi
1253 2163 1283 2212 et
1305 2151 1407 2211 fraude
1429 2170 1476 2212 su·

301 2259 392 2332 perbo
413 2275 466 2317 suo
486 2269 515 2317 et
539 2259 694 2333 tyrannico
716 2257 838 2331 imperio
858 2257 1000 2330 subjicere
1017 2257 1130 2327 velint,
1152 2255 1200 2314 sed
1222 2255 1266 2313 his
1286 2257 1367 2315 annis
1389 2257 1475 2315 etiam

302 2363 395 2436 copiis
434 2362 609 2420 militaribus
648 2372 735 2435 atque
774 2359 884 2419 insidiis
917 2360 1039 2418 Galliam
1066 2371 1096 2417 et
1125 2360 1304 2418 Britanniam
1343 2359 1476 2433 subigere

301 2477 461 2536 conentur,
489 2477 574 2538 atque
595 2464 667 2523 adeo
688 2482 753 2523 cum
774 2462 804 2522 id
825 2480 854 2522 se
876 2463 970 2522 facere
991 2480 1049 2521 non
1071 2479 1152 2536 posse
1178 2462 1331 2533 viderent,
1362 2463 1475 2520 vicinos

301 2571 451 2628 Electores
479 2579 509 2627 et
536 2569 606 2627 alios
635 2569 751 2643 Imperii
784 2568 949 2626 Germanici
983 2566 1134 2640 Principes
1160 2567 1238 2625 bello
1260 2567 1400 2640 petierint
1422 2582 1476 2624 nec

301 2674 388 2733 veriti
416 2675 474 2732 sint
505 2674 590 2732 urbes
621 2689 721 2731 eorum
752 2669 883 2730 obsidere
910 2681 940 2729 et
968 2672 1120 2729 tormentis
1149 2686 1332 2744 expugnare,
1361 2686 1474 2743 magnas

300 2778 335 2835 ab
363 2779 398 2836 iis
425 2777 561 2852 pecunias
587 2777 723 2851 exigere,
742 2792 825 2850 agros
844 2776 929 2834 etlam
958 2775 1110 2848 populari,
1131 2785 1275 2833 matronas
1294 2783 1324 2832 et
1347 2775 1475 2848 virgines

301 2883 427 2952 violare,
452 2882 549 2940 omnia
576 2880 700 2954 denique
728 2878 878 2948 caedibus,
899 2876 1042 2936 incendiis
1061 2889 1091 2935 et
1113 2879 1220 2951 rapinis
1239 2878 1376 2951 implere:
1399 2895 1473 2951 quae

301 3002 367 3044 cum
398 2995 615 3060 perpetrarent,
645 3001 681 3042 ne
712 2982 925 3057 Principalibus
951 2979 1067 3054 quidem
1089 2979 1223 3039 domibus
1250 2983 1298 3039 vel
1326 2982 1476 3040 Comitum

301 3090 482 3163 aliorumque
509 3088 652 3147 nobilium
684 3087 798 3146 familiis
826 3095 1038 3160 pepercerunt,
1069 3096 1102 3144 ut
1130 3096 1211 3159 paret
1234 3102 1249 3143 e
1270 3084 1477 3144 crudelissimis

301 3194 494 3264 facinoribus,
525 3193 630 3266 quibus
659 3192 702 3249 his
734 3189 835 3250 diebus
858 3191 1058 3248 Electoratum
1090 3189 1249 3260 Coloniae,
1276 3189 1477 3263 Principatum

302 3297 467 3355 Cllvensem
499 3307 528 3355 et
558 3297 749 3378 Bergensem,
777 3295 985 3368 Episcopatum
1016 3293 1189 3350 Monasterii
1210 3302 1239 3351 ct
1261 3293 1375 3351 vicinos
1395 3295 1477 3350 locos

302 3398 472 3459 foedarunt:
495 3398 564 3458 baec
587 3417 652 3458 cum
674 3401 713 3458 ita
736 3401 793 3458 sint
815 3409 844 3456 et
866 3398 984 3471 insuper
1005 3407 1118 3455 constet
1140 3396 1287 3454 ministros
1315 3395 1477 3470 tyrannidis

304 3504 449 3577 Hispanae
471 3503 638 3577 importune
657 3504 774 3578 gloriari
797 3519 856 3559 non
878 3511 1038 3559 cessaturos
1060 3498 1291 3573 necquidquam
1311 3501 1479 3559 remissuros

304 3605 340 3665 de
368 3605 547 3681 cupiditate,
577 3605 750 3666 crudelitate
778 3617 808 3665 et
837 3603 1005 3663 dominandi
1027 3602 1166 3678 libidine,
1189 3603 1218 3662 in
1241 3621 1289 3662 eos
1310 3603 1478 3679 praesertim

304 3710 469 3783 Electores,
502 3709 669 3784 Principes,
699 3709 847 3779 Comites,
873 3709 1002 3781 aliosque
1031 3705 1163 3765 dominos
1193 3719 1222 3767 et
1253 3707 1401 3783 subditos,
1427 3709 1478 3782 qui

305 3810 371 3870 fidei
400 3812 570 3871 Catholicae
597 3811 705 3870 addicti
728 3829 786 3870 non
808 3813 882 3882 sint,
903 3810 996 3869 donec
1017 3827 1115 3869 omnes
1138 3811 1190 3870 sub
1210 3810 1311 3885 iugum
1334 3813 1479 3886 Hispano-

304 3932 368 3973 rum
391 3913 554 3988 redegerint
570 3926 599 3973 et
617 3930 714 3973 veram
734 3913 817 3972 iidem
837 3915 1031 3973 Christianam
1051 3913 1231 3973 deleverint:
1248 3930 1375 3988 cumque
1392 3917 1478 3975 etiam

304 4019 333 4075 in
356 4017 524 4079 civitatibus
545 4029 575 4075 et
596 4016 717 4075 diversis
739 4019 905 4092 regionibus
927 4019 1043 4092 Imperii
1066 4001 1232 4077 Germanici
1256 4017 1340 4077 fidem
1360 4031 1390 4079 et
1408 4021 1480 4095 reip.

305 4121 424 4177 formam
454 4123 545 4195 palam
572 4122 602 4178 vi
624 4131 653 4178 et
673 4122 757 4179 minis
779 4124 920 4180 mutarint
941 4139 974 4180 ac
995 4120 1119 4196 gaudere
1141 4139 1169 4180 se
1190 4121 1379 4197 praedicent,
1400 4122 1481 4198 quod

305 4224 454 4282 Electores
483 4224 589 4296 aliique
621 4224 769 4299 Principes
798 4237 827 4284 et
858 4226 971 4283 nobiles
1003 4224 1140 4284 adversus
1174 4243 1202 4284 se
1232 4242 1308 4284 arma
1331 4228 1481 4301 ceperint,

305 4327 440 4400 quoniam
470 4327 511 4384 ita
537 4343 566 4384 se
591 4329 692 4386 melius
713 4330 895 4403 propositum
917 4341 1099 4388 assecuturos
1122 4340 1255 4404 sperent:
1277 4347 1404 4405 cumque
1428 4347 1480 4389 rex

306 4430 462 4503 Hispaniae
493 4441 522 4488 et
554 4433 624 4506 regii
647 4433 757 4506 generis
788 4433 939 4512 Principes
961 4445 990 4492 et
1009 4444 1122 4493 senatus
1146 4433 1345 4508 Hispaniensis
1368 4444 1425 4493 tam
1449 4435 1478 4492 in
