3316 5494
348 575 390 652 98
652 581 699 628 un
722 580 816 646 June
842 577 1029 628 insensu·
1051 579 1132 628 css.
1155 577 1236 628 v111.

347 745 419 830 lege
442 755 547 818 sexu,
570 737 704 820 exlege
728 734 854 818 quinta.
898 733 985 802 Nam
1009 733 1113 817 prima
1135 731 1287 818 opposita
1308 732 1434 812 tertiae,
1459 752 1529 800 non

349 853 489 938 recipit,
513 867 551 920 ut
570 848 714 916 diximus
733 846 851 931 judicii
872 845 1108 914 necessitatem.
1153 844 1322 912 Posterius
1344 860 1452 910 autem
1478 861 1529 912 est

348 965 428 1034 belli
449 961 578 1050 jussio,
611 958 681 1026 sive
702 957 867 1024 decretum
891 956 1090 1040 reipublicae
1122 970 1178 1022 aut
1200 955 1409 1042 magistratus
1433 957 1527 1042 τρυε,

350 1075 405 1144 cui
434 1073 572 1158 cujusve
603 1069 669 1136 civi
701 1067 788 1136 facta
819 1068 937 1152 injuria
971 1083 1020 1136 est
1043 1073 1074 1147 ¹,
1107 1087 1176 1150 quo
1199 1068 1432 1134 condemnatur
1451 1088 1529 1150 pars

350 1187 496 1256 adverse.
542 1181 631 1248 Hinc
651 1179 793 1246 formula
811 1176 842 1244 ²:
867 1180 982 1246 Testor
994 1179 1153 1266 populum
1171 1179 1268 1245 illum
1286 1180 1446 1263 irp'ustum
1463 1200 1530 1246 cssc

353 1318 456 1383 neque
467 1296 527 1378 jus
551 1291 699 1361 reddere.
744 1292 790 1359 Et
812 1292 929 1357 altera:
957 1287 1110 1374 Quarum
1134 1312 1269 1373 rerum,
1292 1291 1424 1372 litium,
1445 1313 1530 1358 cau·

351 1428 472 1474 sarum
503 1404 657 1472 condixit
689 1416 792 1489 pater
813 1416 979 1489 patratus
1010 1404 1127 1490 popuii
1160 1404 1307 1470 Rcmcrii
1338 1399 1528 1486 Quiritium

347 1522 448 1607 parri
474 1529 618 1604 patrato
644 1514 763 1602 populi
790 1517 981 1600 priscorum
1009 1515 1238 1596 Latinorum,
1281 1515 1530 1600 hominibusque

347 1632 473 1716 priscis
497 1627 659 1708 Latinis,
693 1646 778 1712 quas
806 1646 858 1691 rcs
877 1647 934 1691 rrcc
957 1626 1146 1709 sciuerunt,
1177 1625 1441 1709 credederunt,
1471 1635 1529 1691 nec

345 1741 530 1827 fecerunt,
562 1759 645 1826 quas
669 1735 843 1819 ruderi,
863 1733 966 1820 ficri,
1000 1738 1084 1806 solui
1106 1742 1273 1825 oportuit,
1301 1753 1389 1824 puro
1406 1742 1530 1824 pioquc

354 1851 464 1919 duello
486 1848 695 1936 quaerendas
718 1869 851 1930 censeo,
874 1853 1038 1914 consentio
1058 1853 1289 1935 consciscoquc.
1327 1847 1375 1915 Et
1395 1848 1528 1916 tertium

358 1980 503 2030 carmen:
538 1957 636 2044 Quod
659 1959 776 2047 populi
804 1961 914 2046 prisci
937 1960 1062 2024 Latini
1092 1959 1251 2028 adsersus
1275 1960 1434 2046 populum
1458 1959 1529 2024 Ro·

355 2094 490 2140 manum
515 2069 705 2156 Quiritium
721 2070 905 2155 fecerunt,
928 2069 1161 2156 deliquerunt,
1185 2071 1273 2156 quod
1294 2071 1437 2157 populus
1459 2070 1529 2135 Ro·

353 2204 471 2250 manus
508 2180 698 2266 Quiritium
730 2181 850 2248 bellum
881 2203 955 2248 curn
981 2185 1105 2268 priscis
1136 2181 1275 2248 Latinis
1300 2184 1407 2268 jussit
1441 2203 1529 2265 csse,

353 2308 554 2380 senatusque
587 2293 758 2360 Romanus
783 2291 971 2377 Quiritium
994 2297 1141 2375 censuit,
1164 2298 1348 2375 consensit,
1369 2297 1528 2362 consciuit

354 2419 393 2472 ut
424 2405 545 2471 bellum
573 2426 646 2471 cum
672 2407 796 2490 priscis
832 2404 971 2471 Latinis
993 2402 1116 2486 ficret,
1140 2406 1176 2470 ob
1208 2426 1279 2470 cum
1311 2426 1378 2472 rem
1398 2427 1455 2492 ego
1468 2419 1529 2493 po·

346 2516 516 2604 pulusquc
546 2515 718 2582 Romanus
736 2515 857 2602 populo
874 2519 1065 2603 priscorum
1088 2515 1294 2582 Latinorum
1324 2515 1445 2582 bellum
1475 2519 1529 2581 irr-

354 2626 426 2694 dico
441 2626 613 2714 facioque.
657 2627 737 2694 Duo
769 2642 877 2693 autem
899 2627 979 2708 ista,
1004 2647 1109 2694 rernm
1133 2626 1285 2713 repetitio
1308 2642 1341 2692 et
1362 2628 1528 2694 decretum

357 2754 390 2808 et
418 2736 548 2824 sejungi
579 2748 719 2824 possunt
749 2752 781 2804 et
809 2739 926 2824 jungi:
957 2738 1106 2825 sejungi,
1139 2739 1167 2806 si
1196 2739 1363 2822 quomodo
1386 2739 1529 2806 diximus

356 2850 529 2938 separatim
560 2849 640 2916 fiant
670 2865 704 2916 et
727 2849 925 2934 interposito
945 2864 1116 2934 tempore,
1136 2851 1255 2936 jungi,
1278 2851 1307 2918 si
1325 2850 1422 2918 simul
1445 2853 1530 2918 laesa

324 2960 539 3049 'respublica
570 2962 663 3030 alteri
691 2961 852 3048 judicium
887 2961 1004 3028 offerat
1036 2976 1089 3045 et,
1120 2963 1154 3028 ni
1175 2963 1264 3047 juste
1283 2963 1410 3049 judicet
1433 2981 1527 3032 suum

357 3074 386 3141 ei
411 3072 573 3160 judicium
609 3073 790 3140 denuntiet.
814 3073 889 3141 Hoc
910 3073 1009 3141 ferme
1027 3075 1127 3143 modo
1147 3079 1177 3140 ⁸:
1202 3096 1272 3140 cam
1293 3096 1325 3142 sc
1344 3075 1527 3160 injuriam,

355 3188 422 3250 nisi
442 3186 484 3250 ab
508 3187 589 3272 ipsis
610 3189 670 3272 qui
684 3184 833 3270 fecerint
853 3184 1033 3267 dematur,
1066 3189 1150 3273 ipsos
1172 3189 1259 3251 omni
1277 3189 1312 3254 νι·
1335 3185 1529 3272 depulsuros

356 3315 430 3364 cssc.
459 3296 532 3362 Aut
550 3295 595 3362 ita
612 3293 646 3361 ⁴:
670 3299 707 3360 ni
725 3295 923 3382 supplicium
943 3301 979 3363 in
1000 3298 1103 3363 malos
1118 3311 1365 3385 praesumant,
1390 3319 1528 3366 usurum

350 3410 546 3494 promiscua
569 3403 679 3500 ccede.
704 3405 827 3490 Neque
842 3428 923 3475 vero
940 3409 1033 3477 aliter
1049 3408 1137 3494 apud
1148 3408 1342 3494 Euripidem
1355 3411 1367 3446 ⁸
1378 3409 1530 3478 Theseus
1643 3385 1644 3417 ³

356 3517 435 3586 haec
452 3516 665 3585 caduceatori
689 3516 730 3584 ad
750 3517 926 3588 Creontem
948 3520 1098 3588 mandata
1121 3521 1193 3588 dat:

530 3633 643 3708 Θησεὺς
665 3634 693 3698 τ’
712 3635 838 3700 νὶτνιιτεῖ
857 3636 924 3716 πρὸς
945 3635 1032 3718 χθριν
1052 3634 1146 3718 iricius
1167 3636 1298 3718 νεκροὺς,

529 3745 694 3822 συγγείτον’
715 3745 795 3811 οἰκῶν
815 3754 927 3822 pascu,
949 3745 1035 3824 ἀξιῶν
1057 3754 1158 3829 τυχεῖν

527 3853 616 3938 Φθλσν
637 3880 670 3922 τε
692 3855 786 3922 θέσθιιι
808 3855 898 3923 νιθντ’
921 3857 1102 3940 Ἐρεχθειδῶν
1119 3859 1201 3926 nstin
1288 3907 1290 3912 -

528 3965 583 4032 κᾶν
604 3965 658 4044 μὲν
680 3966 794 4032 θέλωσιν
816 3968 945 4044 ciricus,
968 3968 1148 4042 παλίσσυτος

526 4078 634 4158 στεῖχ’,
657 4075 691 4153 ἣν
713 4078 739 4143 δ’
756 4079 900 4144 ἀπιστῶν*
919 4076 978 4146 οἵδε
999 4078 1119 4161 δεύτεροι
1143 4079 1234 4156 uiroc·

529 4191 623 4268 κῶμον
645 4187 778 4270 δέχεσθαι
800 4189 849 4254 τὸν
871 4187 940 4269 ἐμὸν
961 4190 1164 4275 ιθστιδνφθρσν.

389 4380 478 4432 ¹silv.
502 4383 529 4431 in
552 4397 578 4432 ν.
600 4383 721 4444 Repress.
741 4383 762 4444 ᾗ
785 4395 809 4441 a.
834 4383 861 4436 in
884 4397 938 4445 req.
961 4398 986 4447 4.
1020 4382 1030 4417 ¹
1055 4384 1112 4436 Liv.
1140 4377 1253 4450 121.[c.
1278 4386 1330 4449 ss]
1367 4371 1452 4440 Ἶσίν.
1471 4390 1490 4438 1.
1508 4390 1531 4438 θ.

357 4471 393 4536 [c.
411 4472 464 4540 ep]
499 4471 511 4506 ⁴
528 4474 588 4526 Τις.
605 4475 695 4524 Annal.
711 4476 728 4522 l.
749 4487 770 4522 ι.
790 4473 823 4540 [e.
840 4475 896 4538 48.]
932 4473 943 4508 ⁸
961 4467 1056 4540 suppl.'
1070 4475 1121 4544 [vs.
1141 4478 1197 4541 386.
1214 4478 1282 4542 squ]
