3316 5494
474 649 521 696 DE
543 651 637 717 JURE
664 649 846 699 PRAEDAE.
872 652 951 700 CAP.
977 654 1012 701 X.
1269 655 1326 718 141

153 813 261 867 autem
283 802 417 870 nomine
438 804 623 889 respublica
635 805 850 892 intelligatur,
875 825 959 889 quae
972 807 1109 874 aliorum
1121 827 1220 891 opera
1230 809 1329 893 capit.

153 911 239 978 Nam
263 913 328 980 nisi
351 915 415 981 hoc
439 917 629 982 admittatur
652 917 735 984 nihil
759 917 884 1013 acquiri
906 918 1106 1002 reipublicae
1129 920 1329 1002 possidendo

153 1038 263 1106 potest
283 1029 315 1106 ¹,
339 1046 413 1092 cum
437 1027 630 1096 universitas
658 1030 698 1096 ad
721 1050 789 1095 eam
812 1049 878 1096 rem
901 1050 985 1113 opus
1007 1031 1125 1096 habeat
1148 1031 1329 1102 ministerio

152 1135 370 1221 singulorum.
415 1138 517 1226 Quod
548 1159 624 1224 ergo
657 1139 696 1205 de
728 1140 797 1207 filio
821 1156 853 1207 et
875 1162 970 1209 servo
993 1140 1035 1207 'in
1057 1143 1145 1209 bello
1174 1142 1327 1226 privato,

154 1246 237 1314 idem
265 1249 305 1314 de
332 1248 462 1317 civibus
493 1250 527 1317 in
552 1251 687 1335 publico
714 1252 872 1320 dicemus.
921 1252 1006 1318 Sunt
1033 1253 1118 1318 enim
1137 1272 1203 1320 non
1221 1254 1328 1321 minus

152 1358 280 1424 subditi
304 1375 335 1425 et
358 1361 513 1442 quiddam
536 1361 641 1445 ipsius
662 1363 861 1447 reipublicae
884 1383 949 1446 qua
978 1366 1058 1430 tales
1087 1379 1165 1432 sunt
1183 1371 1209 1432 ¹.
1254 1365 1328 1432 Nec

153 1468 252 1536 refert
283 1470 375 1554 quod
406 1471 495 1539 cives
525 1473 619 1539 etiam
653 1474 786 1540 seorsim
820 1473 1015 1541 considerari
1048 1489 1189 1558 possunt
1211 1490 1243 1542 et
1265 1477 1328 1544 sibi
1402 1553 1404 1558 ,

154 1581 348 1664 acquirere,
379 1603 453 1649 cum
486 1585 571 1650 actio
602 1585 680 1651 belli
703 1585 827 1668 publici
852 1606 870 1651 a
894 1584 966 1651 cive
990 1600 1151 1667 quatenus
1173 1585 1256 1654 civis
1280 1602 1329 1653 est

154 1692 393 1775 proficiscatur.
440 1694 485 1761 Et
506 1694 592 1761 sicut
615 1696 647 1762 in
671 1697 740 1762 filio
764 1696 903 1763 habente
926 1710 1085 1763 castrense
1107 1696 1272 1779 peculium
1293 1699 1327 1779 ⁸,

155 1818 187 1870 et
209 1804 244 1869 in
269 1825 365 1872 servo
385 1806 549 1872 communi
580 1822 637 1873 aut
659 1806 838 1874 fructuario
861 1821 917 1873 aut
941 1808 1025 1873 bona
1047 1806 1112 1873 fide
1134 1808 1327 1875 serviente*

154 1913 395 2000 distinguitur,
419 1916 464 1983 ita
493 1917 547 1984 hic
578 1919 693 1985 merito
726 1918 871 1986 dicemus
898 1917 932 1984 id
958 1918 1050 2000 quod
1074 1938 1112 1984 ex
1128 1921 1224 2003 jussu
1244 1933 1277 1985 et
1293 1939 1327 1986 re

153 2025 300 2092 civitatis
329 2048 388 2110 per
419 2028 508 2096 cives
541 2029 708 2111 quaeritur
739 2029 851 2113 quaeri
875 2029 1011 2096 civitati.
1058 2030 1095 2094 In
1114 2029 1213 2096 sociis
1232 2031 1326 2098 etiam

154 2157 193 2202 ex
216 2137 368 2205 mandato
388 2139 635 2221 acquirentibus
655 2141 738 2207 nihil
761 2141 815 2207 hic
837 2139 1001 2206 diversum
1025 2155 1073 2206 est
1096 2142 1136 2207 ab
1160 2141 1221 2224 iis,
1244 2163 1327 2224 quae

152 2249 193 2315 de
211 2248 344 2333 privato
362 2251 450 2318 bello
469 2251 621 2318 diximus.
665 2252 840 2318 Caeterum
861 2249 918 2333 qui
938 2251 1061 2319 dictum
1081 2252 1164 2318 illud
1182 2252 1221 2317 de
1240 2253 1327 2319 bello

152 2359 255 2444 captis
288 2360 334 2426 ita
365 2375 555 2445 exponunt,
588 2377 626 2428 ut
656 2362 808 2447 primario
841 2364 985 2448 gentium
1018 2364 1090 2448 jure
1121 2362 1325 2448 singulorum

152 2472 383 2556 occupantium
414 2472 483 2539 fieri
515 2473 640 2554 velint,
663 2494 728 2540 uno
761 2489 950 2558 argumento
983 2473 1191 2541 refelluntur.
1237 2474 1326 2541 Illud

152 2583 237 2650 enim
269 2584 324 2667 ius
351 2584 518 2668 gentium,
551 2585 642 2668 quod
669 2601 804 2651 naturae
831 2585 896 2652 dici
925 2601 1055 2669 potest,
1079 2587 1201 2653 nullam
1229 2586 1327 2653 habet

151 2714 282 2762 causam
312 2694 344 2760 in
375 2695 648 2778 acquisitionibus
677 2696 898 2781 distinguendi
929 2696 1013 2764 inter
1041 2717 1093 2763 res
1126 2696 1263 2763 mobiles
1293 2713 1325 2764 et

152 2806 354 2874 immobiles:
386 2806 472 2873 unde
501 2828 569 2891 quo
587 2808 684 2874 modo
703 2808 893 2892 margaritae
915 2809 1028 2874 eodem
1061 2807 1167 2875 insula
1194 2808 1325 2875 inmari

151 2934 225 2985 nata
244 2917 285 2985 fit
308 2918 497 3002 occupantis
518 2928 542 2986 ⁶.
589 2919 700 3004 Agros
731 2933 839 2986 autem
869 2939 908 2985 ex
931 2918 1083 2985 hostibus
1105 2934 1216 3003 captos
1239 2919 1326 2986 sicut

151 3046 184 3097 et
201 3029 351 3097 civitates
371 3029 520 3112 publicas
541 3028 610 3095 fieri
623 3044 655 3095 et
667 3049 731 3095 non
752 3030 979 3113 occupantium
1002 3029 1224 3114 singulorum,
1236 3030 1324 3097 omni

150 3141 289 3209 historia
308 3155 339 3207 et
356 3143 442 3207 claro
461 3141 632 3224 Pomponii
652 3160 808 3225 responso
826 3140 839 3176 ⁸
859 3141 903 3206 ita
926 3141 1057 3207 evidens
1078 3155 1149 3223 est,
1173 3156 1211 3208 ut
1228 3160 1324 3207 nemo

151 3272 307 3337 umquam
338 3271 436 3319 ausus
466 3251 509 3317 sit
541 3251 679 3318 diffiteri.
703 3279 704 3282 ¹
725 3252 813 3318 Idem
844 3251 944 3337 igitur
966 3251 1155 3317 incaeteris
1177 3252 1325 3320 obtinere

150 3367 273 3445 debet,
295 3363 359 3431 nisi
392 3377 554 3446 quatenus
574 3362 747 3446 posteriori
764 3363 837 3447 jure
856 3365 868 3408 ⁷
888 3365 967 3430 haec
991 3362 1144 3430 distincta
1169 3378 1262 3443 sunt,
1287 3380 1325 3431 ut
1416 3415 1418 3420 -

151 3474 236 3541 infra
256 3474 503 3558 explicabimus.
550 3473 624 3539 Hoc
653 3481 760 3540 autem
780 3474 870 3556 quod
888 3474 1013 3540 ratione
1031 3475 1325 3543 demonstravimus

153 3693 343 3706 μ*

185 3822 229 3870 ¹1.
249 3823 294 3872 sed
316 3824 365 3870 hoa
387 3819 452 3878 jure.
477 3821 503 3869 ff.
526 3823 557 3870 de
576 3834 630 3882 aeq.
649 3835 718 3881 poss.
737 3821 780 3883 [D.
798 3835 839 3884 41.
854 3835 877 3870 n.
896 3823 931 3884 n]
967 3819 1018 3872 ἐ.
1037 3822 1060 3870 6.
1078 3821 1104 3870 in
1123 3819 1181 3870 fine.
1199 3821 1275 3872 Arist.
1292 3824 1323 3872 de

151 3927 204 3973 rep.
222 3915 239 3961 l.
260 3926 281 3960 1.
300 3925 323 3960 c.
347 3925 370 3960 a.
396 3909 434 3974 [p.
460 3923 531 3966 1251.
559 3909 592 3976 1.]
629 3909 717 3959 ⁸lnst.
739 3925 786 3973 per
803 3925 864 3973 quas
882 3926 949 3973 pers.
967 3916 988 3970 §-
1009 3925 1030 3961 1.
1050 3913 1082 3975 [1.
1102 3925 1125 3961 2.
1142 3912 1180 3975 9.]
1215 3910 1261 3961 ⁴1.
1279 3912 1323 3962 fin.

151 4003 181 4052 C.
197 4018 245 4065 per
262 4017 323 4065 quas
340 4019 408 4066 pers.
424 4004 499 4054 nobis
517 4019 573 4066 th.
593 4003 636 4067 [c.
653 4018 678 4066 4
697 4004 751 4066 27.]
770 4007 787 4052 l.
805 4004 847 4065 qni
864 4004 931 4053 bona
947 4003 1006 4053 fide.
1023 4004 1044 4065 §u
1062 4002 1107 4052 lin.
1124 4005 1150 4052 ff.
1167 4006 1198 4053 de
1208 4017 1263 4065 aeq.
1275 4018 1324 4054 rer.

151 4097 220 4144 dom.
240 4095 284 4158 [D.
307 4108 349 4157 41.
375 4109 396 4145 1.
422 4095 474 4158 19.]
500 4097 517 4143 1.
532 4095 701 4156 acquiruntur.
727 4108 758 4143 eo
776 4093 816 4143 tit.
836 4095 879 4156 [D.
897 4109 938 4158 41.
959 4108 981 4142 1.
1002 4092 1052 4158 10.]
1088 4093 1176 4143 'inst
1194 4097 1216 4153 5.
1231 4094 1322 4155 lapilli.

150 4196 175 4234 et
193 4189 216 4244 ς.
234 4185 325 4235 insula.
345 4188 376 4235 de
395 4199 443 4235 rer.
467 4185 520 4235 div.
541 4185 573 4247 [1.
591 4199 615 4234 n.
637 4199 657 4233 1.
675 4189 698 4244 ς.
719 4187 756 4234 18.
775 4196 799 4233 et
816 4189 838 4244 5.
856 4183 912 4250 an]
946 4183 958 4216 ⁸
975 4186 991 4234 1.
1013 4185 1035 4234 si
1055 4184 1179 4245 captivus.
1196 4188 1217 4242 §-
1235 4198 1256 4233 1.
1279 4184 1323 4250 [D.

150 4290 190 4338 49.
216 4287 254 4332 15.
272 4276 325 4338 αα]
361 4274 420 4324 711.
442 4278 483 4325 Gl.
497 4276 523 4324 in
537 4279 554 4324 1.
573 4276 655 4326 divus.
673 4276 699 4324 ff.
718 4278 749 4325 de
766 4274 823 4333 jure
841 4275 905 4325 iisci.
925 4274 969 4340 [D.
986 4290 1027 4338 49.
1048 4289 1086 4338 14.
1104 4274 1156 4339 31.]
1176 4277 1242 4324 Bart.
1258 4276 1284 4325 in
1304 4278 1323 4325 l.

151 4365 252 4428 siquid
276 4367 354 4416 bello.
368 4369 394 4415 ff.
418 4369 450 4416 de
473 4379 541 4428 capt.
567 4367 611 4430 [D.
634 4381 676 4429 49.
699 4379 737 4422 15·
759 4366 813 4428 ab]
839 4368 914 4414 Alex.
935 4378 960 4414 et
983 4364 1323 4429 Jas.1dl.1.ff.dereq.

151 4471 218 4517 poss.
244 4458 289 4520 [D.
311 4471 352 4520 41.
377 4456 412 4521 2.]
440 4459 546 4507 covarr.
572 4459 603 4506 ad
621 4471 673 4518 reg.
691 4468 834 4518 peccatum.
851 4471 877 4518 p.
898 4470 921 4506 a.
939 4461 960 4517 §-
980 4471 1018 4506 11.
1040 4455 1323 4520 [Decretal.inse11to.

154 4561 175 4604 s.
194 4562 233 4598 12.
252 4563 303 4608 teg.
321 4548 358 4614 4.]
