3316 5494
340 615 401 678 134
663 613 710 662 oa
734 579 827 679 Juxta
854 611 1038 663 asennaa.
1063 611 1142 660 car.
1169 611 1203 658 x.

345 767 489 836 silentio.
536 765 601 833 Sed
634 781 667 836 et
697 766 810 836 multis
839 765 912 834 aliis
942 766 983 834 de
1005 765 1112 836 causis
1135 765 1264 834 evenire
1285 765 1369 834 idem
1391 782 1516 851 potest.

339 878 441 962 Saepe
465 879 550 944 enim
571 878 723 948 videmus
742 899 759 946 a
778 879 866 948 veris
886 877 1027 945 dominis
1046 877 1141 944 citari
1160 897 1298 959 omues,
1322 878 1518 962 quicunque

338 1008 435 1074 super
459 991 557 1057 rebus
578 991 740 1074 possessis
762 1010 892 1058 movere
910 989 1016 1057 velint
1034 989 1289 1056 controversiam
1310 995 1342 1071 ¹,
1366 1010 1435 1073 quo
1452 989 1523 1057 sint

337 1101 400 1185 ipsi
420 1101 453 1172 in
472 1115 640 1188 posterum
660 1101 852 1170 securiores.
897 1101 1022 1170 Verum
1041 1099 1142 1186 igitur
1161 1117 1210 1168 est
1227 1101 1357 1184 privato
1376 1101 1411 1168 in
1430 1103 1521 1168 bello

337 1214 488 1297 praedam
510 1233 578 1280 non
601 1213 741 1280 excludi.
764 1213 851 1280 Nam
873 1227 906 1278 et
925 1212 1046 1280 bellum
1069 1212 1174 1295 illud,
1196 1212 1288 1295 quod
1308 1213 1521 1279 Abrahamus

339 1323 495 1392 adversus
517 1343 624 1410 regem
648 1324 945 1392 Chodorlomarum
969 1323 1107 1408 eiusque
1127 1323 1235 1392 socios
1247 1319 1388 1408 'gessen
1407 1323 1521 1408 priva-

338 1452 408 1504 tum
431 1455 498 1502 non
524 1434 624 1502 fuisse
655 1435 796 1519 probatu
827 1433 871 1501 sit
893 1433 1048 1516 difficile,
1072 1455 1111 1501 ex
1135 1454 1204 1518 quo
1226 1449 1332 1502 tamen
1355 1435 1410 1500 ille
1434 1434 1519 1501 nihil

339 1545 463 1613 veritus
494 1561 543 1612 est
573 1546 723 1630 praedam
756 1545 926 1614 abducere.
971 1544 1043 1612 Nec
1075 1545 1166 1612 aliud
1195 1545 1369 1613 dicendum
1403 1561 1455 1613 est
1477 1547 1520 1612 de

341 1657 425 1743 Cajo
445 1656 536 1742 Julio
558 1658 696 1725 Caesare
716 1657 727 1694 ⁸
747 1657 853 1724 adhuc
873 1657 1103 1738 adolescente,
1117 1656 1188 1751 'qui
1210 1657 1330 1740 piratas
1351 1677 1370 1723 a
1393 1658 1519 1740 quibus

340 1782 454 1852 captus
469 1767 577 1836 fuerat
593 1768 720 1852 privata
737 1770 837 1836 classe
855 1783 1062 1851 persecutus,
1087 1768 1170 1834 bona
1190 1787 1302 1835 eorum
1320 1789 1381 1852 pro
1398 1768 1519 1854 praeda

341 1879 465 1947 divisit.
509 1879 597 1946 Idem
624 1877 767 1946 in'bello
798 1879 930 1946 Octavii
955 1878 1146 1946 Antoniano
1173 1898 1240 1946 uon
1261 1880 1371 1946 minus
1390 1895 1517 1946 ceruam

341 2005 400 2058 est.
445 1992 559 2074 Atque
581 1990 627 2057 ita
645 1992 741 2074 plane
761 2006 799 2057 ut
818 2010 878 2057 nos
898 1990 1037 2058 dicimus
1058 2005 1170 2058 censet
1188 1990 1329 2058 Socinus
1348 1975 1464 2075 Nepos
1483 1992 1517 2072 ⁴,

342 2123 438 2185 quem
459 2101 553 2185 sequi
571 2102 703 2169 videtur
723 2103 830 2188 Ayala
849 2099 861 2136 ⁸
881 2102 1051 2186 Hispanus
1069 2103 1130 2167 hac
1147 2100 1355 2185 potissimum
1374 2103 1517 2184 ratione,

342 2214 434 2296 quod
457 2213 484 2279 si
506 2214 629 2281 bellum
659 2215 724 2280 tale
753 2214 880 2299 justum
913 2228 983 2297 est,
1011 2212 1106 2278 etiam
1126 2213 1201 2298 jura
1224 2213 1301 2279 belli
1325 2229 1357 2280 et
1380 2214 1518 2280 effectus

340 2326 450 2391 locum
474 2324 592 2391 habere
615 2325 744 2394 debent.
791 2323 932 2392 Constat
954 2343 1032 2410 ergo
1053 2323 1198 2407 acquiri:
1223 2324 1281 2392 sed
1301 2325 1356 2391 cui
1375 2325 1410 2390 in
1429 2326 1517 2391 bello

210 2443 327 2546 {myg-
341 2435 469 2520 privato
488 2435 670 2502 videamus.
697 2437 782 2502 Cum
804 2450 911 2502 autem
931 2435 980 2516 id,
1005 2437 1096 2519 quod
1116 2435 1182 2521 agit
1203 2436 1441 2521 principaliter,
1464 2436 1517 2502 sui

342 2546 480 2613 maxime
513 2566 608 2614 causa
637 2567 730 2632 agere
753 2547 947 2616 credendum
969 2547 1035 2628 sit,
1057 2547 1132 2615 dico
1152 2569 1259 2614 rerum
1278 2550 1365 2641 bello
1385 2548 1517 2632 privato

342 2672 508 2742 captarum
531 2658 698 2724 dominum
718 2658 788 2725 fieri
807 2679 900 2739 eum,
923 2658 981 2741 qui
1002 2659 1079 2725 belli
1102 2673 1217 2726 auctor
1238 2659 1282 2726 sit
1303 2659 1515 2742 principalis,

343 2769 453 2853 quoad
476 2770 531 2854 jus
557 2789 653 2836 suum
684 2786 880 2838 consecutus
909 2771 970 2837 sit:
995 2771 1087 2853 quod
1109 2770 1156 2836 sic
1180 2770 1275 2836 etiam
1298 2772 1515 2854 interpretor,

342 2896 380 2948 ut
410 2881 438 2947 si
472 2880 578 2947 hostis
608 2881 704 2948 etiam
727 2881 801 2950 aliis
829 2881 967 2963 debeat,
1000 2882 1056 2947 ille
1077 2896 1184 2948 tamen
1211 2881 1246 2947 in
1264 2882 1381 2966 praeda
1399 2884 1517 2949 habeat

342 2992 550 3077 privilegium
570 2993 593 3059 ⁸.
637 2992 781 3059 Primum
814 2993 899 3058 enim
931 2994 1046 3059 damna
1078 2993 1187 3058 omnia
1219 3008 1251 3059 et
1280 2994 1444 3076 impensae
1476 2995 1516 3060 ad

342 3104 420 3172 belli
442 3119 666 3187 susceptorem
690 3118 859 3188 spectant,
884 3104 943 3187 qui
967 3104 1095 3171 scilicet
1114 3105 1186 3188 jure
1210 3103 1355 3189 gentium
1379 3105 1516 3172 auxilia·

341 3215 469 3283 toribus
492 3229 524 3281 et
546 3215 688 3282 subditis
719 3229 849 3281 tenetur
880 3215 921 3281 ad
942 3230 1070 3282 sumtus
1095 3229 1128 3281 et
1150 3209 1347 3299 dispendia*
1378 3217 1514 3282 Certum

342 3342 451 3392 autem
471 3341 520 3392 est
541 3345 580 3390 ex
603 3345 662 3408 eo,
687 3327 778 3408 quod
801 3347 818 3391 e
840 3326 1000 3393 debitoris
1022 3326 1205 3393 substantia
1233 3327 1412 3412 redigitur,
1443 3343 1515 3394 ante

343 3437 452 3504 omnia
482 3435 601 3503 deduci
632 3436 796 3520 quidquid
832 3438 865 3504 in
902 3438 1144 3505 exsecutionem
1179 3439 1358 3522 imputatur
1376 3446 1407 3504 ⁷:
1446 3441 1515 3524 ipsa

342 3549 494 3614 nimirum
515 3548 671 3614 suadente
691 3549 903 3632 necessitate,
928 3570 1001 3616 cum
1021 3549 1145 3632 alioqui
1165 3570 1206 3615 ne
1224 3551 1361 3616 alterum
1380 3550 1513 3633 quidem

343 3660 501 3742 consequi
524 3660 697 3743 quisquam
720 3660 846 3744 possit,
869 3660 934 3727 nisi
957 3660 1052 3727 factis
1075 3661 1127 3727 his
1148 3661 1323 3732 sumtibus.
1347 3662 1514 3729 Praeterea

342 3770 484 3853 siquod
511 3773 566 3858 Jus
598 3771 712 3839 crediti
744 3787 915 3857 susceptor
937 3772 1015 3838 belli
1037 3786 1111 3838 ante
1135 3772 1376 3839 exsecutionem
1399 3774 1514 3840 habuit

344 3882 499 3948 adversus
522 3903 595 3948 eum
619 3882 677 3964 qui
701 3882 880 3966 spoliatur,
909 3883 1004 3950 etiam
1028 3883 1061 3951 in
1084 3885 1148 3950 hoc
1172 3905 1246 3950 eum
1267 3883 1511 3968 praeferendum

344 4013 410 4059 non
439 3993 586 4060 dubitem
618 3995 764 4078 exemplo
796 3995 989 4077 creditoris,
1013 3995 1071 4077 qui
1095 4010 1168 4061 ante
1191 4010 1334 4062 caeteros
1355 3996 1511 4082 vigilave-

342 4193 538 4207 *μι-

338 4373 341 4382 t
378 4313 423 4362 ¹1.
441 4313 562 4364 diffamari
577 4315 606 4364 C.
621 4316 653 4364 de
667 4314 839 4376 inqmanum.
860 4312 902 4378 [C.
919 4327 943 4373 7.
964 4328 1001 4377 ¹4·
1021 4313 1056 4380 5·]
1093 4312 1186 4365 ²Gen.
1206 4329 1244 4388 ¹.4·
1278 4313 1509 4380 ³P1ut.Caes.[p.

344 4408 401 4464 708.
421 4418 443 4453 a.
462 4403 486 4454 b.
505 4404 540 4468 c.]
576 4403 666 4455 ⁴tom.
691 4419 713 4464 3.
736 4419 807 4455 cons.
831 4406 871 4454 68.
905 4406 967 4456 ‘de
986 4405 1043 4466 iure
1060 4406 1129 4458 belli.
1147 4410 1165 4456 1.
1189 4421 1209 4456 1.
1225 4421 1247 4456 c.
1266 4422 1289 4457 a.
1322 4407 1382 4458 ⁶V.
1399 4409 1463 4458 infra
1479 4408 1509 4456 ad

344 4498 432 4545 coroll.
468 4493 479 4530 ⁷
495 4498 560 4544 Bart.
576 4499 607 4546 de
625 4510 733 4558 repress.
749 4512 773 4560 9.
787 4511 812 4558 q.
830 4511 851 4546 1.
868 4500 899 4546 ad
913 4509 935 4554 3.
