3316 5494
445 653 492 702 DE
516 655 611 722 JURE
637 652 821 700 PRAEDAE.
845 653 925 701 CAP-
948 654 1027 702 vul.

203 808 252 875 Et
270 808 328 892 qui
351 809 546 892 respondet:

353 916 450 1003 Quod
465 942 528 985 non
550 933 644 988 retest
667 918 739 998 lert,
763 919 820 984 lroe
840 933 933 989 retnt
950 916 1030 1002 fieri
1047 917 1182 1004 pudor,

151 1049 228 1096 non
261 1031 339 1096 satis
370 1031 463 1098 dicit.
508 1031 610 1097 Vetat
632 1029 728 1106 enim,
744 1031 807 1096 hoc
833 1030 886 1096 lex
918 1045 950 1096 et
979 1028 1109 1112 quidem
1133 1030 1336 1098 sanctissima

151 1157 317 1224 naturae,
346 1162 430 1224 quae
460 1141 586 1207 homini
610 1140 741 1207 homine
772 1141 908 1225 prodige
940 1141 1097 1207 utendum
1125 1156 1230 1227 negat
1277 1144 1336 1208 Se·

151 1271 241 1319 neca
260 1259 291 1316 ¹:
316 1255 415 1339 nequi
437 1253 576 1338 bonique
598 1265 728 1318 natura
750 1267 893 1338 parcere
924 1255 1025 1317 etiam
1061 1255 1203 1338 captiuis
1224 1255 1335 1339 jubet.

154 1364 296 1429 Hostem
322 1377 553 1451 pugnantem,
577 1363 687 1445 inquit
715 1364 890 1447 theologus
910 1359 943 1443 ¹,
966 1367 1141 1429 necessitas
1169 1364 1336 1452 deprimat

153 1495 227 1540 non
256 1474 422 1542 tolentes.
468 1474 564 1540 Sicut
592 1473 734 1539 bellanti
766 1487 798 1538 et
830 1476 999 1539 resistenti
1031 1474 1193 1542 uiolentia
1224 1477 1336 1544 reddi·

155 1600 247 1668 tur,
277 1589 329 1651 ita
359 1590 512 1655 uictoriis
539 1598 636 1672 capto
669 1584 902 1651 misericordia
933 1585 1093 1667 debetur,
1124 1592 1269 1654 maxime
1299 1593 1336 1654 in

156 1718 226 1784 qno
256 1700 353 1782 pacis
380 1697 597 1783 perturbatio
634 1717 699 1762 nen
718 1700 869 1762 timetur.
923 1697 1022 1764 Unde
1054 1712 1086 1764 et
1119 1698 1206 1781 apud
1236 1698 1338 1765 Euri·

156 1808 271 1893 pidem
302 1807 514 1893 Eurystheus
533 1813 544 1846 ³
564 1822 663 1892 negat
691 1825 790 1891 putas
822 1806 892 1874 fore
924 1807 995 1892 ejus
1029 1827 1167 1891 manus,
1193 1810 1251 1892 qui
1273 1810 1336 1894 ipsi

156 1939 230 1986 non
253 1919 482 2003 parceret,cui
506 1918 585 1984 belli
608 1917 740 1987 fortuna
762 1918 975 2003 pepercisset.
1021 1919 1148 1986 Eodem
1170 1920 1240 1988 fere
1262 1925 1336 1990 loco

157 2031 322 2116 agricolas
354 2029 464 2097 haberi
498 2030 673 2112 convenit,
706 2030 844 2096 inermes
876 2029 1001 2096 scilicet
1032 2047 1064 2097 et
1096 2032 1154 2114 qui
1188 2048 1336 2116 patentes

158 2162 297 2226 campos
332 2140 517 2208 inhabitant
557 2141 727 2226 paratique
761 2156 839 2208 sunt
872 2140 969 2208 annis
1002 2143 1125 2210 cedere.
1182 2145 1269 2210 Nam
1302 2146 1335 2214 in

159 2255 247 2321 istos
278 2272 436 2337 quorsum
468 2253 653 2335 saeviatur,
682 2273 757 2319 cum
780 2273 847 2319 non
871 2253 938 2320 sint
960 2254 1037 2319 belli
1060 2274 1170 2338 mora,
1195 2257 1274 2339 sed,
1299 2273 1337 2324 ut

157 2365 270 2432 Pollio
294 2364 442 2445 dicebat,
466 2365 584 2448 praeda
605 2363 769 2431 victoris?
800 2364 908 2432 Aliud
930 2385 1007 2450 ergo
1031 2365 1112 2449 erit,
1136 2367 1164 2432 si
1187 2387 1253 2434 non
1277 2369 1337 2435 isn-

160 2476 273 2560 pedita
306 2476 505 2560 agricultura
537 2478 650 2543 hostes
680 2477 893 2543 redderentur
926 2475 1078 2546 fortiores
1109 2479 1132 2546 ⁴.
1177 2479 1223 2546 Et
1256 2480 1335 2547 haec

161 2587 297 2671 quidem
326 2588 367 2653 de
396 2587 537 2654 subditis
569 2589 675 2654 bonae
698 2587 798 2670 fidei,
822 2589 886 2654 hoc
909 2604 958 2656 est
981 2588 1039 2672 qui
1062 2592 1191 2673 cuipam
1215 2593 1336 2658 nullam

150 2699 344 2782 admisere,
377 2698 464 2765 dicta
494 2715 604 2766 sunto.
658 2700 817 2786 Sapiens,
851 2715 889 2765 ut
922 2702 1010 2784 apud
1042 2701 1195 2768 Senecam
1224 2704 1237 2740 ⁸
1265 2720 1336 2787 est,

161 2813 268 2878 hostes
298 2811 443 2878 dimittit
470 2811 599 2894 salros,
622 2810 805 2898 aliquando
825 2805 926 2878 etiirrn
946 2811 1124 2894 laudatos,
1149 2817 1179 2878 si
1195 2815 1337 2880 honestis

160 2927 295 3004 causis,
319 2939 385 3010 pro
412 2920 504 3007 fide,
531 2939 597 3010 pro
621 2922 790 3008 foedere,
809 2936 876 3010 pro
899 2921 1057 2988 libertate
1078 2927 1115 2988 in
1138 2923 1258 2990 bellurn
1281 2947 1337 2992 ae·

162 3037 267 3099 cincti
299 3048 388 3102 sunt.
431 3035 519 3100 Nam
547 3049 702 3102 nocentes
734 3033 868 3101 omnino
900 3031 1058 3117 puniendi
1088 3049 1166 3101 sunt
1194 3055 1234 3101 ex
1265 3039 1337 3122 lege

164 3145 281 3228 quinta
301 3152 332 3211 ⁸:
365 3147 461 3231 cujus
492 3145 574 3232 legis
601 3146 657 3238 jus
687 3165 754 3214 non
784 3144 862 3212 item
889 3144 975 3212 sicut
997 3146 1133 3212 alterurn
1157 3146 1240 3214 illud
1262 3169 1336 3216 cum
1420 3201 1423 3208 .

162 3257 303 3324 victoria
325 3273 450 3339 cessat,
482 3257 574 3340 quod
595 3256 702 3324 cuivis
724 3260 824 3341 paulo
845 3277 912 3323 rem
934 3256 1079 3340 penitius
1101 3257 1338 3343 introspicienti

164 3383 266 3452 patet.
309 3367 370 3434 Isti
402 3368 504 3454 igitur
536 3368 631 3435 etiam
664 3389 799 3453 corpote
829 3389 967 3453 poenam
996 3369 1108 3437 subire
1137 3370 1279 3455 debent,
1309 3375 1338 3440 si

164 3479 270 3548 modo.
284 3478 441 3546 delictum
462 3481 525 3546 tale
545 3480 744 3564 supplicium
766 3480 943 3548 desiderat:
968 3481 1085 3563 quain
1108 3503 1143 3548 re
1164 3501 1230 3550 non
1249 3485 1340 3553 aliud

165 3590 199 3658 in
229 3591 338 3670 bello,
370 3590 459 3657 aliud
484 3590 518 3657 in
537 3589 661 3658 forensi
682 3591 810 3677 judicio
828 3592 1036 3676 statuendum
1061 3607 1110 3659 est
1128 3593 1151 3660 ².
1196 3594 1339 3681 Egregie

165 3700 450 3769 Plato'hactenus
473 3702 507 3769 in
528 3703 616 3769 bello
639 3703 809 3771 dissidium
831 3704 965 3787 probat,
984 3707 1088 3790 μέχριᾴ
1104 3703 1136 3773 οὗ
1155 3707 1192 3774 ἂν
1211 3712 1235 3775 ei
1256 3711 1339 3778 nirrn

165 3818 387 3894 ἀναγκασθῶσιν
416 3818 470 3883 ὑπὸ
502 3824 558 3883 reis
582 3820 715 3885 eiecerint
742 3819 910 3908 ἀλγούντων
936 3820 1031 3884 δοῦναι
1057 3819 1145 3896 δίκην.
1177 3817 1290 3884 Donec
1312 3821 1341 3885 it

167 3928 226 4008 qni
248 3927 286 3988 in
308 3923 407 4009 culpa
422 3924 563 4009 fuerint
586 3939 755 4013 cogantur
776 3926 1027 4006 innocentibus,
1051 3931 1111 4012 qni
1127 3928 1261 4013 priores
1283 3929 1339 3996 do-

167 4035 237 4100 lore
256 4033 371 4122 effecti
388 4049 491 4117 sent,
516 4052 639 4123 poenas
668 4036 770 4104 inere.
817 4037 986 4123 Gylippus
1007 4037 1041 4103 in
1062 4039 1208 4106 oratione
1228 4056 1339 4108 contra

173 4187 351 4201 -t—-n

201 4277 209 4312 ¹
228 4279 261 4329 de
279 4280 353 4327 clem.
372 4280 389 4327 l.
410 4293 432 4328 1.
451 4293 475 4330 c.
496 4283 534 4329 18.
567 4278 579 4312 ²
596 4284 703 4343 August.
720 4284 752 4331 ad
769 4283 854 4332 Bonis.
872 4297 913 4344 ep.
934 4297 955 4333 1.
972 4284 1064 4334 citetur
1081 4286 1108 4334 in
1125 4299 1148 4335 e.
1166 4287 1230 4336 noli.
1250 4288 1338 4351 [Dect.

169 4370 237 4418 Grat.
261 4383 288 4430 p.
313 4383 337 4418 a.
361 4381 403 4426 es.
430 4383 451 4419 1.
476 4371 512 4433 ³·]
548 4370 676 4422 ’Heraci
702 4373 754 4435 [vs.
783 4374 940 4439 1009.sqq.]
975 4374 1083 4424 ⁴Wilh.
1100 4378 1180 4426 Mtth.
1198 4378 1225 4426 in
1243 4393 1296 4440 req.
1315 4395 1338 4430 2.

168 4473 194 4520 p.
211 4473 239 4508 2.
270 4460 331 4510 ‘de
357 4463 430 4510 elem.
448 4463 465 4510 l.
487 4474 509 4511 1.
526 4476 550 4514 e.
567 4466 614 4512 ult.
647 4463 744 4514 ‘vice
760 4478 786 4513 n.
802 4465 845 4527 46.
878 4462 974 4516 ⁷Viet.
991 4480 1016 4516 n.
1033 4479 1075 4530 47.
1108 4467 1168 4517 ⁸de
1194 4483 1247 4531 rep.
1270 4473 1287 4521 l.
1315 4483 1339 4530 7.

171 4551 208 4612 in·
225 4564 285 4613 4⁷1·
301 4551 347 4616 ι>·]-
