3326 5506
434 639 481 686 DE
505 640 598 706 JURE
624 640 809 688 Pannona.
837 644 918 690 cAP.
945 643 1011 690 xll.
1249 647 1308 691 211

139 795 253 877 beret,
279 815 346 861 eam
371 811 477 862 tamen
500 815 567 862 non
590 810 676 862 recte
700 797 942 878 exerciturum,
965 817 1039 864 cum
1067 797 1229 881 spirituali
1253 806 1310 866 sua

134 906 365 992 jurisdictione
388 921 564 974 contentus
587 927 657 975 esse
680 907 793 974 debeat
814 911 843 974 ¹:
867 909 1069 976 secularibus
1089 923 1197 976 autem
1217 910 1310 976 Prin·

134 1017 266 1102 cipibus
299 1039 368 1086 eam
401 1019 579 1086 concedere
610 1021 704 1086 nullo
736 1019 834 1086 modo
862 1039 959 1104 posse
978 1020 1003 1088 ¹.
1050 1020 1140 1086 Tum
1176 1023 1307 1090 verosi

137 1151 236 1213 quam
259 1132 377 1196 habeat
396 1144 590 1215 potestatem
613 1133 845 1214 temporalem,
869 1152 937 1197 eam
951 1133 1091 1213 habere,
1115 1149 1152 1200 ut
1163 1135 1307 1217 loquun-

135 1255 214 1323 tur,
247 1241 281 1307 in
312 1243 426 1308 ordine
457 1243 497 1309 ad
529 1242 729 1327 spiritualia:
763 1243 917 1325 quocirca
947 1246 1069 1310 nullam
1091 1244 1139 1310 illi
1160 1264 1229 1312 esse
1248 1265 1308 1330 po·

137 1367 288 1419 testatem
317 1353 351 1417 in
378 1355 521 1436 populos
551 1353 720 1434 infideles,
753 1369 792 1421 ut
814 1355 872 1438 qui
895 1355 936 1421 ad
959 1356 1125 1423 ecclesiam
1148 1375 1214 1423 non
1233 1377 1308 1442 per·
1354 1411 1362 1432 .

136 1464 273 1532 timeant.
318 1465 417 1532 Unde
438 1465 590 1548 sequitur
612 1487 653 1533 ex
676 1467 836 1534 sententia
867 1466 1016 1553 Cajetani
1039 1483 1071 1535 et
1088 1468 1257 1536 Victoriae
1276 1485 1308 1535 et

136 1575 280 1658 potioris
310 1577 415 1660 partis
447 1593 513 1667 tam
542 1571 774 1664 theologorum
799 1599 897 1663 quam
918 1581 1161 1646 canonistarum
1181 1579 1216 1662 ⁸,
1240 1601 1306 1647 non

138 1707 211 1754 esse
225 1688 391 1756 'idoneum
414 1676 549 1756 titulum
572 1690 729 1758 adversus
753 1690 874 1774 Indos,
898 1693 952 1759 vel
977 1693 1056 1774 quia
1076 1691 1163 1776 Papa
1182 1692 1309 1760 dederit

137 1800 327 1883 provincias
359 1800 431 1866 illas
464 1817 629 1884 tamquam
663 1801 816 1870 dominus
848 1803 1020 1886 absolute,
1053 1806 1108 1871 vel
1142 1805 1307 1887 quianon

137 1929 379 1997 recognoscunt
412 1912 594 1979 dominium
631 1914 755 1998 Papae:
800 1930 899 1998 atque
941 1917 1022 1982 adeo
1056 1937 1096 1983 ne
1131 1917 1308 1985 Saracenos

138 2023 274 2106 quidem
307 2023 371 2092 isto
404 2023 503 2091 titulo
535 2046 680 2108 unquam
712 2027 883 2110 spoliatos.

183 2135 249 2204 His
273 2135 374 2220 igitur
396 2136 558 2220 sublatis,
581 2157 657 2204 cum
677 2137 884 2205 manifestum
896 2138 962 2220 sit,
987 2139 1080 2221 quod
1092 2154 1124 2204 et
1135 2139 1308 2207 Victoria*

139 2246 276 2328 scribit,
301 2247 467 2331 Hispanos
488 2248 528 2314 ad
550 2264 653 2316 terras
674 2250 866 2317 remotiores
888 2250 961 2318 illas
979 2252 1169 2337 navigantes
1181 2254 1308 2318 nullum

136 2360 194 2443 jus
215 2379 328 2426 secum
345 2360 500 2432 ,attulisse
528 2355 712 2444 occupandi
736 2381 788 2430 eas
811 2362 1019 2446 provincias,
1044 2383 1131 2430 otrus
1152 2364 1310 2432 duntaxat

139 2471 259 2538 titulus
279 2471 356 2538 belli
375 2486 497 2555 restat,
523 2473 581 2554 qui
605 2487 638 2539 et
660 2473 729 2556 ipse
741 2473 768 2538 si
779 2475 890 2559 justus
902 2489 1010 2556 esset,
1033 2490 1140 2541 tamen
1152 2475 1192 2541 ad
1204 2477 1309 2542 domi·

139 2582 231 2648 nium
254 2582 412 2665 proficere
432 2601 499 2650 non
523 2601 633 2667 posset
644 2584 707 2652 nisi
718 2587 790 2671 jure
802 2587 960 2670 praedae,
984 2587 1047 2653 hoc
1061 2603 1109 2654 est
1121 2595 1198 2670 post
1208 2608 1309 2654 occu·

139 2695 317 2778 pationem.
342 2695 450 2778 Atqui
474 2710 602 2761 tantum
624 2697 715 2762 abest
736 2712 774 2763 ut
784 2697 937 2763 Lusitani
950 2717 1001 2764 eas
1014 2712 1114 2764 terras
1126 2719 1309 2782 occupave-

140 2806 228 2888 rint,
262 2821 299 2872 ut
330 2827 405 2874 cum
437 2807 601 2891 plerisque
626 2808 802 2893 gentibus,
837 2830 918 2891 quas
942 2809 1055 2876 Batavi
1079 2825 1308 2891 accesserunt,

139 2919 263 2984 bellum
287 2940 326 2986 eo
350 2934 495 3003 tempore
516 2921 643 2986 nullum
660 2921 828 2986 haberent.
852 2920 898 2986 Et
921 2920 967 2986 sic
990 2919 1091 3005 igitur
1109 2923 1236 2987 nullum
1254 2922 1309 3006 jus

140 3030 207 3098 illis
229 3032 342 3114 quaeri
365 3033 498 3116 potuit,
523 3052 596 3098 cum
620 3033 716 3098 etiam
741 3033 768 3098 si
781 3051 862 3115 quas
875 3033 914 3097 ab
927 3031 1017 3098 Indis
1028 3033 1241 3115 pertulissent
1259 3035 1308 3099 in-

137 3143 264 3227 iurias,
290 3164 343 3210 eas
364 3145 462 3230 longa
485 3164 563 3227 pace
587 3160 619 3210 et
646 3143 758 3209 amicis
788 3142 989 3212 commerciis
1011 3143 1172 3211 remisisse
1192 3145 1308 3210 merito

141 3269 343 3322 censeantur.
367 3256 575 3342 Quamquam
596 3276 637 3321 ne
656 3255 724 3322 fuit
735 3255 867 3339 quidem
879 3256 971 3338 quod
981 3256 1068 3322 bello
1080 3256 1308 3322 obtenderent.

141 3367 228 3432 Nam
248 3366 307 3450 qui
323 3367 850 3450 bardarosbellopersequuntur,
874 3383 913 3434 ut
924 3367 1137 3436 Americanos
1148 3368 1309 3452 Hispani,

141 3461 209 3543 duo
236 3463 344 3543 solent
370 3492 578 3562 praetexere,
611 3478 703 3560 quod
731 3479 770 3543 ab
801 3478 866 3543 illis
895 3480 1089 3547 commercio
1117 3496 1309 3563 arceantur,

142 3604 200 3654 aut
233 3589 325 3671 quod
357 3588 536 3656 doctrinam
569 3610 664 3656 verae
696 3589 865 3673 religionis
900 3589 948 3656 illi
981 3591 1090 3658 nolint
1123 3611 1309 3678 agnoscere.

140 3700 187 3768 Et
214 3700 406 3766 commercia
434 3701 566 3784 quidem
595 3700 746 3768 Lusitani
767 3702 807 3767 ab
826 3700 917 3768 Indis
937 3701 1170 3786 impetrarunt,
1194 3717 1233 3770 ut
1251 3706 1312 3770 hac

142 3812 177 3878 in
196 3826 287 3894 parte
306 3812 390 3879 nihil
409 3813 573 3896 habeant,
600 3814 691 3896 quod
712 3828 901 3896 querantur.
942 3815 1036 3880 Alter
1055 3835 1134 3882 vero
1155 3817 1312 3883 obtentus

150 4003 329 4016 ——fi-

177 4120 296 4170 ¹Mattlr.
319 4136 359 4170 20.
383 4125 423 4172 26.
446 4125 505 4186 Jolr.
530 4125 554 4172 ό.
576 4137 614 4180 15.
635 4126 726 4173 Matala.
748 4137 785 4182 17·
804 4137 844 4182 27.
878 4121 974 4172 ²Vict.
992 4123 1039 4174 ibi.
1057 4137 1082 4172 n.
1102 4127 1142 4173 28.
1160 4126 1268 4174 covarr.
1286 4128 1312 4174 d.

142 4214 213 4260 loco.
247 4210 336 4262 'Com
357 4228 377 4262 r.
397 4227 420 4270 5.
438 4215 464 4262 in
483 4213 541 4264 fine.
559 4217 652 4264 Thom.
667 4229 691 4263 2.
710 4229 733 4263 a.
751 4231 776 4276 q.
798 4230 835 4265 ια.
852 4227 897 4264 art.
914 4229 937 4263 a.
956 4218 1043 4276 Ayala.
1068 4219 1085 4263 1.
1113 4229 1134 4264 1.
1151 4230 1173 4264 c.
1191 4229 1214 4264 a.
1230 4229 1255 4264 n.
1274 4229 1313 4276 29.

142 4303 210 4352 Vict.
234 4301 276 4353 ibi.
301 4319 325 4353 n.
351 4317 391 4361 ³0·
417 4307 522 4355 Covarr.
547 4309 572 4354 d.
590 4309 660 4356 loco.
685 4308 715 4354 V.
739 4309 824 4356 locum
846 4305 925 4363 cajet.
944 4306 1017 4355 infra.
1035 4307 1124 4354 Tuom.
1143 4319 1167 4352 a.
1187 4319 1210 4354 a.
1228 4320 1253 4365 q.
1271 4307 1312 4354 66.

142 4406 190 4442 arr.
214 4398 238 4444 8.
264 4396 384 4445 silvester
407 4399 438 4445 dc
464 4396 609 4446 infidelibus
634 4401 656 4456 5.
681 4411 705 4455 7.
730 4399 817 4446 lrmoc.
840 4397 866 4445 in
892 4412 914 4447 c.
940 4399 1009 4456 quod
1033 4410 1108 4456 super
1125 4397 1172 4444 lris.
1192 4399 1222 4444 de
1241 4409 1313 4446 voto.

145 4483 285 4546 [Decretal.
304 4499 327 4543 3.
346 4499 386 4548 34.
405 4489 441 4549 8.]
461 4488 528 4536 Vict.
547 4488 593 4536 ibi.
612 4502 637 4536 n.
656 4501 696 4545 31·
730 4487 740 4520 ⁴
759 4491 782 4537 d.
800 4503 825 4536 n.
845 4501 884 4544 31·

1125 4579 1181 4658 14*
