3326 5506
447 619 497 671 on
523 619 616 686 June
643 619 829 666 omont.
856 619 935 666 cen.
961 618 1025 665 xor.
1215 587 1224 604 ⁸
1258 615 1321 681 251

151 787 192 844 ut
224 778 288 861 ipsi
320 780 436 845 carius
469 773 641 856 rendam,
673 778 834 840 tenentur
862 773 906 840 tle
938 773 996 838 illo
1026 774 1125 861 plari
1153 775 1231 857 liis,
1267 777 1326 862 qai

152 891 269 954 corius
289 902 462 968 emerant,
487 901 518 954 el
537 886 576 953 ele
595 885 827 968 damnemus,
852 891 911 973 qui
929 901 1027 952 erant
1048 887 1197 952 allaturi
1208 934 1220 968 ‚
1244 891 1325 972 quia

153 1001 277 1085 injuste
307 999 577 1086 impediremur,
608 999 796 1066 utilitatem
815 1004 992 1086 priuatam
1016 1013 1047 1064 et
1065 1003 1242 1085 propriam
1261 1014 1326 1084 pu-

152 1111 262 1178 blicae
285 1125 316 1178 et
340 1115 502 1178 communi
528 1126 780 1198 praeponentes.
828 1113 877 1177 Er
909 1111 993 1177 idem
1027 1111 1066 1178 a'e
1097 1114 1147 1176 his
1171 1116 1230 1196 qai
1252 1132 1325 1176 eon·

154 1224 298 1290 cordam
321 1229 357 1289 in
381 1228 519 1290 emtione
544 1228 687 1290 omnium
700 1229 882 1305 merciam,
907 1239 945 1289 ut
957 1223 1103 1292 rendam
1117 1223 1163 1289 ad
1174 1223 1324 1304 libitam,

155 1341 236 1422 qaia
269 1351 427 1404 tenemur
459 1337 506 1404 ad
537 1359 626 1402 omae
658 1337 814 1403 dameam
837 1341 858 1402 ¹.
908 1337 972 1402 Sed
1002 1351 1127 1420 praeter
1150 1336 1325 1417 damnum,

152 1465 191 1516 ut
214 1449 293 1515 alibi
317 1450 552 1532 tractavimus,
578 1449 632 1514 illa
656 1451 752 1532 culpa
770 1470 828 1533 per
848 1469 882 1515 se
902 1449 1049 1533 obligat,
1074 1449 1151 1531 quie
1169 1447 1326 1514 naturalis
1340 1479 1482 1545 Exngffl,

153 1561 237 1632 ratio
272 1562 427 1630 malitiam
451 1562 644 1646 impunitam
677 1583 746 1628 esse
779 1582 844 1628 non
868 1561 1003 1646 patitur.
1050 1562 1157 1646 Leges
1177 1561 1296 1626 civiles
1315 1545 1482 1632 ’ἷὶῒζίἱμ

155 1673 307 1758 iujuriam
338 1673 405 1740 iere
435 1675 589 1757 mulctis,
623 1674 813 1741 violentiam
842 1674 962 1740 illatam
984 1674 1127 1740 libertati
1154 1673 1326 1740 omissione

155 1787 255 1869 partis
287 1788 471 1868 bonorum,
505 1787 731 1870 monopolium
762 1807 840 1852 vero
870 1785 1015 1852 omnium
1034 1787 1195 1852 bonorum
1217 1786 1326 1868 publi-

153 1899 283 1970 catione
304 1915 473 1968 coercent:
499 1921 582 1982 quae
604 1901 657 1966 hic
676 1901 796 1984 pariter
814 1916 1024 1966 concurrunt.
1049 1899 1173 1964 Verum
1194 1898 1325 1981 quidem

152 2026 204 2082 est
234 2030 357 2094 poenas
386 2011 569 2080 latinorum
601 2033 640 2078 ex
668 2012 811 2078 utilitate
838 2012 971 2095 publica
992 2010 1119 2078 intendi
1142 2026 1174 2077 et
1193 2010 1325 2076 remitti.

153 2124 220 2190 Sed
248 2138 355 2193 tomen
386 2124 419 2192 in
449 2123 613 2207 hisquae
642 2146 681 2191 ex
710 2140 846 2206 natura.
880 2144 946 2190 non
973 2125 1012 2189 ab
1045 2123 1327 2205 instituoo,‚1nela

155 2251 232 2306 sumt
262 2251 295 2302 et
324 2236 439 2303 illicite
469 2237 509 2304 ed
542 2258 638 2304 verae
672 2237 896 2321 proportionis
927 2257 1071 2303 norman
1108 2237 1202 2302 etiem
1239 2251 1328 2302 extra

156 2350 243 2433 leges
277 2369 383 2432 poena
412 2349 498 2434 exigi
528 2365 647 2433 potest.
691 2350 780 2418 Cum
812 2349 912 2434 igitur
939 2365 1057 2416 nectua
1089 2349 1190 2415 dictet
1219 2369 1258 2413 ex
1288 2370 1326 2414 eo

157 2463 247 2542 quod
275 2461 416 2528 alienum
443 2477 494 2531 est
525 2477 671 2528 nostrum
702 2482 761 2527 nos
788 2461 894 2528 iecere
923 2483 990 2530 non
1012 2463 1153 2544 debete,
1177 2462 1328 2544 sequitur

156 2587 247 2640 tento
277 2573 352 2640 illos
383 2574 517 2658 gravius
547 2595 703 2657 peccare,
737 2574 795 2657 qui
811 2577 865 2660 jus
886 2596 1058 2642 commune
1076 2575 1246 2652 lronrinunr
1264 2574 1328 2640 sibi

156 2686 323 2769 proprium
354 2685 461 2754 facere
494 2702 676 2768 conentur,
711 2703 834 2770 quanto
863 2689 923 2753 bac
945 2689 977 2754 in
999 2708 1032 2752 re
1052 2687 1202 2770 pluribus
1222 2687 1260 2754 iit
1278 2687 1327 2752 in·

154 2798 249 2882 iuria.
296 2798 473 2881 Pteccipue
494 2814 601 2865 autent
617 2819 713 2884 greve
733 2815 991 2884 capessentum,
1013 2821 1082 2883 quo
1101 2814 1170 2865 tota
1189 2799 1328 2865 laeditur

155 2911 297 2977 humana
329 2903 491 2992 societas,
524 2912 580 2978 cui
614 2913 749 2979 vinculo
779 2913 1009 2995 antiquissimo
1029 2911 1179 2978 obstricti
1212 2926 1245 2976 et
1265 2913 1326 2976 ob-

154 3023 246 3089 noxii
277 3043 402 3093 sumus.
458 3025 549 3091 Haec
577 3025 660 3090 ratio
692 3024 905 3092 Ambrosium
928 3030 938 3064 ³
963 3024 1053 3109 cogit
1085 3024 1262 3090 exclamare
1292 3023 1324 3088 in

155 3154 212 3200 eos
243 3135 301 3217 qui
330 3136 429 3204 maria
457 3138 638 3219 claudunt,
673 3138 898 3222 Augustinum
930 3137 1000 3201 *in
1033 3155 1089 3202 eos
1120 3135 1180 3218 qui
1211 3136 1326 3201 itinera

154 3247 357 3327 obstruunt,
403 3248 653 3317 Neziarrzenum
685 3253 697 3286 ⁶
729 3250 772 3314 io¹
804 3265 982 3316 coemtores
1032 3268 1327 3331 suppressoresque

156 3359 339 3439 mercium,
383 3360 441 3441 qui
471 3382 509 3428 ex
540 3361 651 3446 inopia
690 3363 836 3428 omniurn
876 3363 939 3428 soli
973 3363 1100 3427 lucrum
1134 3375 1264 3444 sperant
1296 3376 1329 3427 ct

156 3486 194 3538 ut
234 3472 304 3554 ipse
347 3472 496 3554 loquitur
538 3479 877 3559 novempopulana
909 3485 961 3552 rie
996 3478 1113 3549 ἐνδείας.
1171 3473 1262 3560 Quin
1296 3488 1328 3539 et

157 3584 269 3652 divina
301 3585 461 3653 sententia
492 3591 505 3654 ὁ
529 3589 656 3671 συνέχων
689 3599 766 3656 σῖτον
800 3589 1058 3671 importunumve,
1093 3585 1236 3669 publicis
1264 3586 1327 3652 Sti·

156 3696 233 3764 licet
266 3695 346 3765 diris
370 3697 577 3779 devovetur,
602 3717 755 3780 sacerque
777 3697 923 3764 ¹hebetur
951 3698 1011 3780 qui
1042 3717 1201 3764 annonam
1232 3713 1328 3763 vexet

189 4044 198 4076 ¹
223 4047 266 4100 all.
289 4047 308 4098 1.
334 4059 356 4098 π.
381 4045 408 4094 ff.
432 4045 464 4094 ad
488 4046 505 4095 1.
522 4046 573 4108 Jul.
592 4046 623 4096 de
640 4058 748 4094 annona.
777 4043 820 4108 [D.
844 4047 885 4106 48.
907 4045 958 4108 ro]
977 4047 995 4094 l.
1014 4059 1147 4096 annonam.
1169 4045 1196 4094 ff.
1214 4048 1245 4096 de
1263 4059 1328 4096 extr.

156 4137 226 4186 crim.
247 4137 291 4199 [D.
308 4149 350 4198 47.
367 4136 450 4200 11.6.]
471 4148 496 4184 et
515 4136 551 4184 ibi
570 4138 610 4184 Gl.
637 4133 646 4166 ²
665 4137 772 4197 Dig..de
791 4132 965 4194 iniuriistoto
983 4138 1023 4185 tit.
1044 4138 1087 4200 [D.
1105 4150 1146 4198 47.
1168 4136 1218 4201 10.]
1239 4149 1263 4186 et
1281 4139 1328 4187 ibi.

154 4231 203 4278 Dd.
229 4229 287 4290 Dig.
312 4231 343 4278 de
369 4228 396 4278 vi
413 4229 484 4289 publ.
509 4240 534 4276 et
559 4230 590 4277 de
617 4228 644 4278 vi
669 4229 736 4289 priv.
763 4227 806 4292 [D.
824 4233 865 4290 48.
884 4230 907 4277 ό.
926 4240 950 4278 et
969 4228 1004 4292 7.]
1025 4231 1088 4278 adde
1107 4231 1123 4276 l.
1142 4229 1195 4278 vim
1213 4229 1283 4278 facit.
1301 4231 1326 4279 ff.

156 4322 188 4378 dc
205 4321 233 4374 vr
257 4333 351 4374 armata
370 4322 413 4381 [D.
437 4333 478 4382 43.
506 4321 543 4368 16.
565 4321 614 4385 11.]
637 4323 666 4369 C.
684 4323 714 4369 de
733 4334 837 4382 monop.
856 4319 899 4384 [C.
917 4335 941 4382 4.
960 4321 1012 4383 sp]
1048 4319 1136 4368 ⁸loco
1154 4334 1229 4381 supra
1247 4322 1325 4370 citato

156 4427 188 4462 ex
206 4415 312 4462 Heron
347 4411 358 4443 ⁴
375 4413 468 4464 citetur
493 4413 518 4462 in
536 4415 613 4465 Dect.
632 4415 700 4464 Grac.
718 4427 743 4475 p.
762 4427 786 4462 α.
806 4426 846 4472 2³·
865 4427 888 4462 2.
906 4426 928 4470 3·
963 4412 1017 4462 ⁵in
1037 4413 1111 4464 funus
1135 4412 1231 4462 Basilii.
1252 4413 1326 4480 [edit.

156 4504 250 4554 Bened.
269 4506 322 4553 vol.
345 4518 365 4551 1.
383 4518 409 4564 p.
428 4517 486 4567 797.
505 4503 542 4569 ὼ]
