3316 5494
349 607 407 669 128
665 619 712 666 nrt
736 619 829 685 June
856 615 1038 665 susanne.
1068 618 1147 666 car.
1172 616 1206 664 x.

342 790 472 842 nostrae
491 773 750 882 disceptationi,
762 774 838 858 quis
857 773 915 840 fiat
932 793 1039 841 retum
1060 775 1152 841 bello
1167 787 1334 876 captarum
1353 769 1520 840 dominus.

341 887 533 952 Naturalem
565 900 671 954 autern
704 886 850 953 ordinem
883 899 916 951 et
946 885 1000 952 hic
1033 884 1258 967 servabimus,
1292 899 1330 951 ut
1362 884 1454 968 ptius
1478 883 1521 950 de

341 997 470 1081 privato
502 998 699 1080 loquamur,
732 995 896 1081 posterius
923 997 962 1062 de
990 997 1125 1080 publico
1153 1004 1185 1079 ¹,
1217 996 1309 1079 quod
1329 995 1371 1062 ad
1392 995 1521 1078 perspi·

341 1108 495 1176 cultatem
517 1127 583 1176 non
603 1127 717 1191 parum
738 1106 877 1175 confert.
921 1107 960 1174 In
981 1126 1154 1174 commune
1174 1122 1282 1174 autern
1303 1127 1343 1173 ex
1361 1107 1413 1177 his
1434 1127 1522 1190 quae

339 1217 404 1304 jam
437 1216 523 1288 dicta
554 1233 632 1286 sunt
650 1216 662 1258 ⁸
681 1219 765 1286 sciri·
788 1233 922 1303 potest,
956 1219 1097 1286 eamdem
1122 1239 1191 1287 esse
1222 1234 1370 1286 naturam
1403 1235 1520 1286 eorum

342 1351 427 1414 quae
450 1330 538 1397 bello
562 1344 596 1397 et
618 1349 701 1413 quae
724 1330 758 1398 in
782 1350 910 1398 causam
931 1329 1069 1415 iudicati
1093 1330 1268 1415 capiuntur
1288 1335 1318 1397 ⁸:
1349 1349 1423 1398 nam
1447 1328 1520 1396 sive

341 1440 473 1525 publica
496 1441 619 1508 accedit
641 1443 838 1526 auctoritas,
867 1442 951 1510 nihil
975 1462 993 1510 a
1015 1441 1137 1510 forensi
1161 1442 1371 1510 exsecutione
1393 1442 1518 1507 bellum

342 1553 471 1635 differt,
494 1552 557 1620 nisi
580 1553 672 1636 quod
690 1555 734 1620 ob
755 1553 934 1637 potentiam
956 1553 1134 1622 adversarii
1153 1554 1250 1620 armis
1270 1553 1430 1638 agendum
1451 1566 1518 1619 est:

341 1665 412 1736 sive
423 1664 550 1748 privata
569 1665 760 1734 necessitate
778 1680 964 1752 pugnetur,
975 1667 1080 1749 palam
1099 1679 1149 1732 est
1167 1665 1208 1732 ad
1223 1663 1380 1750 jus-illud
1397 1663 1518 1746 rediri,

342 1796 411 1859 quo
430 1775 661 1859 unusquisque
679 1795 759 1844 suus
776 1777 880 1862 judex
899 1792 975 1843 erat.
1009 1777 1119 1844 Nemo
1140 1776 1241 1862 igitur
1258 1790 1345 1843 recte
1364 1774 1518 1844 dominus

342 1887 401 1958 fiet
433 1887 593 1971 praedae,
626 1888 689 1956 nisi
721 1887 780 1970 qui
810 1888 886 1974 jus,
919 1888 983 1954 hoc
1018 1902 1067 1954 est
1100 1907 1228 1956 causam
1259 1887 1372 1954 crediti
1403 1887 1516 1954 habet.

343 1997 488 2068 Omnino
507 1999 609 2084 igitur
628 1997 818 2068 eradicanda
838 2014 891 2066 est
909 2018 949 2066 ex
966 1999 1136 2066 hominum
1155 1997 1271 2066 animis
1289 1998 1370 2066 falsa
1386 1998 1517 2082 opinio,

343 2129 427 2192 quae
450 2111 544 2177 velut
565 2111 694 2180 sublate
712 2109 801 2178 omni
825 2109 908 2178 inter
931 2111 1043 2179 hostes
1063 2111 1202 2178 humana
1222 2110 1396 2191 societate,
1421 2110 1518 2193 quid·

342 2221 423 2304 quid
445 2221 576 2292 illorum
599 2219 683 2303 fuit,
708 2224 857 2306 exemplo
877 2231 935 2293 adu
955 2225 1138 2300 dicam,
1163 2222 1226 2288 hoc
1249 2236 1299 2288 est
1320 2242 1435 2288 rerum
1457 2241 1518 2292 aa·

341 2337 517 2416 cantium,
541 2332 576 2399 in
596 2333 704 2401 medio
725 2335 871 2417 positum
892 2335 967 2400 vult
989 2333 1179 2417 occupanti.
1203 2333 1409 2420 Quamquam
1431 2334 1517 2401 enim

343 2444 464 2510 multae
497 2459 576 2511 sunt
606 2438 754 2511 ueterum
787 2445 988 2528 sententiae,
1021 2464 1105 2530 quae
1136 2445 1201 2510 huc
1233 2444 1411 2527 inclinent,
1443 2464 1516 2511 cum

341 2555 509 2622 venationi
531 2571 719 2638 comparant
742 2575 845 2640 genus
870 2556 959 2623 istud
981 2553 1170 2638 acquirendi
1191 2551 1226 2638 ⁴,
1255 2575 1317 2622 nec
1340 2555 1431 2622 aliud
1451 2555 1516 2641 sig·

342 2664 475 2732 nificare
499 2665 653 2733 videntur
676 2667 879 2750 sententiae,
908 2687 990 2750 quas
1013 2666 1054 2736 ad
1076 2667 1282 2734 asserendum
1303 2667 1358 2752 jus
1379 2666 1516 2750 praedae

342 2797 382 2843 ex
413 2778 597 2844 oratoribus
628 2792 660 2843 et
689 2777 896 2866 philosophis
932 2776 1028 2849 initio
1054 2781 1066 2814 ⁸
1093 2776 1329 2864 allegavimus,
1364 2793 1397 2843 et
1431 2777 1516 2844 inter

342 2889 432 2974 ipsos
459 2889 543 2975 juris
571 2904 721 2956 auctores
754 2889 876 2955 Paulus
896 2887 908 2923 ⁶
927 2910 979 2958 res
1012 2892 1098 2957 bello
1131 2905 1240 2973 captas
1262 2889 1326 2956 illis
1349 2893 1516 2958 a‘ccensere

341 3001 499 3084 videtur,
534 3021 618 3084 quae
651 3001 775 3068 nullius
808 3015 911 3082 sunt,
949 3016 1048 3084 atque
1082 3002 1163 3068 adeo
1196 3000 1302 3084 primo
1335 3001 1516 3085 possessori

342 3127 565 3196 quaeruntur,
594 3111 704 3197 negari
736 3127 842 3179 tumen
871 3131 938 3179 non
969 3127 1099 3197 potest,
1132 3112 1223 3196 quod
1253 3133 1294 3178 ne
1324 3111 1535 3220 interpretes·
1646 3141 1647 3160 r

342 3223 473 3304 quidem
496 3237 626 3290 nostros
647 3220 659 3262 ⁷
678 3221 795 3304 latuit,
827 3243 896 3290 esse
919 3223 1220 3292 dissimilitudinem
1244 3224 1332 3290 haud
1366 3222 1515 3308 exiguam

342 3333 426 3399 inter
450 3353 508 3415 ea,
538 3353 622 3416 quae
642 3333 767 3402 nullius
790 3334 936 3401 dominio
955 3336 1101 3420 subjecta
1125 3354 1279 3417 umquam
1302 3333 1462 3416 fuerunt,
1486 3350 1518 3401 et

342 3463 399 3526 ea,
424 3464 507 3528 quae
529 3444 571 3511 ad
588 3445 699 3510 hostes
723 3444 919 3527 pertinuisse
942 3446 1164 3514 confitendum
1185 3461 1245 3514 est.
1272 3445 1358 3512 Nam
1377 3445 1405 3513 si
1425 3462 1516 3514 tanto

340 3557 416 3639 plus
448 3553 533 3622 odiis
566 3575 663 3637 quam
694 3570 831 3623 naturae
862 3556 1039 3642 largimur,
1072 3572 1110 3624 ut
1141 3559 1266 3642 legem,
1302 3577 1385 3640 quae
1409 3558 1516 3624 alieno

341 3666 503 3733 abstinere
521 3681 612 3733 vetat
621 3662 648 3748 ⁸,
659 3665 743 3733 inter
760 3668 873 3735 hostes
892 3668 1107 3753 abrogemus,
1125 3669 1209 3735 nihil
1219 3669 1328 3734 obstat
1337 3668 1517 3751 quominus

340 3791 373 3844 et
395 3792 562 3862 pactorum
575 3777 672 3845 iidem
685 3781 859 3862 tollamus,
884 3793 917 3847 et
935 3799 1030 3846 omne
1051 3779 1156 3861 illud,
1177 3780 1268 3864 quod
1286 3778 1334 3846 fas
1352 3798 1514 3846 armorum

344 3968 466 3977 ›au---tw
476 3970 516 3975 --
524 3969 541 3976 ..-

374 4059 434 4110 ²ex
460 4073 483 4110 c.
502 4059 525 4109 6.
560 4056 612 4110 ²d.
638 4063 722 4112 conci.
751 4074 773 4110 a.
801 4072 826 4110 et
850 4062 874 4112 d.
901 4073 946 4110 art.
965 4073 988 4120 3.
1006 4064 1091 4112 conci.
1109 4075 1132 4121 7.
1167 4061 1242 4114 ’arn
1262 4076 1283 4112 1.
1301 4075 1326 4112 et
1345 4075 1368 4114 a.
1386 4065 1472 4112 costel.
1490 4074 1513 4121 7.

339 4149 432 4200 ⁴Xen.
447 4151 540 4212 cyrop.
566 4151 595 4214 [l.
622 4163 647 4202 a.
670 4165 694 4201 c.
720 4165 744 4213 4.
762 4153 783 4214 ς.
803 4149 853 4214 19.]
873 4153 944 4202 Plato
962 4154 1038 4214 Soph.
1057 4151 1095 4218 [p.
1115 4157 1211 4217 arod.
1229 4153 1264 4216 e.]
1284 4165 1309 4202 et
1327 4155 1358 4202 de
1374 4155 1438 4214 legg.
1456 4155 1472 4201 l.
1490 4165 1512 4210 7.

339 4241 417 4292 Arist.
434 4241 465 4290 de
483 4255 537 4302 rep.
555 4244 572 4289 l.
593 4254 614 4290 1.
632 4256 653 4290 o.
672 4244 695 4290 8.
713 4241 751 4304 [p.
770 4242 842 4297 1256.
859 4256 882 4292 a.
899 4255 937 4292 vs.
956 4243 1008 4305 am]
1044 4241 1095 4292 lc.
1115 4258 1139 4306 4.
1173 4243 1343 4294 ⁸1.1.ff.de
1367 4257 1424 4306 acq.
1444 4256 1512 4306 poss.

339 4332 360 4394 S.
381 4345 402 4382 1.
428 4343 452 4381 ct
479 4334 496 4381 1.
524 4344 546 4390 s.
574 4332 601 4380 in
624 4330 683 4382 fine.
709 4333 740 4380 de
765 4345 818 4392 aeq.
835 4344 884 4382 ter.
903 4334 971 4384 dom.
989 4344 1014 4382 et
1032 4348 1071 4394 pr.
1087 4337 1104 4384 l.
1122 4347 1147 4393 7.
1167 4333 1210 4399 [D.
1226 4348 1268 4396 41.
1287 4347 1310 4383 a.
1328 4345 1353 4384 et
1367 4336 1399 4383 D.
1416 4348 1457 4395 41.
1477 4332 1509 4397 1.]

338 4420 417 4490 ⁷Jas.
434 4425 466 4473 ad
484 4425 507 4472 d.
522 4425 540 4471 l.
558 4437 578 4472 1.
593 4437 617 4472 n.
636 4437 658 4472 r.
692 4425 769 4472 Duar.
785 4425 817 4473 ad
833 4424 913 4472 eamd.
931 4424 998 4474 Don.
1015 4426 1114 4474 comm.
1130 4427 1147 4474 l.
1163 4438 1189 4486 4.
1205 4439 1226 4474 a.
1245 4438 1284 4475 21.
1319 4425 1330 4458 ⁸
1350 4425 1428 4487 [Dedi
1445 4425 1511 4485 quod

337 4510 364 4561 in
383 4513 466 4562 Grotii
483 4517 637 4576 autographo
655 4526 706 4575 est,
725 4522 805 4564 utetur.
824 4515 904 4574 Lege,
918 4513 1011 4576 juben]
