3326 5506
344 595 412 658 242·
649 599 696 646 DE
720 599 813 666 June
840 599 1025 646 PRAEDAE.
1050 599 1130 646 ΟΜ).
1154 598 1225 647 xlta

343 751 414 822 dam
439 771 586 830 exercere
598 757 748 821 volentes
767 755 994 839 prohibuisset
1006 773 1156 836 semper,
1179 773 1246 820 non
1264 768 1370 820 tamen
1383 772 1521 833 omnes,

343 863 420 947 quia
450 865 511 940 alii,
535 863 668 939 fuerunt
698 868 881 952 prohibiti,
915 866 969 938 alii
993 887 1071 935 vero
1092 865 1193 933 libere
1218 880 1460 946 exercuerunt,
1487 865 1523 930 id

344 975 482 1060 quidem¹
500 997 566 1044 non
588 979 753 1046 sufficeret
777 1001 818 1047 ex
841 978 1209 1052 doctorum'sententia.
1236 979 1386 1062 Apparet
1409 993 1521 1046 autern

344 1088 461 1156 debere
482 1090 562 1157 haec
583 1091 693 1157 omnia
712 1112 929 1173 concurrere,
954 1107 1024 1157 tum
1045 1091 1125 1174 quia
1144 1090 1394 1174 praescriptioni
1414 1111 1522 1158 rerum

344 1201 549 1284 publicarum
583 1206 635 1272 len
667 1204 799 1271 inimica
832 1220 903 1287 est,
936 1219 1006 1270 tum
1039 1219 1076 1270 ut
1107 1203 1259 1272 videatur
1294 1203 1523 1286 praescribens

342 1315 417 1399 iure
437 1335 520 1395 suo,
540 1335 614 1384 non
640 1332 747 1382 autem
781 1316 946 1386 communi
980 1335 1084 1396 usus,
1117 1315 1217 1399 idque
1246 1335 1313 1386 non
1338 1316 1523 1399 interrupta

344 1427 563 1509 possessione.
618 1428 706 1496 Cum
741 1445 849 1497 autem
884 1444 1013 1511 tempus
1047 1429 1259 1511 postulatur,
1303 1430 1400 1513 cujus
1436 1428 1523 1494 initii

344 1558 410 1621 non
440 1555 546 1606 exstet
571 1541 747 1622 memoria,
779 1560 846 1608 non
875 1561 1000 1624 semper
1031 1540 1175 1623 sufficit,
1206 1556 1244 1608 ut
1273 1540 1391 1624 optimi
1422 1540 1522 1606 inter.-

344 1666 454 1734 pretes
487 1653 667 1727 ostendunt
694 1661 733 1734 ¹,
762 1654 900 1736 probare
935 1653 1063 1720 saeculi
1092 1654 1243 1736 lapsum,
1278 1653 1335 1719 sed
1370 1668 1522 1720 constare

347 1779 477 1847 oportet
511 1763 627 1832 famam
659 1765 706 1830 rei
736 1766 955 1851 amajoribus
988 1765 1028 1830 ad
1061 1785 1120 1832 nos
1141 1765 1362 1834 transmissam
1375 1765 1459 1846 „ita
1488 1780 1525 1832 ut

346 1897 442 1948 nemo
465 1879 629 1961 supersit,
663 1879 728 1961 qui.
746 1877 946 1945 contrarium
969 1876 1091 1944 viderit
1114 1892 1171 1943 aut
1194 1877 1367 1950 audiverit.
1416 1877 1523 1944 Occa-

346 1989 439 2064 sione
462 2010 568 2056 rerum
593 1989 823 2064 Africanarum
848 1990 882 2055 in
895 1990 1052 2056 ulteriora
1062 1989 1203 2073 primum
1223 1990 1334 2056 oceani
1356 1989 1525 2072 inquirere

347 2117 548 2185 coeperunt,
572 2117 727 2188 regnante
738 2104 908 2188 Johanne,
923 2102 1078 2170 Lusitani
1100 2121 1184 2174 anno
1208 2102 1325 2172 salutis
1347 2101 1524 2168 millesimo

347 2215 669 2300 quadringentesimo
692 2214 933 2300 septuagesimo
956 2214 1097 2298 septimo
1117 2212 1150 2279 ²:
1185 2214 1305 2300 viginti
1329 2229 1407 2297 post
1431 2214 1524 2280 annis

348 2328 410 2406 stab
445 2348 518 2413 rege
550 2317 749 2397 Irnmunuele
783 2328 1043 2411 promontorium
1068 2327 1176 2394 Bonae
1201 2326 1277 2410 Spei
1301 2327 1522 2412 praeternavi-

349 2454 458 2524 gatum
483 2455 554 2522 est,
587 2440 758 2523 seriusque
785 2442 890 2505 multo
914 2455 1048 2507 ventum
1073 2440 1253 2508 Malaecam
1278 2454 1310 2507 et
1334 2440 1375 2510 ad
1398 2439 1524 2506 insulas

348 2552 561 2633 remotiores,
585 2554 626 2621 ad
649 2573 730 2634 quas
751 2552 864 2619 Batavi
886 2552 1042 2638 navigare,
1058 2567 1236 2636 coeperunt
1246 2571 1331 2620 anno
1345 2553 1521 2620 millesimo

350 2664 613 2750 quingentesimo
644 2665 854 2750 nonagesimo
887 2665 1027 2747 quinto,
1059 2685 1125 2732 non
1158 2665 1258 2735 dubie
1291 2664 1376 2732 intra
1401 2685 1523 2732 annum

349 2777 572 2844 centesimum.
615 2779 686 2863 Jam
718 2799 799 2845 vero
832 2777 927 2847 etiam
961 2798 1000 2848 eo
1033 2777 1124 2860 quod
1157 2777 1343 2844 intercessit
1376 2793 1525 2861 tempore

349 2890 489 2964 aliorum
512 2890 682 2974 usurpatio
703 2890 860 2958 adversus
880 2889 964 2959 alios
985 2890 1081 2958 etiam
1103 2910 1217 2958 omnes
1237 2889 1413 2973 impedivit
1434 2911 1527 2973 prae-

351 3003 582 3096 scriptionem..
627 3003 807 3074 Castell'ani
842 3005 882 3075 ab
917 3022 1003 3069 anno
1042 3002 1216 3072 millesimo
1256 3003 1522 3088 quingentesimo

350 3116 597 3185 decimonono
630 3116 870 3200 possessionen
903 3115 1072 3186 Lusitanis
1106 3117 1205 3186 maris
1238 3114 1324 3182 circa
1349 3115 1524 3184 Moluccas

350 3229 534 3314 ambiguam
556 3227 671 3296 fecere.
719 3229 809 3296 Gulli
833 3228 928 3296 etiam
953 3243 985 3295 et
1008 3227 1201 3312 Angli-non
1226 3230 1435 3308 clanculum,
1468 3227 1524 3296 sed

350 3340 385 3407 vi
417 3356 534 3424 aperta
559 3360 598 3408 eo
630 3357 857 3425 perruperunt.
904 3340 1072 3422 Praeterea
1103 3343 1231 3408 accolae
1266 3339 1371 3408 totius
1399 3355 1526 3409 tractus

352 3451 510 3520 Africani
533 3469 589 3519 aut
620 3453 761 3522 Asiatici
792 3468 915 3537 partem
950 3452 1048 3525 maris
1080 3452 1223 3536 quisque
1257 3451 1321 3519 sibi
1343 3451 1526 3535 proximam

351 3567 507 3650 piscando
529 3582 561 3632 et
580 3566 765 3652 navigando
789 3581 950 3650 perpetuo
974 3581 1196 3649 usurparunt,
1221 3585 1400 3648 numquam
1421 3587 1439 3630 a
1459 3566 1528 3633 Lu-

351 3679 466 3747 sitanis
487 3679 659 3765 prohibiti.
707 3680 911 3750 Conclusum
942 3678 1046 3763 igitur·
1069 3677 1112 3743 sit
1132 3679 1187 3762 jus
1211 3680 1347 3746 nullum,
1364 3699 1435 3746 esse
1459 3679 1528 3744 Lu·

350 3792 492 3874 sitanis,
523 3813 591 3877 quo
613 3792 716 3864 aliam.
732 3791 885 3874 quemvis
910 3807 1037 3876 gentem
1062 3790 1309 3876 enavigatione
1333 3792 1452 3860 oceani
1487 3792 1536 3860 ad.

352 3904 452 3972 Indos
474 3905 681 3988 prohibeant.

396 4017 498 4105 Quod
521 4018 556 4086 si.
572 4018 682 4087 dicant
713 4017 865 4084 Lusitani
899 4038 983 4084 cum·
1007 4016 1099 4085 Indis
1129 4015 1320 4084 commercia
1353 4016 1526 4086 exercendi

349 4131 405 4215 J'us
427 4131 592 4214 quoddam
615 4130 783 4214 proprium
808 4130 848 4195 ad
871 4149 905 4196 se
929 4129 1115 4215 pertinere,
1139 4129 1254 4194 iisdem
1278 4127 1344 4194 fere
1366 4128 1525 4194 omnibus

353 4243 551 4328 argumentis
584 4241 784 4310 refellentur.
835 4244 1036 4328 Repetemus
1070 4241 1212 4309 breviter
1247 4256 1279 4306 et
1322 4240 1520 4324 aptabimus.

387 4482 395 4515 ¹
414 4485 519 4534 covarr.
532 4484 559 4534 in
575 4499 598 4534 c.
616 4497 756 4545 possessor.
773 4498 799 4545 p.
819 4497 842 4532 2.
861 4483 883 4545 §.
902 4495 925 4540 3.
942 4496 967 4530 n.
985 4484 1009 4531 6.
1043 4479 1054 4513 ²
1073 4481 1180 4531 osorius
1200 4483 1217 4528 l.
1239 4494 1261 4528 r.
