3310 5482
460 597 507 644 oa
530 584 629 665 Juns'
649 563 833 646 annania.
857 597 938 646 cnr.
961 599 1002 647 11.
1149 638 1153 646 .
1300 605 1320 669 9

147 761 196 835 τὴν
218 761 252 824 ἐκ
278 764 331 832 τῆς
350 751 439 833 mavit
458 756 585 842 φύσεως.
631 753 712 836 Non
733 766 841 842 potest
864 752 964 820 atiud
990 756 1136 842 reperiri
1159 758 1322 842 justitiae

142 870 346 955 principium
368 869 499 952 origovt
521 864 615 946 alia,
637 886 737 952 quam
759 887 780 930 a
801 855 875 932 Deo
893 867 925 931 et
943 887 969 931 a
998 869 1160 932 comanum'
1172 881 1329 948 παίωνα,

177 978 273 1047 *Cum
296 977 397 1064 igitur
416 998 467 1044 res
489 967 753 1045 conditas‘Deus
778 997 847 1066 esse
870 975 989 1066 iecerit
1012 993 1044 1045 et
1067 997 1136 1046 esse
1157 980 1321 1060 voluerit,

145 1091 356 1176 proprietates
380 1089 535 1173 quasdam
556 1090 718 1168 naturales
740 1074 879 1175 singulis
895 1085 1047 1172 indidit,
1071 1084 1194 1173 quib‘us
1215 1092 1321 1176 ipsum

145 1203 225 1270 illud
246 1222 319 1270 esse
341 1215 588 1269 conservaretur
611 1216 643 1269 et
663 1201 784 1284 quibus
807 1200 848 1266 ad
868 1201 1322 1298 bonumsuumunumquod-

146 1335 230 1398 que,
263 1316 356 1382 velut
379 1332 419 1379 ex
441 1313 544 1397 prima
567 1312 702 1399 originis
725 1315 818 1406 lege,
842 1313 1017 1380 duceretur
1042 1323 1064 1379 ¹.
1111 1315 1322 1402 Unde-prin·

145 1426 267 1510 cipium
290 1426 394 1494 totius
420 1425 578 1517 naturalis
598 1424 722 1502 ordinis
743 1413 832 1492 ¹recte
849 1437 968 1508 ,poetae
992 1439 1024 1491 et
1051 1425 1240 1511 philosophi
1263 1451 1321 1496 ve·

145 1552 226 1625 teres
249 1537 262 1574 ²
284 1559 429 1604 amorem
461 1552 676 1624 statueruntp
700 1537 797 1632 cujus
823 1537 926 1626 prima
948 1537 1000 1604 vis
1029 1538 1200 1622 primaque
1234 1517 1321 1610 actio

145 1651 313 1734 reciproca
349 1666 398 1719 est
434 1650 468 1745 in
500 1671 534 1720 se
566 1650 686 1734 ipsum.
717 1689 721 1700 ·
748 1645 828 1737 Qua'
862 1651 987 1717 ratione
1023 1650 1221 1733 culpandum
1255 1672 1321 1720 non

146 1779 193 1830 est
223 1763 317 1846 quod
345 1778 479 1848 secutus
507 1761 725 1830 Academicos
749 1762 909 1854 Horatius
930 1761 942 1797 ³
963 1762 1148 1828 utilitatem
1169 1763 1262 1848 justi
1290 1778 1321 1829 et

147 1878 245 1961 aequi
265 1888 370 1961 propo
393 1887 533 1940 matrem
558 1873 651 1940 dixit.
699 1858 815 1940 Omnis
840 1873 925 1940 enim
948 1888 1082 1953 natura,
1111 1887 1148 1940 ut
1170 1875 1320 1958 plurimis

146 1985 227 2052 locis
258 1985 378 2052 Cicero
410 1985 577 2068 inculcat,
606 1985 745 2071 diligens
776 1999 825 2053 est
846 1985 898 2052 sui
922 2005 1023 2067 seque
1045 1987 1167 2052 salvam
1189 2007 1225 2053 ac
1247 1988 1322 2054 bea-

148 2113 209 2164 tam
242 2101 339 2179 vult‚
358 2097 484 2181 ‘idque'
500 2117 567 2164 non
601 2097 635 2163 in
665 2096 854 2163 hominibus
884 2096 963 2164 solis
995 2096 1106 2164 videre
1138 2113 1187 2164 est
1209 2100 1321 2166 sedin

149 2205 260 2277 bestiis
291 2209 409 2292 etiam,
443 2209 509 2276 imo
541 2223 573 2276 et
602 2210 635 2274 in
663 2210 761 2276 rebus
795 2208 956 2276 inanimis.
1003 2209 1068 2275 Hic
1090 2209 1174 2276 enim
1196 2226 1245 2277 est
1267 2212 1323 2279 ille

149 2342 243 2389 verus
270 2337 302 2388 et
318 2321 451 2389 divinus
473 2321 525 2387 sui
549 2343 640 2389 amor
661 2326 698 2404 ⁴,
723 2321 812 2388 omni
836 2341 875 2388 ex
898 2335 988 2406 parte
1000 2322 1182 2389 laudabilis.
1228 2324 1322 2412 Quae

150 2433 279 2500 enimin
303 2433 395 2501 vitiis
415 2433 550 2517 ponitur
567 2437 714 2522 <actuaria
725 2483 735 2514 ‚
759 2435 822 2499 hoc
846 2447 895 2500 est
916 2436 1055 2499 nimium
1076 2437 1129 2499 sut·
1150 2433 1322 2519 studium,

151 2546 241 2612 istius
277 2545 395 2612 amoris
420 2565 573 2613 excessus
595 2560 654 2612 est.
700 2546 806 2612 Recte
829 2559 937 2610 autem
961 2544 1112 2612 Socrates
1136 2567 1210 2613 cum
1236 2547 1324 2631 apud

150 2658 424 2742 Xenophontem⁵
445 2672 515 2723 tum
545 2657 632 2740 apud
656 2656 824 2722 Platonem
848 2652 860 2688 ⁶
884 2670 982 2739 atque
1004 2657 1098 2724 etiarn
1122 2658 1289 2743 Diogenes
1310 2660 1322 2702 ⁷

147 2770 303 2855 justitiam
330 2769 487 2836 virtutem
518 2782 690 2850 statuunt,
726 2787 810 2851 quae
833 2787 894 2834 nos
922 2768 1020 2835 utiles
1042 2768 1123 2836 facit
1145 2790 1220 2836 cunr
1251 2770 1323 2837 aliis

150 2895 215 2948 tum
250 2880 348 2948 nobis
382 2881 472 2964 ipsis.
516 2881 650 2968 Quippe
681 2880 846 2947 hominem
871 2881 996 2965 justum
1017 2883 1109 2948 nullo
1139 2883 1237 2949 modo
1259 2883 1322 2950 sibi

151 2977 209 3080 ipsi
230 3013 404 3061 suorumve
426 2992 566 3076 partium
589 2992 650 3058 ulli
672 2990 836 3058 facturum
860 2992 1035 3078 injuriam,
1060 3013 1231 3060 causamve
1260 2994 1322 3060 sibi

150 3104 297 3171 sonuum
327 3103 451 3172 doloris
484 3120 541 3169 aut
565 3103 776 3170 incommodi.
821 3104 923 3192 Quod
943 3103 1069 3189 egregie
1092 3103 1288 3172 Plutarchus
1310 3113 1322 3146 ⁸

151 3217 303 3303 adjuncta
330 3215 571 3300 comparatione
595 3214 756 3300 explicat,
780 3235 855 3282 cum
878 3230 976 3302 negat
994 3217 1067 3284 oleo
1089 3216 1229 3283 similem
1253 3237 1323 3284 esse

148 3328 330 3412 justitiam,
360 3328 453 3409 quod
473 3347 491 3392 a
511 3327 647 3394 medicis
670 3327 791 3394 dicitur
822 3327 1038 3396 exterioribus
1070 3327 1216 3412 corporis
1247 3348 1323 3412 pro-

151 3441 266 3523 desse,
291 3459 410 3506 nocere
434 3438 662 3506 interioribus:
682 3441 774 3526 iusto
795 3440 880 3506 enim
899 3460 1057 3506 summam
1077 3441 1129 3507 sui
1162 3461 1231 3507 esse
1266 3460 1322 3506 cu-

150 3573 224 3620 ram.
271 3551 342 3617 Alii
354 3554 366 3588 ·
379 3550 436 3634 qui
447 3550 579 3617 nomina
602 3551 758 3618 subtilius
771 3551 998 3637 distinguunt,
1022 3573 1088 3619 non
1101 3566 1166 3618 tam
1175 3551 1322 3637 justitiae

150 3665 211 3730 hoc
240 3683 327 3747 opus
359 3682 429 3730 esse
454 3665 592 3745 volunt,
617 3682 714 3745 quarn
748 3663 917 3746 caritatis,
941 3664 982 3730 ad
1005 3684 1102 3747 quam
1123 3683 1183 3731 nos
1207 3678 1322 3730 natura

182 3982 265 4031 ¹Cic.
284 3983 316 4031 de
340 3980 383 4031 fin.
409 3985 427 4032 l.
448 3997 473 4044 4.
493 3981 528 4047 [c.
549 3983 687 4049 10.§25.]
705 3996 729 4033 et
747 3986 827 4034 Acad.
845 3986 862 4034 l.
883 3997 907 4032 1.
941 3981 1039 4033 ’Plato
1066 3983 1092 4033 irr
1113 3997 1190 4034 conv.
1207 3998 1239 4034 err
1261 3986 1321 4035 lies.

149 4085 173 4122 et
195 4075 276 4122 Parm.
300 4071 338 4137 [p.
365 4075 419 4131 178.
443 4072 481 4138 b]
517 4073 528 4106 ³
555 4078 602 4123 Sat.
627 4077 644 4122 l.
673 4088 694 4123 r.
713 4088 736 4133 3.
756 4073 806 4140 [vs.
824 4074 877 4140 98]
914 4074 1019 4125 ⁴Arist.
1037 4077 1069 4125 de
1088 4089 1153 4125 mor.
1171 4077 1202 4125 ad
1219 4076 1323 4128 Nicom.

148 4163 616 4228 1.9.c.4et8.[p.1166.1.vs.
638 4176 677 4223 17.
698 4177 767 4227 etp.
791 4165 863 4229 11⁶9.
887 4165 1032 4231 1.vs.17.]
1054 4168 1232 4227 derepta.
1253 4181 1276 4216 c.
1300 4179 1323 4224 s.

151 4254 189 4319 [p.
214 4255 286 4312 1263.
314 4268 336 4304 1.
359 4269 397 4305 vs.
419 4268 461 4316 41.
483 4253 550 4319 sqq.]
576 4257 656 4306 castr.
681 4258 712 4306 ad
729 4257 743 4319 ς
759 4255 798 4315 ius
814 4241 935 4318 gentium.
954 4260 972 4307 l.
995 4271 1015 4306 r.
1037 4258 1062 4306 tf.
1089 4260 1120 4308 de
1140 4256 1199 4316 just.
1217 4269 1242 4307 et
1259 4257 1323 4316 iure.

151 4345 195 4410 [D.
215 4345 399 4411 1.1.1.§4.]
436 4345 682 4410 ‘Comment.l.4.
707 4346 797 4413 [ou]
833 4329 1218 4413 ⁸derep.l.1.[p.353.e.]
1255 4346 1323 4410 iap.

149 4435 219 4486 Stob.
239 4437 266 4486 irr
284 4437 359 4486 floril.
377 4440 394 4486 l.
412 4451 435 4500 9.
446 4437 548 4502 [n.49.]
584 4439 676 4490 ⁸Plut.
690 4440 745 4490 Cat.
765 4437 803 4504 [p.
817 4450 874 4502 354.
892 4439 928 4504 d]
965 4439 976 4473 ⁰
993 4441 1083 4489 Thom.
1096 4453 1150 4491 ma.
1159 4453 1184 4500 q.
1193 4451 1234 4498 77.
1243 4451 1323 4502 art.4.

150 4529 178 4578 in
194 4543 260 4590 resp.
276 4531 333 4578 sen.
349 4530 381 4578 de
394 4528 478 4577 benef.
494 4531 549 4586 bs.
567 4542 590 4580 c.
608 4543 632 4593 9.
