3326 5506
442 621 488 666 osc
512 619 605 686 Jossss
632 621 820 668 ostensu.
845 621 928 669 ono.
953 622 1020 670 x11.
1258 625 1320 688 239

147 787 196 839 est
216 787 368 840 aut·esse
380 787 489 860 potest
509 776 652 840 humano
671 779 810 861 generi,
828 790 1072 864 praeterquam
1094 775 1206 863 quoad
1226 800 1319 846 usum

145 903 356 950 communem.
403 885 589 952 Praeterea
621 883 761 970 dejure
782 888 941 954 naturali
968 902 1000 954 et
1029 886 1142 954 diuino
1164 901 1211 952 est
1232 888 1323 956 illud

139 1009 383 1082 praeceptum,
408 1010 446 1061 ut
470 997 559 1082 quod
580 997 644 1062 tibi
665 1018 729 1062 non
760 1001 835 1078 uis,
860 999 964 1064 alteri
987 998 1210 1083 nonfacias:
1235 1001 1321 1067 unde

145 1090 222 1172 eum
243 1093 418 1193 nauigatio
440 1110 564 1173 nemini
579 1109 685 1202 possit
705 1128 769 1172 esse
788 1111 929 1188 nociva,
950 1112 1016 1176 nisi
1036 1112 1100 1195 ipsi
1119 1114 1319 1197 naviganti,

139 1232 215 1302 par
245 1231 292 1284 est
326 1231 364 1284 ut
396 1239 418 1283 a
451 1221 578 1286 nemine
604 1220 710 1304 possit
740 1231 802 1284 aut
825 1217 940 1287 debeat
963 1217 1143 1306 impediri,
1167 1242 1206 1286 ne
1224 1225 1260 1286 in
1284 1243 1321 1287 re

146 1332 202 1392 sui
232 1342 362 1396 natura
393 1327 502 1396 libera
531 1311 812 1414 sibiquc'minime
835 1332 939 1397 noxia
961 1309 1196 1416 nauigantium
1220 1330 1321 1399 liber·

147 1452 252 1504 tatem
272 1431 432 1524 impediat
450 1452 481 1504 et
503 1437 619 1506 laedat
641 1452 760 1504 eontra
780 1438 905 1506 dictum
917 1455 1132 1528 praeceptum
1153 1456 1185 1508 et
1201 1457 1320 1512 contra

147 1549 301 1636 regulam
314 1553 344 1630 ¹,
356 1553 559 1636 praesertim
577 1571 650 1642 carp
671 1553 780 1615 omnia
799 1550 1043 1640 intelligantur
1059 1573 1123 1620 esse
1136 1557 1320 1639 permissa,

147 1680 235 1745 quae
258 1681 321 1726 non
350 1663 571 1746 reperiuntur
595 1664 780 1746 expressim
797 1662 974 1747 prohibita
993 1661 1016 1732 ².
1073 1659 1227 1745 Quinimo
1256 1685 1320 1730 nou

147 1769 252 1836 solum
275 1783 395 1840 contra
409 1771 469 1856 jus
487 1771 662 1838 naturale
685 1785 788 1853 esset,
812 1758 895 1840 uelle
916 1772 1077 1859 impedire
1102 1774 1203 1840 talem
1223 1779 1321 1844 nasti-

142 1885 313 1968 gationem
329 1895 514 1968 praetextu
525 1886 827 1968 praescriptionis,
851 1905 923 1948 oum
937 1883 1129 1970 impedienti
1139 1885 1178 1954 id
1188 1890 1321 1956 minime

139 1996 254 2078 prosit
264 2006 294 2057 et
304 1991 458 2078 impedito
469 2006 606 2072 noceat,
629 1993 796 2058 sedetiam
810 2007 960 2066 tenemur
971 1995 1183 2060 contrarium
1189 1993 1319 2078 faeere,

146 2105 277 2171 horest
294 2097 455 2188 prodesse
478 2107 545 2183 iis,
569 2103 688 2187 quibus
713 2118 909 2190 posssimus,
932 2126 1005 2172 cum
1037 2104 1075 2173 id
1102 2107 1172 2170 sine
1200 2103 1319 2170 damno

147 2227 262 2281 nostro
276 2212 356 2296 fieri
368 2227 487 2301 potest.
511 2214 614 2302 Quod
634 2234 709 2282 cum
727 2202 840 2280 multis
859 2215 1108 2286 auctoritatibus
1121 2230 1186 2284 tam
1198 2214 1320 2282 divinis

148 2343 247 2406 quam
269 2325 420 2394 humanis
440 2324 682 2407 confirmasset,
702 2325 875 2410 subjungit
897 2341 1023 2410 postea:
1060 2327 1118 2392 Es·
1138 2331 1319 2416 superiori·

147 2436 207 2504 bus
230 2437 330 2506 ettam
354 2449 497 2523 apparet
515 2449 697 2522 suspectam
718 2457 782 2502 esse
793 2441 990 2504 sententiam
1008 2439 1176 2526 Johannis
1190 2439 1319 2518 Fabri,

146 2545 296 2634 Angeii,
329 2546 432 2617 Baldi
463 2561 494 2614 es
520 2547 706 2616 Francius·
736 2548 859 2630 Balbi,
890 2570 968 2634 quos
990 2564 1095 2636 supra
1118 2549 1319 2629 retulimus,

147 2662 417 2728 existimantium
442 2659 515 2744 loca
527 2660 623 2744 juris
638 2662 789 2746 gentium
802 2663 1008 2741 communia,
1029 2664 1092 2729 etsi
1104 2663 1241 2746 acquiri
1256 2679 1319 2724 non

141 2783 282 2856 possunt
309 2772 600 2856 praescriptione,
625 2784 718 2855 posse
750 2749 860 2836 tomen
892 2774 1029 2855 acquiri
1061 2769 1318 2849 consuetudine,

147 2879 237 2966 quod
266 2885 394 2950 omnino
419 2879 551 2965 falsum
575 2894 623 2946 cst
646 2898 748 2966 eoque
769 2881 913 2948 traditio
941 2903 1040 2948 caeca
1063 2895 1095 2948 et
1125 2881 1242 2946 nubila
1272 2894 1319 2947 est

146 2996 299 3080 omnique
320 2995 478 3072 rationis¹
510 2983 633 3059 lumine
657 3013 798 3072 carens,
823 2991 987 3078 legemque
1009 2994 1118 3061 uerbis
1138 3013 1202 3058 aon
1223 2991 1318 3058 rebus

146 3104 312 3189 imponens
335 3103 361 3173 θ.
408 3103 449 3170 Iu
479 3101 635 3188 exemplis
668 3106 752 3168 enim
775 3101 929 3168 domari
948 3103 1195 3191 Hispanorum,
1219 3102 1320 3169 Lusi·

146 3227 330 3297 tonorum,
355 3213 578 3294 Venetorum,
605 3211 851 3305 Geauensium,
874 3213 1080 3299 reliquorum
1101 3229 1230 3282 constat
1245 3236 1319 3284 cou-

147 3324 330 3434 suetudine,
343 3326 404 3410 jus
437 3324 506 3390 tale
535 3323 723 3410 navigandi
754 3338 786 3392 et
818 3324 901 3394 alios
933 3329 1098 3413 nauigare
1120 3327 1320 3413 prohibendi

147 3457 211 3502 non
232 3440 339 3532 magis
357 3439 516 3521 acquiri,
529 3457 628 3521 quam
645 3440 922 3523 praescriptione.-
948 3437 1098 3524 Utroque
1116 3441 1200 3507 onim
1219 3460 1318 3522 casu,

148 3561 185 3612 ut
201 3559 324 3634 patet,
343 3562 414 3633 pur
430 3562 477 3614 est
499 3551 590 3614 ratio
612 3545 647 3629 ⁴,
668 3561 699 3612 et
719 3551 801 3633 quia
813 3563 877 3635 per
886 3549 976 3634 jura
991 3539 1029 3614 'et
1049 3553 1195 3615 rationes
1213 3564 1318 3635 supra
1374 3618 1376 3622 ,
1482 3571 1484 3577 ·

147 3659 277 3728 relatas
308 3657 347 3726 id
376 3673 456 3725 essct
487 3673 607 3727 contra
639 3659 833 3727 naturalem
866 3663 1098 3745 aequitatem,
1132 3651 1317 3727 nec'ullam

148 3827 344 3846 -η--ι-ι-

181 3913 189 3946 ¹
207 3915 348 3976 tenpestas
366 3915 392 3963 ff.
408 3917 439 3964 de
457 3917 524 3963 statu
541 3917 672 3978 hom.·[D.
692 3931 713 3965 1.
732 3929 755 3974 5.
773 3915 810 3980 4.]
829 3920 850 3975 5.
869 3917 983 3966 libertas.
1000 3909 1060 3965 Inst'.
1078 3919 1109 3965 de
1127 3915 1183 3974 jure
1200 3932 1267 3979 pers.
1287 3919 1319 3980 [1.

151 4018 172 4054 1.
190 4019 214 4066 3.
232 4007 253 4068 s.
275 4006 310 4071 1.]
330 4009 347 4056 1.
371 4020 393 4059 ι.
410 4018 434 4056 et
452 4021 475 4056 2.
493 4007 519 4056 ff.
537 4009 568 4059 do
584 4009 654 4058 hom.
671 4007 717 4056 lib.
735 4008 888 4059 exhibendo.
917 4007 961 4071 [D.
987 3999 1029 4070 43.
1055 4006 1110 4071 49]
1135 4010 1152 4056 1.
1179 4021 1200 4058 1.
1217 4013 1319 4070 §.quae

149 4099 299 4146 onerandas.
324 4097 349 4145 ff.
375 4111 446 4157 quar.
470 4111 519 4145 rer.
535 4098 612 4147 actio·
624 4112 676 4146 non
694 4101 774 4148 detur.
794 4098 839 4164 [D.
857 4113 898 4162 44.
920 4111 942 4154 5.
964 4112 984 4146 1.
1002 4103 1025 4157 ξ.
1044 4099 1080 4161 5].
1093 4089 1115 4147 ‘1.
1129 4098 1150 4147 si
1169 4100 1278 4158 quando.
1291 4102 1319 4162 5.

148 4186 211 4236 illud
229 4187 302 4237 verb.
321 4188 504 4248 astringendos.
523 4190 552 4236 C.
571 4191 602 4237 de
620 4189 714 4238 inoffic.
733 4201 790 4237 test.
810 4187 854 4252 [C.
874 4202 897 4247 3.
916 4191 956 4237 28.
974 4201 1013 4246 35.
1032 4192 1053 4247 5.
1074 4189 1108 4251 1.]
1145 4186 1155 4220 ²
1172 4190 1189 4236 l.
1205 4202 1319 4237 necnon

148 4281 169 4340 ᾗ.
192 4280 262 4339 quod
287 4277 352 4336 ejus.
374 4278 400 4328 ff.
425 4292 457 4327 ex
484 4278 555 4338 quib.
578 4292 645 4328 caus.
669 4278 759 4336 major.
783 4280 827 4341 [D.
853 4294 878 4342 4.
900 4280 982 4330 sees.
1000 4281 1021 4342 5.
1038 4281 1073 4341 2.]
1092 4282 1110 4328 1.
1128 4291 1219 4328 statuas
1238 4281 1267 4327 C.
1287 4281 1318 4328 de

148 4368 285 4428 religiosis.
312 4367 355 4430 [C.
381 4381 404 4429 3.
428 4382 470 4432 44.
495 4370 531 4432 7.]
567 4367 578 4402 ³
604 4382 694 4420 contra
712 4373 730 4420 1.
750 4385 773 4420 2.
792 4384 849 4440 cum
865 4370 982 4432 vulgatis.
1002 4373 1030 4420 C.
1049 4385 1140 4420 comm.
1158 4372 1189 4419 de
1208 4373 1256 4430 leg.
1276 4371 1318 4432 [C.

149 4459 173 4506 6.
191 4459 245 4520 44.]
281 4459 293 4491 ⁴
311 4471 400 4508 contra
418 4461 436 4506 1.
454 4459 526 4508 illud.
545 4460 570 4508 ff.
586 4463 617 4509 ad
636 4463 652 4508 1.
672 4461 757 4521 Aquis.
775 4461 824 4526 [D.
843 4475 867 4522 9.
886 4475 909 4510 u.
929 4461 981 4524 am]
