3326 5506
338 621 403 682 224
635 620 681 665 DE
707 619 798 684 Jeme
826 620 1015 666 eteuuaz.
1040 619 1110 678 CA?
1143 619 1212 665 xn.

337 795 377 840 er
400 773 677 858 occupationibus
707 777 932 858 populorum,
962 789 1002 840 ut
1027 775 1155 857 privata
1176 772 1323 840 dominia
1345 793 1387 840 ex
1410 793 1515 840 occu·

336 885 528 970 pationibus
557 887 774 972 singulorum.
818 885 917 952 Vidit
946 888 1011 952 boc
1040 887 1163 953 Celsus
1182 890 1217 968 ¹,
1240 887 1298 969 qui
1319 888 1406 952 clare
1429 886 1515 952 satis

337 997 513 1083 distinguit
546 999 632 1065 inter
663 999 797 1081 littora,
839 1019 924 1081 quae
962 1000 1109 1081 populus
1141 999 1313 1065 Romanus
1345 1018 1516 1081 occupare

336 1107 471 1192 potuit,
495 1109 541 1176 ita
562 1125 669 1176 tamen
694 1126 732 1176 ut
753 1111 830 1177 usui
853 1109 1019 1177 communi
1039 1129 1107 1176 nou
1126 1125 1322 1193 noceretur,
1345 1125 1380 1176 et
1398 1131 1514 1190 mare,

337 1221 429 1303 quod
449 1221 585 1287 omnino
604 1222 774 1305 pristinam
794 1237 942 1288 naturam
965 1220 1115 1287 retinuit.
1139 1222 1214 1287 Nec
1237 1225 1306 1287 ulla
1326 1225 1380 1288 lex
1399 1223 1515 1288 diver·

336 1351 409 1398 srrm
431 1333 567 1401 indicat.
590 1335 687 1422 Quae
708 1355 789 1400 vero
800 1334 1112 1420 legesacontrariae
1122 1335 1304 1400 sententiae
1315 1334 1515 1400 auctoribus

335 1445 480 1511 citantur
497 1442 534 1526 ¹,
562 1461 622 1511 aut
649 1446 690 1511 de
714 1443 834 1512 insulis
858 1449 1065 1528 loquuntur,
1094 1465 1179 1527 quas
1195 1449 1319 1512 clarum
1338 1463 1390 1512 est
1407 1465 1514 1512 occu-

334 1555 405 1640 pari
426 1557 595 1640 potuisse,
617 1571 676 1622 aut
692 1558 864 1640 deporto,
886 1557 1289 1638 quinoncommunisest,
1309 1559 1513 1641 sedproprie

335 1668 502 1751 publicus.
525 1667 595 1756 Qui
613 1688 693 1734 vero
712 1668 829 1735 dicunt
845 1689 932 1734 mare
950 1669 1089 1750 aliquod
1105 1689 1177 1736 csse
1195 1669 1323 1752 imperii
1341 1670 1511 1752 Romani,

336 1779 460 1846 dictum
487 1799 584 1847 suum
613 1780 659 1846 ita
685 1780 964 1870 interpretantur,
996 1797 1036 1847 nt
1061 1781 1174 1847 dicant
1189 1782 1247 1865 jus
1262 1781 1348 1847 illud
1366 1782 1399 1848 in
1420 1803 1512 1847 mare

336 1895 420 1959 ultra
454 1893 691 1977 protectionem
724 1907 758 1957 et
784 1891 1049 1977 jurisdictionem
1084 1912 1152 1959 non
1184 1894 1381 1975 procedere:
1416 1896 1511 1976 quod

336 2003 384 2070 illi
404 2005 462 2089 jus
483 2025 502 2070 a
523 2004 724 2088 proprietate
753 2003 986 2088 distinguunt,
1008 2023 1070 2070 nec
1092 2003 1180 2070 forte
1202 2006 1283 2070 satis
1302 2006 1512 2072 animadver-

335 2131 412 2182 tunt
442 2116 477 2181 id
509 2115 638 2200 ipsum,
678 2116 769 2198 quod
808 2117 953 2199 populus
989 2116 1161 2181 Romanus
1195 2119 1316 2182 classes
1343 2119 1511 2200 praesidio

335 2227 559 2314 navigantium
580 2227 755 2311 disponere
777 2228 910 2310 potuit,
934 2243 969 2293 et
990 2229 1211 2311 deprehensos
1232 2229 1266 2293 in
1287 2227 1371 2293 mari
1385 2230 1511 2312 piratas

334 2338 472 2422 punire,
495 2357 562 2406 non
583 2359 623 2404 ex
641 2339 799 2422 proprio,
823 2340 882 2406 sed
900 2359 940 2404 ex
950 2341 1199 2424 communijure
1209 2340 1392 2421 accidisse,
1416 2342 1510 2422 quod

334 2465 366 2516 et
394 2450 475 2516 aliae
505 2451 626 2516 liberae
643 2465 756 2535 gentes
775 2451 808 2515 in
827 2471 915 2517 mare
932 2452 1064 2516 habent
1109 2452 1199 2516 Illud
1215 2451 1345 2517 iuterim
1366 2450 1511 2517 fatemur

334 2561 482 2646 potuisse
509 2563 595 2628 inter
621 2577 734 2646 gentes
763 2563 892 2645 aliquas
921 2563 1123 2642 convenire,
1158 2579 1197 2628 ut
1223 2563 1309 2646 capti
1343 2563 1376 2627 in
1409 2563 1510 2629 maris

334 2675 395 2741 bac
423 2690 481 2740 aut
507 2673 562 2740 illa
586 2689 676 2758 parte
699 2675 799 2760 hujus
822 2690 880 2740 aut
901 2674 991 2741 illius
1011 2674 1212 2758 reipublicae
1229 2675 1392 2770 judicium
1416 2675 1510 2743 subi-

334 2801 428 2868 rent,
457 2801 558 2869 atque
580 2785 626 2852 ita
648 2786 689 2852 ad
710 2786 975 2853 commoditatem
997 2785 1247 2871 distinguendae
1265 2787 1511 2873 jurisdictionis

334 2897 368 2963 in
399 2897 478 2964 mari
510 2896 593 2965 lines
623 2896 784 2963 describi:
816 2898 909 2978 quod
940 2897 1029 2980 ipsos
1064 2898 1197 2981 quidem
1225 2919 1293 2964 eam
1316 2899 1382 2965 sibi
1403 2902 1508 2985 legem

333 3007 476 3076 luentes
508 3005 650 3096 deligat,
682 3024 716 3075 at
746 3007 830 3076 alios
861 3011 1005 3093 populos
1038 3029 1106 3076 non
1139 3011 1241 3092 item,
1264 3031 1374 3094 neque
1398 3013 1509 3078 locum

333 3119 474 3207 alicujus
504 3121 673 3205 proprium
706 3118 810 3200 iacit,
843 3119 958 3187 sedin
980 3141 1137 3204 personas
1166 3123 1432 3188 contrahentium
1455 3124 1510 3207 jus

333 3231 506 3299 constituit
524 3231 547 3297 ⁸.
592 3231 687 3318 Quae
710 3230 902 3313 distinctio,
926 3247 965 3297 ut
986 3233 1126 3298 naturali
1148 3234 1267 3300 rationi
1290 3249 1509 3300 consentanea

333 3358 405 3424 est,
429 3341 474 3407 ita
496 3341 823 3425 Ulpiani⁴responso
846 3343 988 3425 quodam
1012 3345 1266 3427 comprobatur,
1290 3345 1348 3426 qui
1373 3362 1508 3432 rogatus

333 3471 373 3520 an
395 3453 536 3520 duorum
567 3451 775 3538 praediorum
808 3454 1043 3522 maritimorum
1077 3456 1229 3522 dominus
1251 3457 1344 3523 alteri
1369 3478 1507 3540 eorum,

333 3565 424 3648 quod
459 3564 637 3646 venderet,
672 3564 863 3632 servitutem
897 3565 1062 3650 potuisset
1093 3567 1284 3652 imponere,
1307 3587 1349 3634 ne
1372 3568 1450 3636 inde
1473 3571 1505 3635 in

333 3782 430 3794 —0--
438 3783 528 3794 —n—-r-

367 3923 373 3957 ¹
394 3927 410 3974 l.
437 3923 533 3974 littora.
558 3915 582 3974 r}
607 3939 639 3974 ne
664 3925 725 3986 quid
751 3924 777 3973 in
802 3927 862 3974 loco
888 3925 958 3986 publ.
985 3925 1030 3988 [1).
1055 3941 1095 3987 43.
1122 3932 1144 3976 8.
1168 3928 1205 3990 3.]
1241 3926 1286 3977 ²1.
1306 3930 1413 3978 insulae.
1432 3931 1459 3979 ff.
1478 3933 1507 3979 dc

332 4013 445 4074 iudiciis.
465 4017 509 4080 [1).
529 4029 552 4073 ⁵·
574 4030 595 4065 r.
613 4015 649 4080 9.]
670 4019 687 4065 l.
706 4018 805 4064 Cacsar.
824 4016 850 4063 11.
869 4019 899 4064 dc
917 4017 987 4077 publ.
1007 4016 1052 4081 [1).
1071 4032 1112 4080 39.
1130 4034 1154 4080 4.
1176 4021 1227 4082 1⁵·]
1248 4023 1288 4069 Gl.
1307 4021 1332 4070 in
1348 4025 1365 4070 l.
1375 4026 1506 4082 quaedam.

296 4103 306 4116 '
332 4107 358 4157 il.
383 4109 414 4158 de
439 4121 486 4156 rer.
512 4109 565 4158 div.
592 4107 638 4172 [D.
665 4121 686 4155 ι.
712 4110 735 4154 8.
761 4106 796 4169 a]
823 4119 848 4154 ct
872 4106 908 4156 ibi
932 4109 983 4156 llal.
1001 4121 1026 4157 et
1046 4111 1086 4159 Gl.
1104 4112 1130 4159 in
1148 4116 1170 4170 5.
1192 4125 1213 4160 r.
1233 4114 1292 4160 lost.
1312 4115 1344 4161 de
1363 4128 1414 4162 rer.
1432 4116 1506 4163 divis.

334 4199 367 4261 [1.
386 4213 409 4247 a.
430 4200 463 4261 1.]
483 4211 507 4248 et
526 4199 552 4248 in
571 4201 595 4247 d.
613 4199 630 4246 l.
649 4197 744 4247 littora.
779 4195 859 4245 ⁸lial.
878 4197 903 4246 in
922 4212 945 4247 c.
966 4213 986 4248 r.
1005 4199 1030 4248 in
1049 4215 1088 4261 pr.
1108 4201 1134 4250 in
1152 4217 1175 4250 a.
1192 4207 1245 4251 col.
1264 4204 1336 4264 quib.
1357 4207 1505 4254 modseud.

332 4289 411 4338 amitt.
436 4291 509 4340 Adde
533 4293 549 4338 1.
572 4288 671 4339 unicam
696 4290 725 4335 C.
749 4290 780 4336 de
798 4288 921 4338 classicis.
940 4291 983 4352 [C.
1004 4305 1042 4339 ιι.
1063 4294 1115 4354 rm]
1135 4306 1160 4341 et
1179 4297 1243 4354 ling.
1261 4295 1287 4342 in
1306 4299 1324 4342 1.
1343 4309 1413 4344 sanc.
1431 4297 1457 4344 11.
1476 4299 1505 4344 de

332 4379 440 4437 injuriis.
466 4380 509 4445 [D.
532 4393 573 4442 47.
594 4392 632 4428 ro.
653 4376 703 4441 ι4.]
740 4377 751 4410 ⁴
769 4381 785 4426 l.
804 4380 924 4427 venditor
942 4381 1024 4429 fundi.
1041 4383 1066 4430 li.
1087 4397 1178 4432 comm.
1196 4387 1281 4444 praed.
1303 4384 1348 4447 [D.
1367 4390 1392 4434 8.
1409 4401 1434 4446 4.
1456 4385 1503 4448 rs]

333 4473 404 4520 Adde
423 4474 439 4518 1.
458 4471 551 4520 caveri.
571 4472 601 4532 [1.
619 4470 656 4531 4.]
677 4483 707 4517 eo
727 4469 765 4517 tit.
