3362 5504
331 617 393 680 334
653 617 699 663 oa
723 617 816 681 June
844 615 1028 663 susanae,
1053 615 1133 661 cna.
1158 616 1215 661 xv.

329 770 469 853 turpiter
491 772 677 853 quaesitum
702 787 761 836 est.
808 771 894 837 Nam
919 785 952 836 et
974 789 1035 837 nos
1057 770 1135 836 huic
1161 768 1341 836 sententiae
1363 769 1504 835 libenter

327 883 549 964 assentimus,
573 882 639 948 imo
661 883 758 948 etiam
780 883 808 950 si
832 881 902 946 fieri
925 897 1058 965 posset,
1079 900 1116 948 ut
1127 883 1266 966 injustas
1277 882 1502 965 possessiones

326 1007 476 1061 tueretur
510 993 642 1060 fortuna
674 1010 706 1060 et
736 993 827 1077 longi
850 992 1009 1075 temporis
1031 992 1175 1060 firmaret
1196 994 1397 1074 auctoritas,
1420 994 1503 1059 utile

326 1119 435 1172 tamen
466 1125 536 1172 esse
556 1126 712 1190 negamus
742 1104 909 1186 quidquid
935 1105 976 1170 ab
999 1106 1140 1170 honesto
1164 1120 1196 1170 et
1215 1106 1307 1188 justo
1329 1105 1502 1187 discrepat.

326 1217 412 1283 Cum
432 1238 513 1284 vcro
537 1218 570 1284 in
592 1219 652 1283 bac
676 1217 872 1300 quaestione
892 1232 1005 1282 contra
1024 1236 1060 1281 se
1080 1237 1145 1282 rem
1170 1217 1290 1282 habere
1312 1216 1504 1282 certissimis

325 1328 511 1396 rationibus
530 1330 594 1413 jam
619 1345 693 1394 ante
717 1329 964 1411 comprobatum
989 1327 1055 1410 sit,
1080 1345 1213 1394 necesse
1235 1342 1284 1392 est
1309 1328 1396 1394 illam
1420 1347 1502 1409 qua·

326 1443 523 1522 lemcunque
559 1440 809 1524 conceptionem
840 1442 935 1506 velut
960 1441 1129 1506 subtracto
1148 1438 1363 1506 fundamento
1386 1439 1501 1505 dilabi.

327 1552 455 1618 Contra
487 1552 573 1618 enim
604 1551 813 1618 verissimum
848 1567 898 1618 est
929 1553 1036 1616 nullas
1070 1547 1137 1616 fere
1170 1552 1397 1634 possessiones
1431 1570 1502 1616 esse

326 1662 553 1745 antiquiores,
579 1683 676 1746 quam
700 1683 785 1745 quae
815 1683 855 1729 ex
877 1664 965 1729 bello
995 1664 1226 1742 obvenerunt,
1251 1679 1283 1728 et
1306 1664 1339 1728 in
1362 1663 1415 1728 his
1435 1662 1502 1728 fere

327 1774 474 1859 gentium
498 1775 646 1842 omnium
669 1775 878 1842 securitatem
900 1774 1103 1855 consistere,
1128 1789 1166 1839 ut
1184 1775 1218 1838 in
1238 1773 1501 1841 Officiis¹etiam

327 1885 465 1953 Tullius
497 1887 711 1953 demonstrat.
766 1887 883 1968 Itaque
915 1905 1010 1968 saepe
1045 1886 1132 1969 apud
1162 1901 1313 1951 auctores
1336 1887 1502 1966 occurrit,

323 2000 412 2084 juste
444 1998 607 2081 possideri
636 1998 800 2081 quidquid
831 1996 930 2063 armis
960 1997 1004 2062 sit
1035 2012 1165 2079 captum
1198 2000 1239 2064 ab
1273 1999 1443 2064 hostibus:
1468 1999 1501 2062 id

323 2112 416 2194 justo
439 2109 564 2190 titulo,
588 2109 621 2174 id
642 2112 733 2194 justa
755 2129 852 2174 causa
873 2108 914 2173 ad
936 2127 1144 2174 successores
1163 2110 1352 2175 transmitti.
1401 2111 1503 2197 Quod

327 2219 435 2303 ipsum
458 2237 491 2286 et
511 2221 654 2287 Romani
679 2223 721 2286 ad
744 2197 924 2286 Auruncos
947 2221 988 2286 de
1011 2239 1088 2305 agro
1109 2221 1345 2286 Ecetranorum
1367 2243 1503 2304 respon·

328 2333 468 2413 derunt3
502 2331 561 2413 qui
595 2347 627 2396 et
649 2331 784 2397 Volscis
817 2332 928 2396 dixere
956 2351 1024 2397 non
1045 2331 1154 2398 minus
1177 2335 1256 2398 baec
1279 2349 1389 2398 nostra
1409 2353 1502 2413 esse,

327 2463 426 2525 quam
445 2463 530 2525 quae
552 2443 640 2509 dono
663 2443 866 2525 accepimus:
892 2444 954 2508 boc
979 2441 1064 2508 forte
1085 2443 1218 2524 intuiti,
1240 2445 1332 2525 quod
1353 2444 1412 2526 qui
1427 2445 1503 2510 belii

326 2557 428 2620 aleam
464 2554 629 2636 utrimque
666 2555 812 2620 subeunt
843 2554 888 2619 ita
922 2553 1017 2636 quasi
1052 2557 1243 2620 contrahere
1264 2555 1440 2633 videntur,
1466 2572 1504 2621 ut

326 2681 420 2749 capta
453 2666 571 2733 cedant
602 2665 834 2749 capientibus,
867 2685 927 2732 nec
949 2666 995 2731 sit
1017 2666 1167 2748 iniquum
1192 2687 1267 2732 eum
1290 2665 1349 2749 qui
1371 2667 1504 2733 vincere

328 2777 500 2860 voluerit,
533 2777 561 2843 si
594 2793 709 2844 contra
741 2776 919 2860 ceciderit,
943 2777 1024 2844 victi
1047 2776 1130 2843 ferre
1152 2777 1330 2844 fortunam.
1375 2779 1503 2862 Operae

326 2889 467 2972 pretium
500 2904 550 2955 est
582 2888 652 2972 ipsa
675 2909 759 2971 quae
783 2891 866 2955 hanc
893 2889 927 2954 in
950 2909 1016 2954 rem
1040 2905 1178 2971 usurpat
1199 2890 1385 2974 Dionysius
1407 2891 1503 2955 Hali·

327 3019 519 3068 carnasseus
548 2998 559 3034 ¹
588 3001 690 3068 verba
722 3001 926 3068 describere:
961 3001 995 3065 in
1028 3001 1178 3068 oratione
1201 3001 1274 3066 Titi
1299 3003 1437 3087 Largii,
1459 3003 1502 3072 irs

325 3120 460 3195 Ῥωμαῖοι
488 3117 655 3189 καλλίστας
678 3115 930 3196 ὑπολαμβάνομεν
961 3118 1075 3192 κτήσεις
1107 3113 1178 3182 εἶναι
1211 3117 1263 3183 καὶ
1295 3117 1502 3190 δικαιοτάτας,

324 3223 363 3300 ita
384 3229 421 3295 ἂν
443 3231 646 3309 κατάσχωμεν
672 3227 791 3308 πολέμῳ
815 3226 958 3306 λαβόντες
978 3227 1029 3292 καὶ
1052 3228 1148 3309 νόμῳ,
1173 3229 1222 3294 καὶ
1243 3232 1295 3294 οὐκ
1324 3227 1361 3292 its
1383 3228 1502 3306 ὑπομεί-

325 3363 427 3419 ναιμεν
458 3339 554 3423 μωρία
586 3339 639 3413 τὴν
667 3340 770 3420 αἱρετὴν
798 3339 964 3422 ἀφανίσαι,
997 3339 1173 3419 παραδόντες
1192 3341 1274 3406 αὐτοὶ
1304 3347 1364 3411 τοῖς
1384 3340 1502 3404 ἀπολω-

326 3450 436 3516 λεκόσι·
467 3450 640 3525 κοινωνητέον
659 3473 694 3514 τε
716 3452 791 3515 πᾶσι
812 3449 862 3514 καὶ
884 3458 944 3522 τοῖς
967 3451 1001 3515 ἐκ
1019 3451 1126 3516 τούτων
1148 3451 1307 3531 γενομένοις
1329 3459 1504 3516 καταλιπεῖν

325 3564 536 3641 ἀγωνιούμεθα.
570 3567 619 3627 νῦν
645 3563 675 3628 δὲ
705 3560 891 3643 ὑπαρχόντων
921 3562 972 3636 ἤδη
1004 3561 1200 3642 στερησόμεθα
1228 3563 1278 3627 καὶ
1306 3563 1425 3634 ἑαυτοὺς
1446 3557 1501 3625 ὅσα

326 3675 481 3753 πολεμίας
502 3672 684 3756 dianopam
719 3669 866 3734 Romani
887 3670 1132 3734 honestissimas
1150 3670 1426 3755 justinianusque
1447 3689 1500 3734 aas

327 3780 492 3846 credimus
506 3788 743 3869 possessiones,
768 3801 852 3866 quas
875 3780 954 3846 balli
977 3780 1046 3867 laga
1063 3795 1182 3866 captas
1200 3782 1379 3862 habemus,
1400 3802 1501 3866 nequa

327 3912 404 3960 tero
428 3892 544 3958 induci
562 3909 758 3980 possumus,
783 3908 821 3958 at
844 3894 953 3958 stulta
968 3893 1148 3978 facilitate
1170 3893 1336 3959 deleamus
1357 3897 1500 3960 virtutis

328 4005 552 4085 monimenta,
585 4005 697 4071 eadam
727 4004 799 4070 illis
830 4003 1025 4084 reddentes,
1049 4005 1168 4089 quibas
1192 4005 1290 4070 semel
1309 4009 1499 4090 perierant.

330 4108 398 4194 Qui
420 4135 497 4201 argo
520 4119 557 4180 ia
580 4118 638 4182 hoc
660 4119 825 4182 communi
847 4130 903 4202 apa
925 4116 1122 4181 certandum
1146 4115 1337 4196 credimus,
1361 4131 1400 4180 at
1416 4117 1499 4200 ajus-

327 4223 415 4289 modi
439 4226 595 4310 plurima
629 4226 677 4292 ad
703 4241 852 4314 posteros
881 4227 1154 4311 transferamus,
1178 4249 1265 4292 nunc
1288 4249 1374 4313 quaa
1391 4241 1498 4314 parta

362 4470 369 4502 ¹
388 4472 433 4519 lib.
452 4487 482 4520 1..
507 4471 580 4520 'lib
599 4474 623 4521 6.
642 4473 680 4532 [p.
700 4473 756 4532 ³⁶9·
771 4486 810 4522 vs.
829 4473 882 4533 ομ]
