3316 5494
206 1752 278 1799 artic.
315 1785 322 1799 .

205 1818 272 1869 pars.
280 1807 315 1854 11.

354 637 415 702 152
676 641 723 687 DE
746 641 840 709 Junu
865 639 1049 688 PRAEDAE.
1073 639 1153 687 CAP.
1178 641 1211 685 X.
1266 697 1272 704 .

351 792 505 878 assignati
519 808 606 860 sunt
626 800 657 877 ¹,
681 794 834 862 instituto
855 795 1014 876 Romuli,
1039 794 1131 878 quod
1152 791 1315 878 posterior
1337 805 1425 856 aetas
1449 787 1526 854 diu·
1547 867 1551 872 ³

350 903 475 971 tissime
502 919 616 972 secuta
645 921 707 975 est.
751 907 840 974 Ante
858 905 1131 990 acquisitionem,
1158 923 1315 990 personae
1338 917 1443 968 certae
1466 913 1527 966 aut

351 1015 511 1112 incertae:
545 1031 674 1099 certae,
706 1033 746 1084 ut
778 1018 806 1086 si
829 1018 904 1102 quis
934 1019 1085 1085 tabenras
1111 1015 1275 1084 Βοιιιιιιι
1297 1015 1337 1080 ab
1356 1012 1525 1079 Annibale

351 1126 503 1210 emisset,
537 1143 574 1195 ut
604 1128 729 1223 Doloni
762 1129 838 1212 equi
871 1128 1013 1195 Achillis
1033 1126 1065 1194 ἰ
1097 1129 1262 1208 incertae,
1299 1145 1383 1209 quac
1414 1137 1526 1190 tamen

351 1253 439 1305 certa
457 1238 501 1306 sit
520 1238 653 1323 futura,
675 1255 762 1306 recte
784 1241 919 1322 donari,
943 1240 1079 1307 missilia
1102 1252 1293 1326 argumento
1316 1249 1414 1318 sunt,
1438 1253 1527 1318 quae

350 1352 467 1418 consul
494 1369 533 1416 eo
556 1351 665 1418 animo
687 1351 843 1437 projicit,
876 1367 915 1418 ut
936 1351 965 1418 ci
987 1353 1217 1436 acquirantur,
1248 1349 1438 1433 quicunque
1469 1365 1526 1412 ce-

349 1460 450 1544 perit,
475 1461 535 1527 etsi
555 1461 683 1548 ignoret
702 1462 771 1546 ipse
790 1463 872 1546 quid
891 1462 935 1530 sit
954 1463 1097 1546 quisque
1116 1477 1329 1546 excepturus:
1354 1457 1526 1542 quomodo

350 1565 445 1638 etiam
469 1573 664 1642 convivator
685 1573 777 1641 cibos
800 1575 1015 1641 convivarum
1039 1573 1128 1642 facit.
1175 1573 1230 1640 Sic
1253 1573 1354 1658 igitur
1377 1583 1434 1636 aut
1456 1587 1527 1635 res·

206 1699 281 1744 coner.
286 1698 335 1798 1¹i¹
347 1684 480 1766 publica
510 1683 551 1750 fit
581 1684 734 1768 domina,
766 1701 828 1751 aut
852 1689 881 1750 is
903 1690 960 1751 cui
985 1685 1152 1772 praedam
1184 1681 1425 1771 acquirendam
1457 1679 1526 1745 illa

348 1798 547 1883 assignavit.
591 1796 779 1881 Dupliciter
807 1798 872 1863 hoc
902 1795 973 1864 ficri
1003 1811 1136 1881 potest,
1169 1808 1226 1862 aut
1257 1792 1414 1879 singulari
1443 1809 1526 1857 con·

348 1907 515 1990 cessione,
549 1922 605 1974 aut
636 1910 708 1994 lege
739 1922 916 1993 perpetua:
951 1927 1059 1992 neque
1092 1907 1176 1974 enim
1206 1905 1344 1973 dubium
1368 1918 1417 1971 est
1439 1901 1524 1985 quin

346 2018 400 2084 lex
422 2018 590 2089 dominum
613 2019 720 2086 faciat.
766 2019 932 2106 Singulari
955 2020 1190 2103 concessione,
1214 2033 1252 2083 ut
1274 2015 1405 2101 quoties
1428 2014 1526 2099 signo

347 2129 425 2196 dato
447 2131 488 2196 ad
510 2130 725 2215 direptionem
748 2131 1001 2199 discurrebatur.
1024 2132 1114 2198 Idem
1138 2144 1171 2197 et
1192 2133 1266 2216 lege
1286 2128 1355 2195 fieri
1370 2125 1525 2210 potest⁸c

346 2259 408 2307 nec
439 2241 504 2309 alio
535 2241 693 2309 differunt
724 2243 806 2324 ista,
838 2243 903 2311 nisi
936 2243 1029 2325 quod
1060 2241 1143 2328 legis
1174 2255 1329 2326 perpetua
1362 2237 1524 2322 quaedam

217 2359 288 2408 Nora
299 2361 336 2408 dc·
347 2352 431 2418 ratio
452 2367 523 2436 cst,
548 2353 696 2437 aequitas
720 2353 860 2423 scilicet.
907 2354 1070 2438 Aequitas
1090 2354 1125 2420 in
1146 2371 1185 2420 eo
1204 2351 1358 2420 consistit
1375 2364 1415 2416 ut
1433 2351 1526 2416 lucra

216 2417 324 2464 claranda.

347 2483 423 2531 cum
456 2464 581 2531 damnis
612 2481 878 2548 compensentur.
925 2466 1012 2532 Sunt
1044 2481 1152 2532 autem
1185 2464 1300 2531 damna
1333 2448 1407 2529 non
1424 2461 1525 2528 unius

348 2575 476 2661 generis
499 2597 573 2643 cum
597 2577 660 2642 alia
682 2577 891 2657 nolentibus,
915 2577 979 2644 alia
998 2577 1190 2645 volentibus
1209 2574 1370 2643 accidant.
1395 2575 1525 2641 Nolen-

347 2687 438 2755 tibus
468 2687 586 2756 accidit
612 2706 720 2754 rerum
741 2688 780 2756 ab
799 2687 952 2756 hostibus
973 2703 1155 2773 ereptarum
1175 2687 1318 2754 amissio.
1361 2687 1525 2753 Volentes

348 2814 404 2865 aut
424 2819 554 2884 operam
574 2815 631 2866 aut
651 2819 731 2884 opes
754 2799 982 2884 impendimus.
1024 2801 1160 2867 Certum
1181 2813 1288 2866 autem
1310 2813 1361 2866 est
1383 2797 1524 2882 obligari

346 2911 567 2978 mandatorem
587 2911 787 2980 mandatorio
810 2912 853 2976 ob
872 2912 1030 2996 jacturam
1053 2932 1137 2994 quae
1158 2931 1224 2978 non
1248 2909 1401 2994 quolibet
1423 2925 1523 2990 casu,

347 3023 407 3090 scd
426 3025 597 3092 occasione
619 3024 762 3092 mandati
786 3023 927 3109 contigit
944 3027 968 3091 ⁴.
991 3025 1044 3090 De
1066 3023 1162 3090 factis
1182 3021 1366 3103 sumtibus,
1388 3021 1469 3104 quin
1493 3033 1525 3084 et

348 3135 382 3201 hi
399 3150 632 3220 recuperentur
647 3135 789 3202 mandati
809 3135 960 3221 [udici0,
978 3155 1155 3219 numquam
1177 3134 1362 3202 dubitatum
1382 3147 1444 3200 cst.
1468 3130 1525 3197 Ad

349 3265 466 3328 operae
485 3246 663 3312 mercedem
685 3246 778 3329 quod
798 3245 930 3323 attinet,
960 3267 997 3313 ea
1020 3247 1152 3330 quidem
1173 3248 1247 3332 jure
1265 3245 1415 3312 Romano
1436 3243 1523 3329 exigi

348 3376 413 3422 nou
443 3373 553 3440 potest
582 3355 647 3423 nisi
677 3371 770 3440 pacta
802 3356 868 3441 sit,
900 3357 1054 3426 sednon
1086 3380 1125 3426 eo
1152 3359 1261 3429 minus
1290 3359 1364 3445 J'ure
1386 3370 1523 3423 naturae

346 3532 542 3548 m

382 3636 391 3671 ¹
410 3641 428 3688 l.
445 3638 507 3688 item
524 3639 545 3688 si
563 3640 731 3691 verberatum.
745 3642 767 3706 ς.
786 3656 810 3692 ι.
827 3642 853 3690 ff.
872 3643 957 3693 derel
974 3643 1046 3694 vind.
1065 3642 1110 3710 [D.
1127 3645 1151 3694 6.
1173 3657 1193 3692 ι.
1216 3643 1268 3708 ra]
1287 3645 1304 3692 l.
1321 3641 1426 3692 Lucius.
1443 3641 1471 3692 ff.
1490 3643 1521 3691 de

346 3730 424 3779 evict.
449 3729 494 3793 [D.
519 3743 559 3780 ιι.
585 3745 608 3780 2.
633 3731 685 3798 rr.]
708 3735 725 3782 l.
750 3734 776 3783 in
794 3733 868 3795 egris.
886 3733 912 3783 ι’.
931 3736 963 3785 ιιι·
981 3749 1036 3797 rcq.
1055 3749 1104 3784 rer.
1122 3737 1190 3784 dom.
1210 3731 1254 3798 [D.
1272 3747 1314 3795 41.
1337 3747 1358 3782 ι.
1379 3731 1429 3796 rc]
1450 3734 1520 3781 Lam·

345 3823 412 3883 prid.
431 3823 506 3872 Alex.
531 3825 589 3872 sev.
615 3823 653 3888 [c.
677 3823 729 3888 sb]
765 3822 854 3874 'insa
872 3828 903 3875 de
921 3839 970 3875 rer.
988 3826 1042 3875 div.
1059 3827 1148 3889 §boc
1165 3824 1272 3885 amplius
1292 3825 1324 3888 [1.
1342 3839 1366 3872 ι.
1386 3837 1410 3874 ι.
1426 3823 1448 3886 5.
1466 3821 1519 3888 46.]

345 3912 356 3945 ¹
379 3913 459 3963 Willr.
483 3913 574 3963 Martii.
598 3915 637 3963 De
660 3915 730 3964 bello
753 3914 823 3974 iusto
847 3928 872 3966 et
897 3917 981 3966 licito.
1003 3929 1056 3978 req.
1083 3931 1106 3966 ι.
1128 3932 1156 3978 p.
1174 3929 1198 3973 s.
1230 3915 1278 3965 ⁴1.
1296 3929 1355 3965 cum
1373 3915 1519 3977 duchon&

346 4006 444 4054 demna.
467 4003 494 4054 ff.
517 4018 566 4067 pro
589 4005 669 4055 socio.
696 4003 740 4070 [D.
768 4020 806 4065 17.
832 4021 856 4056 a.
883 3987 923 4064 ει.
941 4007 963 4069 ς
982 4007 1018 4069 a]
1036 4010 1054 4056 l.
1072 4007 1095 4057 si
1112 4010 1276 4058 mandassem.
1293 4007 1321 4055 ff.
1336 4005 1456 4058 mandati.
1477 4005 1520 4070 [D.

347 4107 428 4160 ι7.,ι.
448 4094 499 4160 rs]
520 4097 608 4145 Innoc.
632 4095 659 4146 in
677 4111 700 4145 c.
718 4095 793 4147 sicut.
810 4097 837 4146 in
857 4097 924 4160 fine,
947 4096 1106 4157 de·jurejur.
1126 4096 1265 4163 [Decretal.
1284 4113 1307 4148 2·
1327 4112 1367 4161 24.
1386 4096 1440 4163 ap]
1460 4097 1520 4146 silv.

346 4187 372 4236 in
390 4203 416 4238 v.
434 4189 540 4237 Bellum.
560 4201 581 4238 r.
604 4192 626 4247 §-
650 4201 674 4248 7.
697 4192 780 4239 concl.
800 4203 838 4238 ιο.
858 4201 882 4239 ct
899 4194 921 4249 l.
938 4204 976 4239 ιι.
995 4192 1081 4240 conci.
1099 4204 1122 4239 a.
1140 4202 1165 4239 et
1184 4195 1205 4250 ς.
1225 4205 1264 4250 13.
1282 4202 1308 4239 et
1326 4190 1352 4239 in
1371 4206 1397 4240 v.
1415 4190 1519 4239 Menda-

344 4289 407 4327 tum.
430 4277 451 4340 ς.
476 4279 500 4327 6.
523 4281 540 4327 l.
564 4278 586 4328 si
609 4292 682 4328 vero.
708 4284 729 4339 ς.
745 4280 766 4329 si
788 4280 850 4329 mibi
868 4281 1034 4331 mandaveris.
1053 4282 1097 4344 [D.
1117 4294 1156 4340 17.
1177 4295 1198 4330 ι.
1219 4295 1257 4330 12.
1275 4285 1297 4341 ξ.
1314 4279 1351 4346 9.]
1371 4284 1388 4329 1.
1405 4279 1450 4342 qui
1467 4293 1519 4330 mu·

343 4381 421 4417 tuam.
438 4373 460 4430 5.
473 4368 523 4418 ιιι.
544 4367 573 4433 [1.
592 4371 631 4426 56.
650 4373 673 4429 ς.
691 4383 716 4432 4.
736 4372 768 4419 D.
786 4385 817 4420 co
835 4369 888 4435 tin]
908 4373 926 4419 l.
943 4371 965 4420 si
983 4371 1040 4433 quis
1056 4372 1142 4422 alicui.
1159 4372 1181 4436 ς.
1200 4371 1337 4433 impendia.
1360 4371 1387 4420 ff.
1402 4369 1518 4420 mandati.

346 4457 377 4523 [l.
397 4473 437 4518 27.
459 4463 481 4520 ς.
503 4473 529 4524 4.
551 4463 583 4510 D.
608 4475 640 4510 eo
665 4460 716 4525 tit]
744 4463 821 4511 Marc.
843 4463 921 4512 Laud.
946 4477 971 4523 q.
995 4464 1020 4511 6.
1037 4475 1062 4511 er
1079 4477 1121 4526 42.
1139 4463 1201 4513 silv.
1219 4465 1244 4512 d.
1261 4467 1316 4522 §.7
1345 4464 1429 4512 conci.
1449 4474 1473 4520 7.
1493 4471 1516 4508 et

343 4550 366 4613 S.
390 4564 427 4612 ¹4·
