3316 5494
347 585 405 664 136
650 603 697 648 nu
719 603 812 671 June
839 603 1026 652 1141111411.
1050 606 1132 654 car.
1157 606 1194 651 x.

340 755 415 822 trita
436 754 469 822 in
490 755 612 822 scholis
629 757 923 842 jurisprudentium
938 760 1059 826 ι11111111
1088 777 1307 844 possessorem
1328 750 1515 824 ministerio

340 887 413 932 meo
432 867 628 950 nefacere,
650 869 819 953 possidere
840 869 924 936 eninr
944 891 1018 938 eum
1040 871 1136 955 cujus
1155 869 1285 936 nomine
1306 868 1516 952 possidetur:

339 977 446 1060 ipsum
469 995 575 1044 autem
595 996 838 1063 procuratorem
859 982 981 1048 alienae
999 997 1126 1048 tantum
1145 979 1345 1064 possessioni
1365 980 1515 1046 ministe-

340 1087 423 1154 rium
446 1103 624 1172 praestare.
672 1090 738 1157 Sed
769 1090 912 1158 dubitari
943 1108 1052 1175 potest
1074 1112 1114 1158 ex
1136 1091 1274 1158 naturali
1297 1090 1423 1156 ratione
1447 1093 1514 1157 hoc

339 1199 498 1283 obtineat,
518 1220 559 1266 an
575 1201 649 1285 [ure
667 1202 849 1290 Quiritium
861 1217 893 1268 ct
902 1203 1138 1270 constitutione
1148 1198 1301 1268 Severi¹:
1323 1200 1514 1285 praesertim

340 1311 416 1392 quia
440 1310 475 1377 id
496 1311 648 1380 utilitatis
676 1333 772 1380 causa
802 1328 968 1397 receptum
997 1314 1063 1380 dici
1097 1313 1249 1380 videatur
1267 1310 1289 1377 ⁸.
1335 1314 1513 1378 Attamen

338 1441 404 1488 non
427 1422 568 1505 dubito,
592 1424 674 1506 quin
697 1444 737 1490 ex
751 1425 824 1509 J‘ure
837 1423 982 1509 gentium
996 1425 1168 1508 procedat:
1193 1423 1512 1509 cujusreirnagnunr

338 1553 414 1600 saue
435 1550 661 1617 argumentum
682 1551 752 1616 est,
777 1536 869 1616 quod
890 1535 924 1602 in
947 1535 1102 1603 civilibus
1124 1534 1399 1618 acquisitionibus
1419 1533 1514 1598 aliter

338 1661 372 1708 se
393 1662 445 1710 res
465 1646 584 1728 habet,
617 1662 655 1713 ut
677 1646 710 1713 in
729 1645 1021 1729 stipulationibus,
1054 1667 1138 1728 quae
1161 1646 1267 1712 alieno
1290 1645 1422 1712 nomine
1441 1643 1512 1710 fieri

337 1773 404 1820 non
429 1772 570 1839 possunt
588 1752 610 1824 ⁴.
656 1758 702 1823 Et
732 1757 870 1824 discrete
899 1756 1113 1824 Modestinus
1132 1759 1162 1822 ⁵:
1187 1758 1277 1843 quod
1296 1755 1512 1822 naturaliter

336 1870 535 1951 acquiritur
566 1871 652 1934 sicut
681 1872 862 1955 possessio,
890 1867 1019 1950 inquit,
1042 1883 1107 1953 per
1129 1868 1305 1953 quemlibet
1325 1866 1510 1935 uolentibus

336 1977 426 2043 nobis
448 1959 616 2063 possidere
648 1982 857 2063 acquiritur.
904 1978 969 2044 Sed
991 1978 1053 2044 alia
1073 1979 1210 2046 fuerunt
1232 1978 1273 2044 de
1297 1977 1421 2060 quibus
1444 1976 1510 2042 dis-

336 2101 486 2169 putatum
519 2104 568 2155 est
599 2087 683 2154 inter
711 2103 839 2156 veteres
866 2089 950 2175 juris
973 2104 1122 2156 auctores
1140 2091 1176 2171 ⁸,
1201 2104 1363 2172 quatenus
1384 2088 1512 2155 scilicet

336 2198 502 2281 possessio
525 2199 599 2267 talis
617 2199 843 2285 ignorantibus
864 2200 959 2267 etism
971 2199 1068 2266 nobis
1081 2199 1283 2283 acquiratur,
1303 2213 1336 2265 et
1346 2214 1511 2282 quatenus

335 2309 508 2376 accedente
526 2310 663 2376 scientia
680 2310 836 2394 procedat
855 2310 1025 2394 usucapio.
1052 2311 1194 2378 Severus
1212 2308 1222 2343 ⁷
1243 2325 1348 2378 autern
1371 2311 1510 2406 adhaec

337 2419 432 2485 etiarn
446 2423 590 2506 regulam
600 2421 776 2506 produxit,
799 2424 1006 2504 nequesob,
1026 2421 1202 2504 utinquit,
1222 2421 1374 2490 utilitatis
1383 2422 1510 2488 ratione

334 2530 393 2596 sed
414 2544 446 2597 et
461 2531 747 2616 jurisprudentiae.
793 2531 984 2614 Possessi0‚
1007 2548 1044 2598 ut
1064 2532 1096 2598 in
1116 2532 1279 2616 principio
1299 2531 1509 2617 attigimus⁸,

335 2661 374 2707 ex
396 2642 527 2710 duobus
546 2658 609 2726 est,
630 2664 669 2709 ex
689 2643 796 2710 animo
816 2658 848 2709 et
866 2662 1012 2726 corpore.
1038 2643 1094 2708 Ab
1116 2643 1224 2709 animo
1242 2643 1358 2728 agendi
1378 2643 1508 2708 initium

335 2771 405 2822 esse
437 2754 557 2835 debet,
590 2755 677 2822 unde
707 2754 896 2820 naturaliter
928 2775 987 2820 nec
1017 2753 1122 2820 infans
1145 2753 1266 2836 primae
1287 2753 1425 2836 aetatis,
1450 2773 1509 2820 nec

334 2862 503 2946 furiosus,
527 2886 586 2931 nec
609 2866 784 2949 quisquam
810 2865 948 2948 quinon
966 2867 1060 2945 vult,
1082 2864 1509 2948 possessionemacquiriv.

334 2975 458 3044 Animo
488 2993 597 3046 autem
627 2977 669 3044 ad
701 2977 1002 3062 apprehendendam
1039 2976 1281 3060 possessionem
1320 2975 1511 3043 naturaliter

333 3087 516 3154 ministrare
536 3108 657 3172 corpus
678 3089 792 3155 debet:
817 3108 884 3155 non
905 3102 1012 3154 tamen
1033 3086 1216 3154 necessario
1238 3101 1399 3154 nostrum.
1424 3087 1508 3154 Pau·

334 3199 386 3270 lus
406 3201 430 3240 ²⁰
449 3199 622 3288 Receptis:
656 3200 889 3270 Possessionem
922 3202 1129 3290 acquirimus
1157 3202 1267 3268 auimo
1286 3212 1318 3266 et
1349 3213 1508 3287 corpore:

336 3396 532 3408 ——u-—oon———a

369 3497 376 3528 ¹
396 3499 412 3546 1.
428 3498 493 3546 libet·
511 3500 597 3546 horno.
613 3497 639 3546 ff.
655 3500 685 3546 de
704 3511 759 3558 aeq.
777 3512 825 3546 rer.
844 3501 912 3547 dom.
930 3499 974 3560 [D.
992 3512 1033 3562 41.
1050 3512 1071 3547 1.
1088 3498 1141 3560 54]
1157 3500 1175 3546 l·
1191 3477 1321 3558 possessio
1336 3497 1357 3558 5.
1373 3495 1418 3545 lin.
1436 3497 1462 3546 ff.
1477 3499 1507 3546 de

334 3604 387 3650 aeq.
402 3602 471 3650 poss.
491 3589 535 3651 [D.
558 3601 599 3649 41.
625 3601 647 3636 1.
671 3588 706 3653 1.]
729 3591 785 3637 1.1.
804 3592 834 3637 c.
849 3603 895 3650 per
912 3603 973 3651 quas
987 3602 1053 3650 pers.
1071 3586 1129 3637 nob.
1146 3602 1203 3649 acq.
1222 3587 1264 3651 [C.
1282 3602 1306 3648 4.
1323 3587 1375 3649 17.]
1396 3588 1506 3649 111130-

333 3679 385 3731 tiis.
410 3682 440 3727 C.
459 3681 490 3728 de
506 3679 662 3740 1113311111.
678 3677 722 3742 [C.
740 3694 763 3728 1.
784 3680 890 3742 1313]
910 3682 927 3727 1.
945 3680 1015 3739 quod
1032 3691 1098 3727 uteo.
1113 3679 1139 3726 ll'.
1155 3681 1186 3727 de
1203 3693 1259 3738 acq.
1274 3691 1344 3740 poss.
1363 3679 1407 3740 [D.
1422 3692 1464 3739 41.
1484 3691 1507 3729 1.

334 3769 385 3834 ι8.]
420 3768 432 3802 ¹
448 3773 466 3819 1.
485 3785 506 3819 1.
523 3773 552 3820 C.
571 3773 602 3820 de
620 3784 675 3832 aeq.
689 3784 758 3831 poss.
776 3771 819 3833 [C.
835 3783 859 3829 7.
876 3772 928 3833 31]
964 3769 974 3802 ⁸
992 3772 1009 3818 1.
1022 3784 1069 3831 per
1084 3782 1285 3831 procuratorem.
1304 3771 1334 3817 C.
1352 3782 1384 3816 eo
1401 3769 1443 3817 tit.
1463 3769 1506 3831 [C·

334 3873 358 3919 7.
381 3873 421 3919 31.
442 3861 479 3925 8.]
500 3864 516 3909 1.
537 3863 657 3913 solutum.
676 3865 696 3920 5.
723 3875 744 3909 1.
764 3861 790 3909 ff.
809 3863 839 3910 de
860 3861 929 3922 pign.
951 3871 998 3908 aot.
1022 3861 1066 3922 [D.
1087 3873 1125 3918 13.
1140 3872 1164 3919 7.
1183 3860 1235 3922 11.]
1259 3861 1351 3908 Paulus
1367 3860 1430 3908 Res.
1443 3871 1506 3908 sent.

333 3954 351 4003 1.
371 3965 393 4008 5.
409 3963 428 4000 1.
445 3965 467 4002 1.
482 3951 508 4000 in
521 3965 560 4012 pr.
595 3953 606 3984 ⁴
623 3954 640 4000 l.
658 3963 831 4012 quaecuuque.
848 3951 873 3999 ff.
891 3953 923 4000 de
940 3951 1018 4012 oblig.
1033 3952 1077 4013 [D.
1092 3964 1133 4013 44.
1147 3963 1171 4009 7.
1186 3950 1238 4015 ru]
1259 3952 1276 3998 1.
1293 3950 1434 4011 stipulatio.
1442 3951 1464 4011 ς.
1473 3953 1506 3998 al·

333 4043 390 4092 teri.
413 4043 440 4092 ff.
463 4045 494 4092 de
517 4042 588 4094 verb.
606 4042 659 4090 obl.
683 4043 726 4104 [D.
749 4055 790 4103 4⁵·
815 4055 853 4100 13.
877 4045 899 4090 8.
925 4043 1133 4104 §.17.]l.1.c.
1153 4055 1200 4102 per
1215 4053 1276 4102 ques
1291 4054 1357 4102 pers.
1373 4041 1436 4089 nob.
1452 4054 1506 4100 aeq.

336 4136 379 4198 [C.
393 4147 418 4195 4.
434 4133 486 4195 17.]
522 4133 533 4164 ³
551 4135 568 4181 1.
585 4146 701 4193 eaquae.
718 4133 744 4182 11.
761 4135 792 4182 de
811 4147 866 4194 aeq.
880 4135 946 4182 doru.
965 4132 1009 4196 [D.
1026 4145 1068 4194 41.
1084 4146 1106 4181 1.
1121 4133 1174 4194 53]
1209 4131 1220 4164 ⁸
1238 4135 1255 4181 1.
1270 4131 1418 4193 possessio..
1431 4132 1459 4180 ff.
1475 4133 1505 4180 de

334 4239 390 4284 acq-
406 4238 476 4286 poss.
495 4222 540 4288 [D.
555 4237 596 4284 41.
616 4236 639 4271 1.
660 4223 693 4284 1.]
712 4226 729 4272 1.
743 4224 765 4272 si
787 4237 836 4273 me.
859 4225 878 4285 ς.
897 4226 941 4272 sed
959 4224 980 4272 si
998 4237 1049 4273 non
1067 4223 1137 4272 mibi.
1154 4238 1185 4272 eo
1204 4223 1243 4272 tit.
1262 4222 1408 4288 [1).41.1.
1427 4226 1504 4284 341.

337 4317 370 4378 1.]
406 4313 596 4387 ⁷d.1.1.¹c.
620 4327 666 4375 pet·
685 4327 748 4375 quas
771 4328 838 4375 pers.
861 4316 903 4376 [C.
926 4328 950 4376 4.
977 4315 1029 4376 17.]
1064 4313 1076 4346 ⁸
1102 4317 1133 4364 ad
1149 4318 1207 4364 1.1.
1225 4328 1300 4375 supra
1318 4328 1340 4362 c.
1359 4328 1384 4362 1.
1401 4316 1474 4363 Adde
1488 4315 1505 4360 1.

333 4407 473 4466 quemadm.
495 4406 521 4454 ff.
543 4408 574 4456 de
595 4420 650 4467 aeq.
674 4419 743 4467 poss.
763 4407 806 4468 [D.
824 4420 865 4468 41.
881 4420 903 4454 2.
921 4405 956 4471 8.]
993 4405 1038 4453 ll.
1056 4419 1077 4454 1.
1096 4405 1121 4453 ff.
1139 4408 1170 4455 de
1190 4418 1244 4466 aoq.
1264 4418 1334 4465 poss.
1352 4405 1372 4466 5.
1386 4404 1504 4454 furiosus.

291 4539 293 4544 .
334 4509 358 4546 et
377 4501 398 4556 ς.
413 4510 612 4558 procuratorem.
628 4499 671 4561 [D.
689 4511 730 4559 41.
747 4512 769 4546 2.
790 4512 810 4547 1.
825 4499 847 4559 §.
864 4510 886 4555 3.
906 4509 930 4546 et
947 4498 968 4560 ς.
984 4498 1037 4559 uo]
1075 4496 1096 4530 ¹⁰
1114 4501 1180 4546 sent.
1193 4509 1245 4546 rec.
1262 4499 1277 4544 l.
1296 4509 1318 4552 5·
1336 4508 1354 4544 t.
1373 4510 1396 4544 1.
