3310 5482
325 645 344 687 2
641 643 688 688 DE
713 643 808 710 JURE
834 642 1019 688 PRAEDAE.
1047 641 1128 689 CAP·
1156 644 1180 689 1.

323 798 429 865 hostis
452 799 593 882 ignorat.
639 797 764 863 Contra
789 797 816 864 si
839 795 972 863 fortuna
992 798 1043 864 uti
1062 799 1190 881 placet,
1214 796 1304 862 dedit
1326 797 1419 864 Deus
1451 812 1500 861 te·

302 914 305 922 ’
324 911 392 976 lum
423 909 456 974 in
489 909 559 992 ipsa
599 908 726 992 imperii
747 908 918 992 Hispanici
939 909 1064 976 viscera
1085 925 1117 974 et
1136 928 1203 974 non
1225 909 1358 975 aliunde
1379 909 1500 976 certius

323 1020 481 1104 speranda
514 1020 655 1088 libertas.
699 1020 760 1088 Est
792 1035 899 1086 tamen
919 1037 951 1087 et
974 1023 1008 1088 in
1028 1024 1092 1088 hoc
1116 1041 1241 1100 errore,
1265 1022 1357 1104 quod
1377 1022 1499 1106 patriae

325 1132 420 1198 liceat
450 1131 615 1217 gratulari.
682 1132 762 1199 Non
796 1133 958 1200 mediocre
990 1133 1186 1200 Batavorum
1216 1134 1421 1200 innocentiae
1450 1155 1499 1200 ar-

324 1260 515 1329 gumentum
546 1261 617 1324 est,
649 1245 689 1318 ad
717 1265 753 1315 ea
784 1246 880 1316 eti-am
912 1246 1081 1328 cunctari,
1111 1265 1194 1328 quac
1224 1244 1274 1313 fas
1296 1246 1439 1330 gentium
1469 1261 1501 1311 et

321 1356 396 1440 jura
417 1357 548 1439 publica
573 1357 779 1440 permittunt.
826 1357 906 1423 Non
925 1372 1035 1441 potest
1053 1358 1086 1423 in
1110 1357 1175 1424 illis
1193 1357 1321 1443 justitia
1345 1378 1501 1440 umquam

323 1467 467 1551 requiri,
500 1488 567 1534 non
598 1468 772 1536 desiderari
800 1468 904 1552 fides,
923 1468 982 1552 qui
1008 1471 1063 1555 jus
1095 1469 1179 1536 illud
1209 1469 1338 1537 cunctis
1368 1470 1502 1553 populis

323 1581 541 1650 certissimum
570 1596 602 1646 et
623 1580 663 1646 de
683 1602 750 1665 quo
774 1601 870 1648 nemo
889 1597 1016 1665 praeter
1039 1583 1129 1665 ipsos
1149 1581 1332 1661 dubitaret,
1353 1596 1418 1647 tam
1436 1584 1501 1649 sol-

323 1691 407 1758 liciti
430 1707 568 1768 tractant
589 1709 622 1766 et
645 1695 738 1764 velut
759 1714 918 1778 suspenso
940 1694 1054 1779 gradu.
1102 1693 1168 1760 Sed
1188 1693 1392 1762 verissimum
1417 1693 1502 1761 illud

256 1841 260 1846 ·
307 1803 477 1886 ¹nimirum
507 1820 556 1871 est
589 1820 730 1890 utroque
760 1808 859 1873 latere
880 1806 1021 1873 virtutes
1041 1806 1134 1873 vitiis
1154 1805 1269 1872 ambiri
1292 1813 1322 1881 ¹,
1357 1806 1418 1872 etsi
1439 1805 1501 1872 alia

325 1915 551 1999 conspectiora
573 1931 669 2002 sunt,
694 1917 756 1986 alia
771 1918 927 1986 contrarii
951 1918 1027 1985 mali
1047 1916 1271 2003 magnitudine
1290 1916 1420 1983 facilius
1444 1918 1500 1983 de-

324 2027 490 2095 litescunt.
548 2027 602 2094 Sic
635 2029 712 2095 odio
746 2029 933 2096 iracundiae
963 2030 1153 2114 oppositum
1176 2045 1363 2113 stuporem,
1401 2050 1499 2112 quern

322 2144 483 2224 οέορροοίοοο
511 2140 631 2206 Graeci
663 2141 817 2207 dixerunt
845 2136 881 2224 ²,
910 2143 996 2208 adeo
1031 2143 1243 2227 ignoramus,
1280 2157 1317 2208 ut
1345 2161 1384 2206 ne
1407 2141 1501 2206 Lati·

324 2271 402 2316 num
423 2252 555 2334 quidem
577 2273 696 2319 nomen
719 2253 891 2320 invenerit.
949 2255 1013 2320 Est
1032 2274 1107 2321 sane
1132 2252 1263 2320 infamis
1287 2253 1386 2321 animi
1411 2274 1500 2320 mor-

324 2363 386 2429 bus
420 2365 490 2430 sine
519 2366 589 2432 ullo
611 2366 695 2451 juris
726 2380 783 2432 aut
814 2367 945 2435 honesti
967 2382 1117 2450 respectu
1136 2366 1275 2451 flagrans
1297 2366 1383 2433 lucri
1406 2366 1501 2449 cupi-

323 2475 386 2553 do,
418 2495 502 2558 quae
527 2481 739 2568 αἰσχροκέρδεια
755 2477 881 2544 Graece
905 2477 1038 2545 dicitur.
1084 2478 1149 2544 Sed
1169 2493 1279 2562 potest
1298 2493 1330 2544 et
1352 2478 1499 2544 altrinse-

325 2599 382 2651 cus
416 2587 567 2671 peccari,
604 2583 679 2654 cum
714 2589 809 2655 anxia
844 2591 980 2673 quadam
1017 2605 1049 2657 et
1079 2591 1272 2675 scrupulosa
1304 2611 1408 2656 rerum
1433 2610 1499 2656 non

323 2697 469 2782 turpium
500 2698 578 2784 suga
610 2701 799 2766 occasiones
834 2703 1046 2790 negliguntur
1080 2702 1125 2768 rei
1155 2702 1335 2770 familiaris.
1379 2701 1499 2768 Virum

324 2811 409 2875 enim
440 2810 620 2894 sapientem
653 2827 685 2878 et
718 2813 840 2880 bonum
866 2813 1025 2881 Socratici
1057 2815 1197 2899 probant
1227 2834 1297 2883 esse
1324 2817 1498 2902 φιλοκερδῆ,

323 2921 386 2988 hoc
420 2936 468 2988 est
499 2923 690 2988 utilitatum
722 2945 860 2991 suarum
892 2931 1026 2992 minime
1047 2927 1288 3014 negligentem:
1313 2939 1499 3010 negantque

322 3033 512 3118 philosophi
544 3035 706 3119 justitiam
744 3057 812 3103 esse
845 3042 999 3128 οἰκοφθόρον
1031 3059 1066 3104 ac
1100 3029 1287 3124 magenario,
1317 3039 1498 3124 pernitiem
1574 3073 1603 3104 ·,

323 3151 375 3211 rei
396 3147 592 3230 familiaris
625 3161 656 3212 et
690 3163 859 3214 auctorem
891 3149 1118 3236 mendicitatis
1132 3147 1153 3216 ⁸.
1200 3151 1262 3218 Est
1280 3149 1436 3233 quidem,
1460 3163 1499 3213 ut

321 3255 408 3324 recte
428 3257 513 3323 dixit
535 3257 688 3326 Lucilius
713 3261 751 3343 ³,

471 3365 590 3435 Virtus
614 3370 823 3456 quaerendae
840 3369 939 3454 finem
964 3377 1014 3441 rei
1036 3377 1121 3438 seire
1144 3371 1346 3458 modumque.

367 3479 431 3548 Sed
454 3496 503 3547 est
527 3483 645 3561 etiam,
670 3497 708 3548 ut
730 3483 904 3567 sequitur,

530 3591 651 3660 Virtus
674 3593 804 3663 divitiis
821 3599 971 3684 pretium
989 3595 1177 3682 persoluere
1195 3612 1297 3682 pesse.

366 3704 560 3772 Cavendum
593 3706 697 3772 ethic
730 3727 770 3774 ne
803 3708 883 3790 quid
903 3707 1021 3788 nimis,
1057 3709 1119 3774 hoc
1142 3721 1192 3774 est
1214 3728 1254 3774 ne
1279 3707 1440 3792 fingamus
1464 3706 1498 3773 id
1538 3717 1540 3721 “
1641 3697 1642 3722 ¹

320 3817 478 3886 vitiosum
491 3838 578 3899 esse,
600 3819 691 3900 quod
701 3818 784 3885 vitio
802 3835 911 3902 caret,
935 3839 1000 3887 neu
1013 3821 1090 3887 dum
1103 3821 1136 3884 in
1159 3820 1240 3885 alios
1262 3840 1330 3885 esse
1342 3821 1497 3885 nolumus

322 3929 355 3996 in
378 3950 439 3997 nos
461 3929 567 4014 iniqui
590 3929 703 3998 simus.
749 3929 829 3998 Non
854 3932 962 4000 minus
984 3953 1002 3997 a
1020 3953 1123 4016 scopo
1146 3931 1271 3996 aberrat
1291 3934 1392 3998 telum
1406 3932 1499 4014 quod

321 4043 418 4128 longe
435 4045 640 4127 transvolat,
665 4063 763 4126 quam
784 4045 876 4127 quod
899 4045 978 4111 citra
994 4045 1202 4129 relinquitur.
1248 4043 1415 4126 Utrinque
1428 4045 1498 4109 cul-

319 4176 384 4239 pa,
407 4155 563 4240 utrinque
579 4176 666 4222 error
687 4170 753 4222 est:
776 4156 890 4222 tetrior
909 4153 996 4223 forte
1007 4171 1104 4241 atque
1120 4155 1337 4223 intestabilior
1348 4155 1499 4238 illorum,

325 4314 521 4326 *uo—n-

354 4392 362 4425 ¹
381 4391 459 4443 Arist.
476 4395 508 4442 de
525 4406 588 4442 mor.
606 4395 638 4442 ad
654 4393 757 4443 Nicon.
775 4395 792 4442 l.
811 4409 834 4443 a.
852 4407 875 4443 c.
893 4406 917 4451 7.
929 4391 966 4457 [p.
988 4395 1059 4442 1108.
1081 4408 1102 4443 1.
1121 4407 1161 4444 vs.
1180 4391 1217 4458 6.]
1254 4389 1264 4423 ²
1283 4393 1348 4441 Geli.
1363 4395 1496 4444 1.1.c.26.

319 4483 398 4534 Arist.
416 4486 449 4534 de
464 4497 527 4533 mor.
545 4485 577 4534 ad
593 4483 696 4534 Nicom.
713 4487 730 4533 l.
748 4499 773 4547 4.
792 4500 815 4535 c.
834 4499 872 4534 rr.
893 4483 931 4550 [p.
953 4485 1024 4535 1126.
1046 4499 1066 4534 1.
1084 4497 1123 4535 vs.
1141 4483 1177 4548 3.]
1214 4481 1225 4515 ⁸
1243 4485 1307 4542 l'lut.
1318 4485 1372 4533 Cat.
1392 4481 1497 4546 [9:554.

320 4574 361 4640 a]
392 4577 403 4609 ⁴
423 4574 475 4644 [ap.
489 4577 559 4628 hes.
577 4576 908 4642 destituantque]
1334 4575 1336 4583 '
