3362 5504
287 608 342 678 358
779 617 987 660 nocumtnrn.

287 795 455 854 Lusitanis:
482 809 581 852 omnes
608 793 684 852 enim
714 791 824 851 facInus
853 791 1011 850 Macaiante
1042 791 1241 865 perpetratum
1270 792 1402 865 ianuum
1431 802 1462 848 et

287 901 410 958 Immune
440 909 555 974 putant.
597 896 686 977 Quod
715 895 914 955 conditionem
944 896 1194 966 Christianorum,
1225 895 1276 969 qui
1305 898 1400 954 miseri
1433 908 1463 954 et

286 1015 402 1078 egentes
432 1005 462 1061 in
492 1003 664 1077 captivitate
691 1002 816 1071 vivunt,
844 1002 970 1074 impensa
998 1017 1086 1075 opera
1107 1003 1230 1058 allevare
1252 999 1364 1071 studes,
1385 1018 1463 1076 spem

287 1109 358 1166 mihi
388 1107 460 1165 facit
488 1107 566 1176 fore,
595 1117 629 1164 ut
657 1106 687 1163 In
715 1121 805 1162 meam
834 1105 954 1178 gratiam
982 1121 1065 1178 agere
1093 1104 1165 1161 velis
1195 1121 1261 1162 cum
1280 1119 1357 1177 vrege
1378 1104 1463 1176 Jorae
1532 1116 1534 1120 ·

208 1288 209 1292 Ἰ
287 1212 408 1286 ejusque
438 1211 528 1268 fratre
557 1210 634 1268 Rasa
662 1211 760 1268 Bonso
788 1207 824 1266 de
853 1210 1001 1268 Lusitanis
1029 1219 1060 1266 et
1092 1208 1284 1278 Christianis,
1315 1225 1388 1282 quos
1409 1208 1463 1266 sub

288 1318 387 1374 colore
416 1315 493 1388 pacis
522 1315 655 1388 captivos
683 1312 815 1372 abduxit.
856 1315 900 1370 De
927 1312 1070 1370 mercibus
1091 1312 1210 1385 juncae,
1235 1330 1292 1386 qua
1312 1313 1463 1382 Lusitani,

288 1437 360 1494 quos
382 1420 482 1494 cepit,
502 1417 702 1486 vehebantur,
722 1417 795 1474 nihil
818 1414 936 1486 addam,
957 1432 1011 1474 nec
1022 1417 1157 1490 postu10‚
1178 1427 1213 1474 ut
1228 1417 1298 1474 milri
1310 1417 1464 1474 restituan-

289 1520 354 1593 tur,
376 1539 440 1581 nam
462 1525 540 1581 inter
561 1523 666 1580 milites
687 1519 792 1578 divisas
813 1536 873 1578 esse
894 1520 985 1594 probe
1006 1521 1076 1578 selo.
1099 1518 1153 1577 Sed
1175 1535 1246 1592 rogo
1268 1530 1298 1577 et
1315 1520 1464 1590 obtestor,

290 1637 323 1685 ut
350 1627 422 1684 mihi
455 1627 611 1684 Lusitanos
640 1636 671 1683 et
701 1624 902 1694 Christianos,
936 1625 988 1696 qui
1023 1625 1080 1680 illis
1114 1623 1221 1681 nullius
1256 1624 1345 1697 pretii
1379 1636 1464 1698 sunt,
1538 1685 1541 1691 Δ

291 1745 462 1804 recuperare
490 1731 592 1800 liceat,
622 1741 653 1789 et
674 1731 841 1805 Philippum
862 1728 977 1787 Lobum
998 1745 1031 1786 ac
1053 1729 1171 1787 Petrum
1193 1729 1407 1786 Mastarcheam
1428 1726 1465 1786 ad

293 1845 322 1892 te
342 1835 447 1904 mitto,
475 1835 526 1906 qui
557 1835 610 1892 hac
638 1832 674 1891 de
704 1851 734 1892 re
762 1851 828 1892 cum
856 1849 922 1906 rege
951 1844 1037 1906 agant
1063 1843 1093 1890 et
1115 1843 1143 1889 te
1164 1832 1284 1889 obsecro
1305 1843 1338 1889 ut
1359 1846 1408 1888 eos
1428 1830 1466 1888 ab
1492 1811 1496 1818 ⁵

292 1939 371 1994 omni
393 1938 500 2010 injuria
522 1939 598 1996 tueri
621 1949 651 1996 et
672 1940 764 1995 salvos
786 1935 822 1994 ad
843 1938 999 1994 Lusitanos
1019 1937 1135 1993 mittere
1156 1936 1238 1993 velis.
1279 1935 1366 1993 Faxit
1386 1937 1467 1994 Deus

292 2053 326 2099 ut
348 2057 385 2099 ex
407 2043 495 2099 animi
518 2042 661 2099 sententia
682 2042 753 2099 salvi
775 2052 804 2099 et
826 2042 983 2099 incolumes
1003 2041 1033 2098 In
1061 2038 1245 2098 Hoiiandiam
1271 2040 1468 2098 revertamini.

295 2145 426 2218 Scriptae
448 2145 612 2214 Malaccae,
633 2143 662 2202 d.
682 2147 720 2204 26
742 2144 844 2202 Martii
865 2161 942 2201 anno
967 2145 1051 2215 1603.

997 2247 1109 2304 Fernao
1129 2244 1176 2303 dal
1198 2247 1387 2320 Buquerque.

769 2559 778 2568 ’
815 2567 940 2668 VIII.

298 2794 450 2854 Errsroon
471 2795 649 2854 Cnrrrnrvrr
669 2813 789 2855 carran
807 2814 960 2856 cataonts
979 2815 1019 2856 ao
1038 2799 1184 2872 Iacobum
1197 2799 1466 2856 Hamsuancmun.

711 2901 748 2958 A.
775 2903 859 2972 1603.
880 2902 990 2958 Mans.
1012 2919 1060 2976 24.

775 3079 980 3090 ----——.

336 3199 401 3255 Deo
428 3199 539 3270 placuit
575 3199 669 3257 facere
696 3210 730 3257 ut
757 3198 900 3273 praesidio
932 3210 985 3258 tuo
1013 3199 1106 3258 redux
1134 3202 1294 3259 Malaccam
1321 3202 1467 3259 venitem:

296 3303 394 3375 itaque
415 3300 483 3358 dum
504 3303 565 3359 vita
585 3302 655 3359 mihi
677 3313 832 3376 suppetet,
854 3314 882 3360 te
903 3302 1026 3361 laudabo
1047 3303 1085 3360 ob
1106 3306 1196 3362 multa
1207 3303 1274 3362 iidei
1286 3320 1315 3363 et
1325 3307 1468 3364 amicitiae

296 3403 486 3474 documenta,
507 3422 580 3478 quae
601 3423 652 3480 per
672 3422 757 3463 omne
778 3408 956 3480 captivitatis
978 3419 1089 3481 tempus
1110 3426 1176 3466 cum
1198 3410 1258 3482 Ipse
1269 3412 1384 3483 accepi,
1405 3421 1466 3468 tum

296 3509 402 3576 ceteri,
434 3510 484 3581 qui
515 3526 626 3567 mecum
660 3521 752 3568 erant.
794 3512 840 3569 Ex
871 3513 967 3568 animo
998 3515 1101 3570 vellem
1134 3529 1177 3570 me
1208 3512 1312 3571 habere
1343 3514 1467 3586 aliquam

297 3612 501 3680 refectionem,
532 3629 619 3686 qnam
642 3613 697 3671 tibi
719 3613 798 3672 dono
818 3617 934 3673 mittere
955 3633 1085 3689 possem,
1104 3627 1138 3674 ut
1159 3618 1257 3690 aliquo
1280 3626 1360 3674 certe
1381 3614 1467 3673 modo

297 3715 436 3774 beneficia
464 3727 515 3774 tua
542 3716 744 3790 rependerem:
774 3718 822 3776 sed
850 3736 910 3777 mea
939 3731 1046 3792 egestas
1075 3732 1103 3779 et
1125 3720 1205 3794 quod
1227 3721 1256 3776 in
1279 3731 1356 3778 terra
1376 3721 1468 3777 aliena

297 3818 373 3893 apud
402 3821 569 3893 peregrinos
599 3838 712 3892 moror,
740 3821 770 3880 id
797 3839 841 3880 me
863 3823 957 3881 facere
977 3834 1076 3894 vetat,
1097 3841 1133 3882 ne
1153 3825 1241 3882 vestis
1261 3822 1376 3897 quidem
1398 3824 1468 3880 mihi

298 3934 443 3996 superest,
471 3935 586 3998 praeter
613 3942 690 3996 eam,
718 3944 774 3999 qua
802 3943 881 3984 nunc
908 3929 993 3985 etiam
1024 3927 1143 3986 Indutus
1175 3945 1253 3985 sum:
1283 3929 1352 3984 haec
1372 3937 1467 3985 autem

298 4026 451 4100 glandibus
473 4043 488 4084 e
509 4028 632 4086 navibus
662 4031 718 4087 tuis
746 4031 853 4088 emIssis
883 4033 923 4089 ita
944 4030 1060 4089 discissa
1080 4043 1110 4089 et
1132 4034 1256 4090 lacerata
1277 4043 1337 4100 est,
1359 4043 1392 4090 ut
1413 4049 1469 4089 am-

299 4131 375 4204 pIIus
396 4132 440 4189 uti
462 4148 609 4204 nequeam.
650 4133 751 4206 Itaque
780 4137 902 4208 supplex
929 4147 1013 4208 peto,
1035 4147 1068 4193 ut
1089 4134 1159 4193 mihi
1181 4152 1293 4207 segmen
1315 4136 1469 4193 holoserici

299 4236 414 4306 mittas,
434 4235 512 4294 unde
532 4238 615 4295 allam
636 4249 744 4296 vestem
767 4239 872 4297 confici
892 4239 1023 4312 jubeam:
1045 4237 1125 4312 quod
1145 4240 1169 4296 si
1190 4239 1308 4310 feceris,
1329 4256 1470 4296 summum

300 4339 471 4399 beneficium
493 4341 604 4414 putabo
624 4354 654 4401 et
674 4353 708 4400 ut
730 4346 937 4418 eleemosynam
959 4355 1056 4417 gratus
1078 4361 1093 4400 a
1114 4353 1143 4401 te
1154 4343 1309 4418 accipiam:
1331 4353 1472 4401 tuautem

302 4445 461 4504 meminisse
490 4447 563 4504 velis
587 4464 644 4519 qua
665 4445 834 4505 conditione
855 4447 977 4517 fuerim,
997 4464 1063 4505 cum
1084 4447 1209 4520 primum
1231 4449 1260 4505 in
1287 4463 1384 4504 manus
1407 4457 1472 4504 tuas
