3316 5494
349 632 411 695 106
654 647 702 696 ou
725 648 819 716 June
846 647 1030 700 resenas.
1055 649 1135 698 car.
1160 651 1243 700 vnt.

344 809 440 876 κακῶν
459 811 541 892 nepa
562 808 613 889 θεῷ
634 808 767 889 epistates.
814 803 903 871 idem
925 805 1043 873 delicto
1075 807 1159 874 habe
1186 826 1250 872 non
1266 806 1444 895 prohibere
1468 805 1523 872 de-

258 976 261 980 .
345 918 542 1005 linquentes.
588 916 681 981 Nam
703 929 735 980 et
753 919 783 980 si
802 921 876 1003 quis
896 931 1032 985 caetera
1041 919 1135 1004 juste
1154 917 1388 1006 rempublicam
1412 915 1523 984 admi·

344 1031 481 1107 nistret,
502 1027 619 1092 toleret
637 1041 748 1093 tamen
765 1031 914 1096 sinentes
932 1031 1073 1116 injuste,
1093 1029 1232 1116 affatur
1247 1030 1411 1096 malorum
1429 1027 1525 1115 apud

343 1141 452 1206 Deum
477 1137 673 1225 judicatur.
719 1137 886 1205 Praeterea
912 1159 991 1207 vero
1020 1160 1060 1207 ex
1087 1137 1176 1208 facto
1206 1140 1405 1226 reipublicae
1429 1141 1521 1208 cives

342 1251 465 1337 singuli
485 1250 683 1336 obligantur.
729 1250 792 1317 Est
815 1251 900 1317 enim
922 1251 1006 1319 illud
1032 1254 1172 1320 naturali
1201 1253 1359 1336 aequitati
1382 1271 1521 1319 consen·

344 1354 499 1445 sancum,
532 1376 570 1428 ut
600 1381 674 1428 cum
709 1381 749 1428 ex
778 1382 814 1428 ea
837 1362 991 1430 societate
1011 1365 1181 1432 commoda
1203 1378 1390 1449 captemus,
1421 1363 1520 1430 etiam

344 1474 548 1542 incommoda
577 1473 782 1557 patiamur1.
827 1474 929 1540 Varia
955 1475 1016 1541 hac
1046 1476 1144 1542 dere
1168 1476 1253 1561 juris
1281 1475 1389 1544 civilis
1413 1459 1520 1542 inter-

342 1602 448 1673 pretes
468 1583 497 1651 ²:
528 1586 586 1652 sed
615 1605 654 1652 ex
682 1587 755 1671 jure
789 1585 891 1654 civili.
935 1582 1019 1654 Nam
1052 1607 1128 1654 cum
1157 1587 1302 1654 universi
1332 1601 1365 1653 et
1395 1586 1518 1672 singuli

343 1716 457 1767 natura
474 1719 541 1766 non
557 1697 723 1778 differant,
738 1699 883 1790 hermano
898 1714 1083 1764 commento
1103 1713 1190 1764 etex
1210 1699 1332 1766 civium
1354 1717 1518 1766 consensu

343 1810 501 1896 distingui
524 1828 660 1894 coepere
679 1809 702 1876 ⁸.
743 1809 805 1894 Jus
824 1825 931 1876 autem
956 1810 1102 1894 gentium
1125 1812 1206 1877 tales
1229 1809 1427 1876 differentias
1450 1829 1518 1876 non

342 1921 459 2006 recipit
492 1922 630 2005 parique
663 1923 736 1987 loco
758 1921 858 1988 habet
886 1920 1118 1988 universitates
1139 1921 1286 2006 publicas
1314 1937 1346 1988 et
1372 1921 1518 2006 privatas

343 2034 527 2101 societates.
572 2031 774 2099 Privatarum
795 2047 901 2099 autem
921 2031 1114 2100 societatum
1136 2048 1265 2101 constat
1286 2051 1354 2100 eam
1377 2052 1448 2100 esse
1467 2052 1518 2099 ra-

343 2146 489 2228 tionem,
513 2159 552 2210 ut
572 2144 663 2228 quod
685 2144 775 2228 ipsae
797 2144 944 2226 debent,
968 2144 1003 2210 id
1025 2165 1043 2210 a
1066 2145 1229 2214 sociorum
1259 2146 1398 2230 singulis
1430 2145 1517 2232 exigi

343 2257 458 2342 possit.
504 2256 672 2322 Praeterea
701 2271 832 2339 apparet
859 2255 943 2323 illud
962 2259 990 2338 ⁴,
1013 2275 1079 2324 non
1100 2257 1209 2324 minus
1232 2277 1249 2324 a
1277 2257 1416 2342 singulis
1434 2277 1517 2322 rem·

343 2369 507 2453 publicam
540 2367 718 2449 constitui,
747 2381 845 2450 quam
874 2387 891 2434 a
918 2368 1084 2452 republica
1111 2367 1334 2454 magistratum
1352 2371 1380 2434 ⁵:
1404 2368 1517 2451 itaque

346 2481 458 2546 eodem
480 2479 578 2545 modo
598 2479 722 2561 teneri,
747 2479 844 2546 etiam
863 2501 939 2547 cum
961 2479 1001 2547 de
1023 2479 1192 2546 malefacto
1216 2479 1345 2566 agitur,
1369 2480 1410 2546 ad
1428 2480 1517 2546 dam·

343 2607 423 2658 num
455 2591 695 2659 resarciendum
718 2595 742 2658 ¹.
786 2591 875 2657 Nam
907 2592 1012 2675 capita
1041 2585 1166 2658 civium
1189 2591 1411 2660 innocentium
1432 2591 1518 2658 absit

344 2719 382 2770 ut
399 2708 571 2789 ἀντίψυχα,
592 2704 662 2770 sive
682 2703 881 2787 reipublicae
901 2703 1029 2770 delictis
1048 2704 1211 2784 obnoxia,
1231 2704 1410 2786 dicamus,'
1424 2715 1516 2788 praed

343 2815 454 2881 sertim
475 2835 550 2881 cum
572 2814 641 2899 ipsa
663 2829 721 2899 per
742 2833 776 2880 se
796 2815 908 2898 puniri
930 2815 1036 2900 possit
1054 2814 1077 2883 ⁷.
1122 2815 1207 2882 Nam
1233 2831 1265 2882 et
1287 2815 1394 2900 capite
1412 2814 1516 2881 minui

344 2943 453 3013 potest
464 2947 537 2993 cum
564 2925 602 2992 fit
623 2926 815 3009 tributaria,
829 2927 919 3010 quod
941 2927 1055 2995 divino
1076 2922 1150 3014 jure
1170 2921 1182 2960 ⁸
1206 2928 1424 2994 constitutum
1446 2942 1515 3008 est,

345 3055 378 3107 et
407 3039 523 3124 perimi
554 3039 796 3121 quodammodo
816 3036 848 3120 ⁰,
881 3041 990 3115 πόλεως
1022 3042 1082 3124 γάρ
1111 3043 1172 3108 ἐστι
1206 3040 1326 3115 laamas
1348 3041 1515 3108 ἀνάστατον

343 3156 485 3234 γενέσθαι.
519 3152 616 3216 Μοττ
646 3164 693 3215 est
722 3150 815 3216 urbis
847 3154 983 3218 sartari
997 3150 1183 3235 funditus:
1208 3149 1302 3234 quod
1324 3148 1515 3235 Carthagini

344 3263 483 3346 aliisque
507 3262 645 3343 accidit,
671 3261 794 3344 quibus
816 3262 937 3328 hostile
960 3277 1100 3328 aratrum
1124 3262 1315 3346 impressum
1339 3276 1389 3327 est
1410 3262 1516 3330 disso-

345 3375 520 3456 lutumque
550 3391 669 3456 corpus
701 3372 857 3440 civitatis.
901 3373 1030 3454 Poenae
1053 3389 1161 3442 autem
1182 3373 1411 3459 pecuniariae,
1435 3393 1516 3457 quas

345 3485 442 3552 debet
463 3483 666 3568 respublica,
688 3484 844 3552 videntur
864 3505 882 3551 a
902 3487 1044 3553 subditis
1065 3487 1173 3572 expeti
1195 3503 1309 3571 posse,
1333 3500 1371 3552 ut
1393 3485 1516 3569 quibus

343 3653 536 3668 —u—

380 3745 388 3780 ¹
405 3748 463 3810 Joh.
488 3747 569 3806 Ceph.
594 3758 666 3794 cons.
691 3747 731 3803 58.
765 3741 776 3778 ¹
793 3748 825 3796 ad
850 3747 868 3796 1.
894 3746 916 3797 si
934 3746 1076 3808 municeps.
1094 3759 1120 3796 et
1137 3750 1154 3796 l.
1171 3748 1245 3798 sicut.
1263 3737 1290 3796 ff.
1307 3748 1376 3809 quod
1393 3745 1516 3808 cuiusque

343 3838 415 3889 univ.
432 3849 501 3887 nom.
527 3838 570 3900 [D.
596 3849 619 3895 a.
642 3851 667 3898 4.
694 3851 717 3886 a.
740 3849 765 3886 et
783 3835 819 3902 7.]
840 3840 872 3887 ad
889 3841 906 3887 l.
925 3838 1024 3888 civitas.
1041 3839 1068 3888 li.
1086 3841 1118 3889 de
1135 3839 1188 3889 reb.
1206 3841 1275 3889 cred.
1294 3840 1340 3902 [D.
1361 3852 1400 3890 12.
1422 3851 1443 3886 r.
1462 3837 1515 3900 aa}

344 3932 376 3980 ad
394 3933 411 3979 l.
428 3943 451 3992 4.
470 3929 497 3978 ff.
514 3930 546 3978 de
569 3941 596 3976 re
619 3927 674 3986 jud.
693 3929 737 3991 [D.
755 3942 797 3990 42.
817 3928 852 3993 1.]
872 3931 942 3979 Bald.
961 3929 987 3979 in
1005 3932 1021 3979 l.
1043 3945 1064 3979 1.
1083 3933 1112 3981 C.
1130 3945 1162 3980 ne
1180 3929 1247 3981 filius
1264 3944 1312 3992 pro
1330 3941 1410 3991 patre.
1431 3929 1474 3993 [C.
1491 3942 1515 3990 4.

347 4021 399 4088 ra]
416 4033 440 4072 et
455 4021 482 4070 in
496 4023 514 4069 l.
528 4033 612 4070 exsec.
628 4023 657 4068 C.
672 4023 703 4070 de
717 4020 835 4070 exec.rei
852 4019 906 4078 jud.
926 4019 969 4086 [C.
988 4033 1012 4080 7.
1030 4034 1070 4080 5³·
1089 4021 1124 4086 8.]
1146 4024 1174 4070 C.
1193 4033 1220 4070 ut
1237 4023 1321 4070 nullus
1348 4034 1380 4070 ex
1400 4019 1516 4070 vicariis.

347 4114 390 4180 [C.
410 4128 448 4163 τι.
475 4111 527 4176 57.]
547 4113 616 4161 Nov.
647 4126 684 4160 12.
711 4115 766 4161 sen.
793 4113 824 4162 de
851 4112 936 4162 benef.
964 4116 982 4162 l.
999 4114 1023 4162 6.
1040 4129 1061 4162 e.
1083 4127 1120 4176 ¹9·
1154 4111 1200 4161 ⁸1.
1221 4127 1242 4161 1.
1259 4111 1285 4160 ff.
1302 4113 1373 4172 quod
1392 4110 1515 4172 cujusque

345 4198 416 4256 univ.
433 4218 502 4254 nom.
521 4201 566 4267 [D.
586 4215 608 4261 3.
625 4203 650 4264 4.
671 4201 705 4267 1.]
740 4199 752 4234 ⁴
770 4203 796 4252 ln
815 4217 837 4252 c.
856 4217 879 4252 a.
913 4201 1003 4254 ⁸Sile.
1022 4204 1048 4252 in
1066 4215 1092 4253 v.
1110 4202 1295 4265 Repressaliae.
1313 4202 1339 4250 in
1356 4215 1394 4264 pr.
1413 4202 1465 4252 ibi:
1490 4211 1514 4250 et

345 4297 409 4347 adde
433 4297 531 4358 allegat.
557 4295 647 4344 Thom.
679 4308 701 4343 a.
734 4308 756 4343 a.
775 4309 800 4356 q.
816 4309 858 4357 40.
891 4294 1047 4346 ⁸1.metum
1066 4297 1196 4354 autema.
1215 4293 1515 4343 animadvertendum}

344 4390 415 4449 quod
432 4399 491 4435 met.
509 4400 564 4436 cav.
583 4383 627 4451 [D.
651 4400 676 4447 4.
695 4400 718 4434 a.
736 4401 760 4450 9.
778 4389 799 4448 5.
821 4387 855 4452 1.]
892 4383 993 4436 ⁷Dcut.
1011 4401 1050 4436 ao.
1072 4401 1109 4436 ιι.
1143 4385 1230 4448 ’Lyn
1247 4386 1273 4435 in
1290 4387 1378 4434 Leoer.
1399 4384 1439 4449 [p.
1460 4397 1514 4440 sss.

345 4477 436 4540 §.61.]
471 4475 481 4509 ⁹
499 4479 515 4526 1.
533 4477 555 4527 si
574 4477 739 4528 ususfructus.
755 4477 781 4528 ff.
799 4477 869 4540 quib.
887 4480 955 4528 mod.
972 4479 1064 4529 ususst.
1082 4479 1151 4530 amit.
1170 4455 1215 4544 [D.
1233 4491 1257 4538 7.
1275 4492 1299 4539 4.
1318 4475 1369 4540 au]
1390 4477 1422 4526 V.
1438 4477 1511 4526 Febr.

344 4572 563 4620 sem.1.1.e.1.
