3326 5506
335 623 399 691 254
629 628 676 674 DE
699 627 793 695 Junss
819 626 1009 673 Plilfflsse
1030 625 1117 672 ΟΜ)
1137 627 1205 673 de'·

332 783 537 850 lacessissent
549 829 564 865 ,.
594 803 611 849 a
643 782 768 848 victore
800 781 939 865 punitos
979 784 1094 848 crebro
1138 781 1323 849 invenimus
1345 785 1380 862 ¹,
1414 782 1514 864 quasi

175 905 319 952 &conci-⁶·
334 915 393 961 nec
416 895 537 961 bellum
562 892 769 962 virulentiam
794 894 893 960 istam·
912 909 1058 960 excuset.
1093 893 1139 958 Et
1163 895 1222 959 hae
1244 894 1378 978 quidem
1400 895 1515 980 justae

175 969 447 1074 222{I⁶'¹⁶'causae
480 1006 562 1073 belli
586 1005 791 1090 suscipiendi
820 1005 964 1072 fuerunt.
1023 1007 1197 1072 Caeterum
1233 1002 1410 1073 diximus²
1444 1025 1516 1074 non

334 1140 429 1186 omne
457 1121 511 1204 jus
542 1134 616 1186 ante
641 1120 762 1185 bellum
787 1139 859 1185 esse
869 1141 884 1201 3·
907 1119 1073 1201 quoddam
1097 1118 1185 1184 inter
1206 1139 1292 1185 arma
1323 1119 1426 1200 oriri,
1451 1137 1516 1201 pro

176 1249 216 1316 aa
233 1250 282 1308 nge
300 1252 402 1314 aquo
435 1232 562 1298 scilicet
593 1233 715 1297 bellum
744 1245 831 1296 recte
863 1231 1088 1297 continuetur.
1135 1231 1294 1298 Ordinem
1324 1232 1380 1297 hic
1414 1231 1515 1297 ducit

335 1344 421 1410 vitae
451 1343 608 1412 defensio.
663 1343 748 1408 Nam
777 1362 852 1408 cum
882 1361 944 1409 nos
976 1364 1049 1409 rem·
1065 1359 1209 1409 nostram
1231 1342 1439 1410 defendimus
1461 1364 1516 1409 re-

335 1456 569 1540 cuperatumve
593 1456 700 1536 imus,
726 1469 782 1521 aut
803 1457 857 1540 jus
876 1469 1026 1522 nostrum
1049 1456 1280 1539 persequimur
1304 1471 1337 1522 et
1359 1457 1516 1521 adversa-

335 1569 405 1635 rius
425 1590 465 1635 ne
494 1569 529 1634 id
549 1567 706 1634 faciamus
728 1567 824 1633 armis
853 1569 1021 1648 occurrit,
1044 1583 1179 1651 apparet
1199 1568 1253 1634 hic
1275 1589 1336 1634 nos
1358 1569 1516 1634 innoxios

336 1682 369 1748 in
391 1681 478 1748 vitae
505 1681 688 1765 periculum
719 1680 857 1745 adduci:
883 1701 967 1762 quae
992 1680 1069 1746 belli
1101 1701 1197 1748 causa
1228 1682 1456 1764 antiquissima
1482 1696 1518 1747 et

317 1781 516 1879 ¹justissima
541 1808 598 1858 est.
646 1793 691 1858 Et
710 1791 860 1876 profecto
882 1808 956 1858 ante
980 1794 1063 1859 hanc
1085 1813 1215 1863 causam
1237 1795 1359 1860 bollum
1383 1815 1401 1859 a
1421 1809 1517 1876 parte

177 1913 217 1959 1³2·
239 1914 320 1960 arsur.
337 1907 533 1972 batavorum
554 1926 595 1971 ne
614 1904 726 1988 coepit
746 1904 898 1987 quidem,
915 1919 953 1970 ut
971 1906 1167 1972 narrationis
1189 1906 1392 1990 praepositae
1412 1905 1517 1973 series

177 1979 325 2134 {33:725
337 2018 493 2084 ostendit.
541 2017 700 2100 Sequitur
731 2037 839 2083 rerum
873 2015 1021 2084 defensio
1053 2033 1109 2084 aut
1132 2018 1335 2101 recuperatio
1368 2018 1439 2084 sive
1462 2019 1518 2102 ip·

221 2109 227 2122 ⁸
259 2109 265 2122 ⁹
337 2152 451 2198 sarum
468 2151 575 2196 retum
598 2131 685 2195 bollo
709 2129 924 2209 amissarum,
949 2130 1019 2196 sive
1043 2131 1113 2214 ojus
1138 2131 1229 2213 quod
1252 2151 1312 2214 pro
1333 2132 1433 2196 rebus
1455 2132 1518 2196 ha-

177 2252 325 2367 faelem
338 2243 406 2308 beri
438 2257 559 2326 potest.
606 2242 691 2307 Nam
722 2243 860 2308 bellator
889 2242 1037 2326 injustus
1056 2243 1148 2327 justo
1180 2243 1329 2320 bellatori
1355 2244 1397 2309 ad
1418 2261 1517 2309 omne

178 2362 271 2461 3053&
286 2362 327 2460 2¹23
339 2356 492 2421 damnum
510 2353 697 2438 obligatur,
723 2355 814 2436 quod
835 2354 865 2419 ei
887 2354 1059 2421 occasione
1080 2355 1164 2420 belli
1179 2356 1326 2421 obvenit.
1374 2357 1519 2422 Constat

179 2469 293 2516 tendunt·
339 2482 445 2533 autem
476 2466 607 2532 Batavis
637 2486 696 2548 per
715 2466 904 2532 violentiam
934 2468 1170 2534 Lusitanorum
1194 2469 1323 2552 navigia
1355 2469 1516 2550 quaedam

179 2597 228 2696 fiis
244 2597 412 2697 nrzsrosscnm
444 2579 607 2645 mercibus
640 2594 780 2662 erepta‚.
796 2579 911 2680 damna
943 2596 1051 2645 autem
1081 2580 1169 2645 illata
1193 2599 1262 2648 esse
1285 2581 1450 2664 plurima‚
1476 2595 1517 2646 ut

180 2684 247 2751 culn·
340 2709 413 2758 cum
437 2692 500 2776 ipsi
522 2691 684 2757 interdum
707 2706 842 2774 accepta
859 2693 951 2758 clade
972 2693 1078 2758 coacti
1099 2708 1175 2760 sunt
1203 2712 1303 2758 naves
1323 2713 1399 2760 suas
1424 2694 1517 2758 dese-

340 2825 410 2872 rere
430 2820 462 2871 et
486 2824 633 2871 exurere.
681 2803 839 2886 Sequitur
862 2805 990 2870 exactio
1012 2806 1082 2889 ojus
1107 2806 1205 2888 quod:
1219 2804 1325 2871 hostis
1346 2805 1437 2872 hosti
1459 2805 1517 2871 do-

180 2931 227 3032 sia}
241 2934 289 2993 ng·
305 2939 326 2978 ⁶.
343 2920 418 2998 bet,
451 2917 485 2984 in
515 2938 582 2999 qua
609 2917 758 3000 ponenda
781 2931 829 2983 est
852 2931 1020 2982 sumtuum
1040 2917 1133 2983 ratio.
1180 2918 1306 2983 Omnes
1326 2917 1413 2983 enim
1438 2915 1516 2984 belll

180 3001 328 3101 inanit-¹55
342 3031 502 3114 impensas
531 3029 666 3094 innoxio
697 3029 817 3109 debet,
842 3029 899 3111 qui
932 3030 1008 3095 belli
1032 3029 1146 3114 injusti
1179 3045 1293 3095 auctor
1314 3028 1388 3095 fuit.
1435 3030 1517 3095 Non

342 3142 489 3227 potuisse
519 3157 627 3208 autem
651 3140 821 3207 Lusitanis
850 3141 963 3208 resisti
985 3142 1055 3208 sine
1086 3142 1253 3208 immensis
1284 3142 1450 3209 sumtibus
1481 3142 1516 3207 in

182 3267 221 3312 Ex
246 3267 328 3314 histor.
341 3270 406 3321 tam
427 3270 552 3321 remoto
573 3255 651 3320 orbe
670 3269 739 3320 tota
758 3274 865 3319 rerum
885 3254 1026 3320 narratio
1045 3254 1125 3320 satis
1150 3253 1304 3320 ostendit.
1352 3255 1430 3320 Huc
1446 3275 1520 3338 per-

181 3333 329 3438 ip‘ei'rii'ii‘.
342 3367 424 3432 tinet
453 3382 613 3432 armatura
642 3366 775 3434 navium
798 3386 863 3431 non
895 3366 1004 3433 minus
1031 3367 1174 3450 pretiosa
1195 3387 1292 3449 quam
1314 3367 1519 3433 necessaria:

341 3481 443 3564 major
472 3494 643 3545 nautarum
676 3498 853 3559 nomem,
878 3479 1039 3563 stipendia
1061 3481 1104 3547 ob
1123 3480 1305 3563 periculum
1335 3481 1461 3564 majora
1486 3495 1518 3546 et

341 3614 425 3676 quae
445 3592 596 3660 curandis
615 3591 808 3658 vulneribus
834 3609 993 3675 operaeve
1012 3592 1045 3657 in
1065 3593 1153 3658 bello
1173 3607 1319 3659 nauatae·
1331 3612 1520 3659 remunera-

340 3706 423 3772 tioni
443 3706 657 3789 imputantur.
704 3704 894 3788 Utrumque
915 3721 1021 3772 autem
1043 3719 1075 3770 et
1096 3705 1135 3771 de
1156 3705 1275 3771 damno
1295 3719 1332 3770 et
1348 3705 1395 3771 de
1405 3720 1519 3771 sumtu

339 3819 432 3901 quod
458 3818 623 3898 diximus,
648 3817 691 3883 ad
717 3816 773 3884 illa
803 3817 898 3884 etiam
922 3817 1061 3901 produci
1080 3818 1201 3899 debet,
1227 3837 1311 3901 quae
1336 3818 1458 3884 batavi
1478 3819 1518 3883 ab

340 3929 392 3998 his
424 3951 508 4013 quos
538 3929 689 3997 Lusitani
718 3930 937 3997 submiserant
966 3945 1022 3996 aut
1048 3930 1134 4015 passi
1166 3945 1266 4012 sunt,
1291 3946 1349 3996 aut
1372 3946 1519 3997 metuere

339 4058 529 4127 potuerunt.
574 4043 659 4110 Nam
693 4058 724 4108 et
752 4043 921 4109 mandator
951 4043 992 4108 ad
1022 4042 1266 4109 restitutionem
1297 4043 1468 4128 obligatur
1493 4043 1517 4108 ⁸.

340 4156 394 4222 Ex
419 4158 482 4222 hoc
511 4157 617 4240 capite
637 4157 738 4239 repeti
759 4170 868 4239 potest
887 4155 978 4239 quod
998 4175 1058 4239 pro
1081 4155 1282 4222 redemtione
1303 4155 1519 4239 captivorum

375 4420 466 4470 ιΡΙιιε.
488 4421 581 4470 Timol.
605 4421 643 4482 [p.
666 4431 723 4476 252.
745 4433 767 4468 a.
789 4419 827 4482 b.]
851 4421 882 4466 V.
907 4421 991 4468 Gent'·
1006 4418 1052 4468 lib
1076 4431 1099 4466 a.
1123 4430 1146 4465 c.
1172 4421 1210 4466 18.
1249 4416 1301 4466 ἐ.
1324 4430 1349 4475 7.
1373 4419 1406 4466 ad
1430 4431 1476 4467 art.
1499 4433 1520 4467 1.

339 4510 350 4543 ³
368 4513 415 4562 Th.
434 4527 457 4561 a.
474 4527 497 4560 2.
514 4527 539 4572 q.
558 4512 598 4561 62.
617 4523 663 4560 art.
682 4524 706 4570 7.
724 4511 750 4560 in
769 4513 853 4560 concl.
