3310 5482
350 605 394 684 46
661 617 708 667 mc
731 615 824 686 Jtntr
851 616 1142 668 sternumenta.
1166 617 1219 669 w.

306 818 311 825 ·
348 776 446 863 gibus
477 776 611 862 scriptis
644 788 839 858 urerentur,
884 777 937 842 his
981 795 1058 844 raro
1098 778 1276 861 oppressis,
1316 795 1430 855 suam,
1458 775 1525 862 lege

351 900 508 954 naturae.
563 886 613 953 Ea
657 885 779 953 scilicet
810 889 881 972 lege
909 905 1006 970 quam
1028 905 1090 952 nos
1113 887 1287 954 secundam
1308 885 1480 970 posuimus
1503 893 1523 954 ¹.

351 999 418 1066 Sed
439 998 498 1081 qui
519 997 701 1066 accuratius
718 997 937 1065 considerabit
953 999 1040 1084 leges
1051 1017 1165 1065 omnes
1176 997 1372 1081 simulatque
1383 1014 1524 1082 possunt

350 1109 470 1194 pariter
501 1111 739 1191 observandae,
767 1111 888 1195 iustam
916 1109 970 1176 hic
989 1109 1231 1177 distinctionem
1250 1108 1345 1176 facile
1369 1109 1524 1177 inveniet.

349 1223 437 1290 Nam
463 1237 611 1288 manente
638 1221 770 1304 quidem
794 1223 881 1288 bello
908 1241 975 1288 non
997 1239 1095 1306 posse
1118 1241 1171 1288 res
1192 1236 1302 1306 captas
1322 1222 1361 1287 ab
1383 1241 1442 1302 en,
1468 1221 1525 1304 qui

350 1334 515 1416 amiserit,
547 1332 705 1400 vindicari
734 1355 775 1400 ex
804 1333 1021 1418 perpetuitate
1047 1332 1183 1417 periculi
1216 1333 1296 1400 satis
1319 1332 1480 1418 intelliget
1502 1338 1525 1400 ².

352 1447 417 1513 Sed
436 1448 536 1512 rebus
561 1445 684 1529 pacatis
705 1465 763 1527 ea,
787 1463 871 1528 quae
890 1444 1047 1511 duntaxat
1069 1445 1112 1510 ob
1135 1445 1342 1514 securitatem
1361 1459 1450 1511 tuam
1474 1465 1525 1510 ce-

350 1556 461 1641 peris,
483 1558 544 1624 alia
572 1576 669 1623 causa
688 1577 755 1623 non
779 1557 975 1637 accedente,
999 1556 1177 1639 quominus
1205 1556 1378 1624 restituere
1406 1557 1525 1623 debeas

349 1668 508 1738 rationem
529 1688 595 1736 non
616 1667 742 1736 videbit
759 1675 783 1735 ³.
812 1667 877 1734 Hic
897 1667 983 1734 enim
1005 1670 1058 1736 lex
1076 1683 1214 1751 quarta,
1235 1688 1309 1735 cum
1331 1668 1422 1736 alteri
1440 1669 1525 1736 nulli

349 1796 534 1866 repugnet,
556 1781 655 1847 debet
683 1779 892 1848 reviviscere.
941 1779 1064 1866 Magna
1093 1780 1195 1866 igitur
1214 1780 1397 1848 differentia
1422 1781 1525 1847 estin

349 1891 567 1976 acquisitione
589 1909 720 1974 rerum,
741 1909 827 1975 quae
849 1890 974 1959 nullius
998 1907 1031 1958 et
1057 1911 1184 1973 rerum,
1208 1912 1291 1975 quae
1304 1891 1523 1960 alteriusfue-

349 2018 450 2086 runt;
476 2004 518 2069 ad
548 2019 601 2070 res
630 2021 683 2070 eas
705 2020 790 2086 quae
822 2003 991 2070 dominum
1016 2023 1083 2072 non
1105 2005 1290 2071 habuerunt
1311 2004 1525 2088 acquirendas

351 2117 420 2182 sola
441 2115 607 2200 possessio
628 2116 767 2182 sufficit:
791 2116 833 2182 ad
852 2135 904 2182 res
923 2115 1057 2183 alterius
1076 2115 1173 2183 nobis
1193 2117 1415 2202 adjungendas
1434 2137 1525 2201 prae-

349 2242 400 2294 ter
420 2227 660 2311 possessionem
682 2245 778 2295 causa
799 2227 997 2312 requiriturt
1021 2229 1064 2296 ob
1086 2248 1182 2311 quam
1193 2227 1248 2294 ille
1259 2227 1405 2311 seilicet,
1429 2229 1525 2314 cujus

350 2357 403 2404 res
423 2337 506 2421 firit,
529 2353 584 2405 aut
603 2341 720 2408 volens
739 2356 798 2407 aut
817 2342 933 2406 nolens
954 2361 991 2406 ea
1011 2338 1132 2424 privari
1151 2341 1281 2408 debeat.
1305 2340 1385 2407 Non
1406 2339 1526 2406 sufficit

350 2450 451 2536 igitur
481 2450 601 2520 titulus
627 2451 822 2520 universalis
851 2450 930 2533 ille,
952 2472 1022 2535 quo
1050 2453 1198 2520 vacantia
1231 2471 1451 2536 occupamus,
1484 2453 1526 2519 ad

351 2562 572 2645 quaerendum
604 2562 637 2628 in
668 2583 703 2630 re
734 2563 848 2630 hostili
868 2564 924 2650 J‘us
945 2563 1194 2648 plenissimum,
1218 2564 1278 2631 sed
1297 2564 1417 2630 titulus
1440 2563 1525 2630 alius

350 2673 573 2758 desideratur,
605 2674 664 2758 qui
694 2690 802 2741 tamen
832 2675 866 2742 in
886 2676 974 2742 bello
994 2695 1172 2758 numquam
1196 2676 1287 2742 deest
1307 2677 1337 2741 ⁴:
1362 2675 1454 2758 quod
1475 2675 1522 2740 sic

245 2807 246 2810 ¹
347 2785 528 2872 colligitur.
573 2786 718 2855 Primum
748 2787 776 2853 si
808 2788 849 2854 ad
878 2807 946 2856 rem
977 2802 1120 2855 nostram
1151 2787 1403 2872 recuperandam
1435 2808 1524 2854 arma

349 2913 565 2980 moveantur,
597 2897 725 2982 quina
754 2899 923 2966 detentore
953 2915 1075 2966 armato
1097 2898 1337 2983 possessionem
1370 2898 1524 2985 injustam

347 3024 435 3076 recte
458 3029 590 3076 avocent
613 3030 711 3077 manu
732 3011 887 3094 militari,
920 3010 1057 3078 dubium
1087 3031 1153 3079 non
1183 3028 1233 3079 est
1255 3015 1279 3080 ⁵.
1325 3012 1412 3101 Quis
1435 3012 1523 3080 enim

348 3141 415 3187 non
442 3121 620 3208 intelligit,
643 3143 717 3188 cum
744 3141 796 3189 res
818 3122 917 3191 utiles
939 3123 1106 3207 acquirere
1128 3123 1225 3190 nobis
1246 3123 1466 3207 permittimur
1487 3126 1524 3205 ⁸,

349 3232 445 3298 etiam
463 3249 629 3316 partorum
649 3233 823 3300 tuitionem
844 3249 895 3318 et,
918 3234 948 3300 si
969 3234 1164 3319 eripiantur,
1185 3236 1404 3321 receptionem
1427 3235 1526 3302 simul

349 3343 512 3412 indicari?
544 3343 675 3432 Quodsi
709 3365 776 3412 rem
798 3345 900 3429 ipsam
923 3347 1083 3431 consequi
1106 3367 1172 3414 non
1195 3346 1345 3431 possim,
1368 3347 1451 3414 tanti
1474 3363 1522 3414 ta·

348 3474 423 3522 men
442 3455 497 3522 ille
517 3455 621 3537 mihi,
645 3456 760 3540 quanti
782 3477 834 3524 res
853 3457 917 3526 fuit
939 3458 1105 3544 obligatus
1126 3474 1175 3526 est
1194 3460 1218 3528 ⁷.
1265 3459 1523 3526 Permittendum

349 3565 450 3652 igitur
468 3566 550 3634 mihi
571 3582 621 3634 est
637 3583 675 3634 ut
695 3586 854 3653 quantum
875 3570 930 3637 ille
951 3570 1031 3638 mihi
1052 3571 1166 3655 debet,
1188 3586 1314 3638 tantum
1337 3591 1398 3658 ego
1411 3592 1453 3638 ex
1465 3573 1523 3638 bo·

347 3678 400 3746 nis
422 3679 495 3764 ejus
512 3697 707 3763 consequar.
753 3682 909 3766 Idemque
931 3683 992 3748 erit
1010 3683 1039 3749 si
1062 3684 1101 3749 ab
1125 3682 1220 3750 initio
1242 3704 1310 3750 non
1334 3704 1400 3749 rem
1421 3703 1524 3749 meam

348 3792 607 3879 vindicaverim,
630 3798 688 3864 sed
710 3795 856 3862 debitum
881 3809 1073 3879 persecutus
1096 3794 1156 3861 sim
1177 3792 1200 3863 ⁸.
1245 3795 1333 3861 Nam
1356 3815 1430 3860 cum
1453 3809 1525 3861 tan·

348 3907 493 3974 tumdem
511 3907 559 3974 illi
578 3908 738 3993 supersit,
762 3922 920 3992 quantum
943 3906 1024 3974 mihi
1047 3906 1156 3989 deest,
1180 3906 1214 3973 id
1236 3906 1285 3973 illi
1308 3906 1524 3973 auferendum

349 4033 381 4088 et
403 4019 483 4089 mihi
506 4020 732 4106 applicandum
753 4035 814 4086 est.
859 4019 907 4086 Et
926 4017 973 4087 sic
996 4017 1030 4084 in
1053 4016 1177 4087 forensi
1198 4018 1406 4085 exsecutione
1425 4013 1438 4050 ⁹
1457 4039 1525 4084 cre·

382 4265 390 4300 ¹
409 4280 436 4318 ut
457 4268 646 4318 dicmmestad
663 4270 681 4317 1.
695 4279 734 4327 rs.
748 4281 894 4330 capraea.
928 4263 1024 4316 'Vim
1037 4268 1069 4316 de
1082 4265 1139 4325 §are
1152 4267 1225 4318 belli.
1239 4279 1266 4316 a.
1285 4270 1324 4317 ιε.
1339 4279 1364 4318 et
1379 4281 1421 4330 44.
1441 4279 1468 4316 et
1484 4279 1525 4324 ss.

344 4356 436 4410 ⁸8i1v.
451 4359 480 4409 ln
497 4375 523 4411 v.
539 4361 646 4409 Bellum.
662 4363 685 4419 ξ.
705 4371 744 4410 11.
761 4361 846 4410 concl.
863 4371 888 4417 a.
920 4355 933 4392 ⁴
955 4359 1016 4408 vide
1032 4358 1099 4409 infra
1116 4371 1139 4409 c.
1156 4369 1182 4418 7.
1215 4357 1225 4392 ⁵
1248 4361 1266 4408 1.
1278 4358 1323 4420 qui
1335 4358 1479 4408 restituere.
1497 4357 1526 4426 u,

348 4449 379 4501 de
396 4451 434 4500 rei
451 4450 522 4502 viad
542 4451 587 4514 [D.
604 4451 628 4500 6.
647 4463 670 4500 1.
684 4450 737 4514 dd]
756 4453 774 4500 1.
792 4449 908 4509 malm
926 4449 966 4500 vis
979 4448 1028 4500 fiat
1041 4450 1085 4513 [D.
1097 4463 1139 4513 43.
1156 4447 1193 4514 4]
1226 4449 1349 4500 ‘exta
1383 4447 1524 4511 'etqui

346 4542 488 4594 restituere.
505 4554 601 4604 etseq.
633 4540 695 4593 ⁸ex
713 4544 731 4591 1.
748 4543 772 4592 6.
805 4539 892 4602 θυῖε.
910 4542 942 4590 de
958 4541 1012 4592 reb.
1027 4554 1096 4592 auct
1112 4540 1356 4604 iudpomomlt.
1369 4541 1470 4604 [D.4r.
1483 4539 1520 4604 5.]
