3326 5506
1114 500 1122 534 b

352 592 415 654 226
657 608 703 655 uu
727 610 819 675 Junu
846 609 1231 658 urrunnu.cnn.x11.

352 776 490 844 utraque
522 763 626 844 ratio,
659 783 743 846 quae
774 762 1005 846 proprietatem
1027 763 1184 848 impedit,
1208 763 1242 831 in
1263 764 1324 830 hac
1346 783 1445 830 causa
1474 781 1529 832 est

351 892 449 955 quam
480 874 513 940 in
543 874 680 944 caeteris
711 874 865 940 omnibus
897 873 1028 940 infinito
1061 873 1238 941 efficacior:
1271 875 1365 957 quod
1394 875 1428 940 in
1451 875 1528 942 aliis

351 983 481 1050 difficile
502 984 656 1067 videtur,
676 985 710 1052 in
728 987 789 1052 hac
810 985 944 1052 omnino
964 985 1035 1052 fieri
1055 1005 1122 1053 non
1140 1000 1268 1070 potest:
1294 986 1386 1068 quod
1405 985 1439 1052 in
1451 986 1528 1052 aliis

351 1092 501 1177 iniquum
527 1096 736 1181 judicamus,
760 1096 793 1164 in
817 1099 878 1162 hac
898 1117 1023 1164 summe
1043 1097 1214 1162 barbarum
1236 1111 1285 1162 est
1304 1112 1404 1178 atque
1425 1097 1528 1162 inhu-

350 1224 494 1272 manum.
539 1206 620 1274 Non
648 1208 688 1275 de
710 1207 790 1274 mari
810 1207 964 1274 interiore
984 1207 1038 1274 hic
1060 1207 1210 1292 agimus,
1233 1207 1325 1291 qnod
1345 1207 1441 1274 terris
1461 1227 1528 1274 un-

351 1315 451 1399 dique
472 1316 616 1385 infusum
638 1319 759 1386 alicubi
780 1318 876 1384 etiam
897 1318 1043 1387 fluminis
1064 1318 1269 1386 latitudinem
1293 1338 1360 1384 non
1379 1317 1525 1386 excedit:

351 1427 391 1494 de
421 1448 488 1511 quo
517 1443 624 1496 tamen
657 1430 736 1498 satis
766 1443 895 1497 constat
926 1430 1057 1497 locutos
1088 1449 1158 1496 esse
1177 1429 1320 1496 Romani
1337 1429 1423 1514 iuris
1444 1449 1527 1496 con·

350 1542 479 1620 sulcos,
511 1560 585 1606 cunt
606 1540 733 1608 nobiles
752 1540 825 1606 illas
844 1541 1001 1608 adversus
1020 1540 1180 1623 privatam
1201 1540 1368 1608 avaritiam
1391 1555 1527 1608 senten-

290 1674 292 1679 ·
351 1649 412 1716 tias
438 1661 447 1700 ¹
476 1651 659 1719 ediderunt.
710 1653 762 1718 De
793 1671 916 1718 oceano
949 1651 1139 1736 quaeritur,
1179 1672 1277 1734 quem
1306 1651 1525 1734 immensum,

351 1760 518 1828 infinitum
541 1783 647 1830 retum
670 1777 858 1847 parentem,
890 1763 982 1830 coelo
1006 1763 1244 1830 conterminum
1264 1762 1445 1844 antiquitas
1463 1784 1527 1830 vo-

353 1888 422 1940 cat:
447 1875 544 1959 cuius
569 1888 729 1957 perpetuo
758 1875 895 1940 humore
922 1892 989 1941 non
1013 1873 1122 1941 sontes
1139 1889 1266 1942 tantum
1287 1889 1319 1942 et
1337 1874 1472 1940 flumina
1491 1890 1529 1940 et

351 1984 470 2066 maria,
494 1983 550 2052 sed
571 1985 694 2068 nubes,
718 1985 775 2051 sed
798 1986 869 2070 ipsa
890 1985 1132 2068 quodammodo
1155 1985 1260 2054 sidera
1283 1984 1373 2068 pasci
1395 2000 1528 2054 veteres

353 2095 577 2164 crediderunt:
602 2096 661 2178 qui
689 2096 832 2179 denique
851 2117 909 2180 per
929 2096 1113 2181 reciprocas
1132 2111 1280 2165 aestuum
1299 2095 1390 2164 vices
1405 2111 1527 2163 terram

351 2207 455 2286 hanc,
486 2206 621 2272 humani
652 2207 778 2292 generis
808 2208 940 2290 sedern,
971 2207 1117 2276 ambiens
1146 2225 1255 2293 neque
1283 2208 1386 2274 teneri
1416 2227 1527 2289 neque

352 2316 476 2384 includi
497 2333 631 2401 potest,
653 2334 685 2387 et
707 2319 855 2402 possidet
884 2317 997 2386 verius
1029 2338 1127 2402 quam
1156 2318 1353 2401 possidetur.
1400 2319 1438 2386 ln
1458 2320 1526 2386 hnc

351 2443 458 2494 autem
483 2449 606 2499 oceano
628 2449 696 2496 non
724 2431 765 2497 de
785 2429 861 2496 sinu
880 2445 937 2496 aut
956 2427 1062 2511 freto,
1087 2449 1147 2496 nec
1167 2429 1207 2498 de
1224 2429 1315 2498 omni
1337 2429 1470 2511 quidem
1483 2451 1526 2498 eo

352 2540 444 2622 quod
473 2561 489 2606 e
521 2540 632 2608 littore
663 2541 812 2625 conspici
846 2555 957 2625 potest
988 2540 1211 2609 controversia
1240 2556 1299 2610 est.
1343 2541 1526 2610 Vindicant

352 2651 415 2717 sibi
441 2651 617 2732 Lusitani,
647 2651 810 2735 quidquid
839 2652 923 2720 duos
951 2652 1047 2720 orbes
1074 2650 1262 2740 interjacet,
1288 2653 1388 2722 tantis
1408 2653 1525 2736 spatiis

351 2762 532 2845 discretos,
575 2778 613 2830 ut
644 2763 793 2847 plurimis
832 2763 974 2832 saeculis
1011 2762 1129 2833 famam
1163 2764 1216 2832 sui
1249 2784 1316 2832 non
1349 2764 1520 2847 potuerint

351 2874 580 2943 transmittere.
625 2875 728 2962 Quod
759 2875 786 2939 si
819 2875 1103 2955 castellanorum,
1137 2874 1195 2958 qui
1229 2873 1263 2942 in
1298 2875 1408 2944 eadem
1443 2891 1524 2946 sunt

352 3006 474 3068 causa,
505 2987 614 3070 portio
649 2986 800 3067 accedat,
833 3006 935 3069 parvo
959 2985 1067 3052 minus
1091 2986 1200 3054 omnis
1224 3006 1368 3056 oceanus
1389 2987 1524 3054 duobus

351 3098 484 3183 populis
514 3098 717 3181 mancipatus
748 3112 818 3178 est,
842 3096 916 3164 aliis
939 3112 990 3164 tot
1013 3096 1167 3182 gentibus
1189 3097 1230 3166 ad
1253 3097 1523 3180 Septentrionum

351 3209 490 3275 redactis
512 3209 696 3294 angustias:
720 3210 928 3291 multumque
951 3209 1086 3292 decepta
1109 3223 1159 3276 est
1181 3223 1313 3286 natura,
1338 3229 1423 3291 quae
1446 3229 1523 3276 cum

352 3323 546 3388 elementum
571 3319 653 3386 illud
675 3319 829 3386 omnibus
853 3317 1089 3402 circumfudit,
1112 3320 1266 3390 omnibus
1285 3319 1382 3392 etiam
1403 3320 1524 3391 suffec-

351 3446 462 3496 turum
486 3430 637 3497 credidit.
682 3431 721 3496 In
748 3444 839 3498 tanto
861 3430 941 3498 mari
965 3430 992 3496 si
1017 3430 1093 3513 quis
1115 3450 1178 3498 usu
1202 3430 1391 3514 promiscuo
1414 3435 1521 3502 solum

351 3541 415 3608 sibi
447 3540 618 3634 imperium
643 3557 675 3609 et
697 3541 856 3610 ditionem
889 3542 1073 3628 exciperet,
1107 3556 1214 3612 tamen
1247 3542 1444 3614 inmodicae,
1464 3543 1523 3612 do·

350 3654 539 3722 mInationis
562 3654 730 3721 affectator
753 3655 947 3720 haberetur:
971 3653 999 3719 si
1023 3652 1099 3735 quis
1122 3652 1249 3742 piscatu
1273 3669 1396 3724 arceret
1417 3655 1521 3737 alios,

351 3767 482 3834 insanae
513 3766 706 3851 cupiditatis
736 3781 848 3833 notam
880 3784 948 3832 non
971 3764 1148 3849 effugeret:
1173 3779 1207 3832 at
1228 3764 1286 3847 qui
1310 3764 1406 3836 etiam
1430 3765 1523 3836 navi-

352 3894 462 3962 gatum
487 3878 643 3962 impedit,
668 3898 736 3961 quo
759 3877 843 3945 nihil
866 3877 929 3961 ipsi
952 3877 1060 3960 perit,
1085 3877 1125 3944 de
1148 3897 1187 3943 eo
1209 3877 1293 3959 quid
1312 3874 1518 3947 statuemus?

351 3989 387 4054 Si
420 3990 494 4072 quis
519 3990 559 4055 ab
582 3989 672 4074 igni,
705 3989 764 4073 qui
789 4003 882 4055 totus
906 4008 987 4056 suus
1010 4003 1079 4068 est,
1114 3987 1221 4072 ignem
1246 4007 1382 4071 capere,
1412 3989 1519 4052 lumen

349 4120 411 4166 suo
435 4102 475 4168 de
498 4100 621 4167 lumine
643 4104 779 4167 alterum
801 4099 1011 4184 prohiberet,
1036 4102 1106 4184 lege
1129 4100 1217 4165 hunc
1237 4100 1397 4164 humanae
1419 4098 1519 4165 socie·

349 4213 427 4278 tatis
449 4232 539 4278 reum
562 4231 769 4296 peragerem:
795 4212 872 4294 quia
894 4211 956 4277 vis'
969 4231 1004 4275 ea
1028 4225 1076 4276 est
1099 4209 1195 4276 istius
1217 4224 1377 4288 naturae,

385 4445 392 4476 ¹
411 4460 485 4506 supra
503 4449 628 4506 allegatas.
