3316 5494
472 603 520 650 nn
544 602 639 670 Juxta
664 599 851 650 annuunt.
876 601 956 648 cnr.
984 603 1017 648 x.
1263 601 1324 665 139

148 772 211 824 aut
240 761 271 824 is
301 754 549 845 cui‘praedam
577 755 817 852 acquirendam
840 755 899 821 ille
921 757 1118 843 assignavit.
1164 753 1321 838 Sequitur
1338 774 1467 875 effictam.

148 869 366 936 consideratio
400 867 616 950 acquirendae
648 867 785 952 praedae
819 886 859 932 ex
892 867 979 934 bello
1012 866 1169 952 publico:
1202 865 1236 932 in
1260 887 1391 949 quapm
1406 884 1441 929 n.

147 999 225 1047 sane
259 1001 298 1047 eo
328 980 482 1065 majorem
516 978 652 1046 anobis
682 978 763 1062 ipsis
794 977 995 1064 diligentiam
1029 978 1212 1063 exigimus,
1247 977 1325 1060 quia
1337 963 1456 1064 mg?

145 1092 345 1176 posteriores
364 1089 592 1177 jurisconsulti
624 1071 729 1158 secuti
761 1109 921 1157 canonum
945 1090 1136 1173 interpretes
1158 1110 1216 1172 ea,
1239 1109 1324 1173 quae

147 1218 227 1270 sunt
238 1201 489 1270 consuetudinis
501 1217 535 1268 et
555 1201 687 1284 quidem
707 1200 839 1268 minime
858 1200 1072 1282 universalis,
1093 1200 1187 1284 quasi
1206 1201 1325 1284 prima-

147 1313 233 1380 rium
251 1315 307 1399 jus
328 1313 474 1398 gentium
506 1315 705 1380 retulerunt:
738 1328 770 1379 et
801 1312 933 1395 quidem
965 1313 1008 1379 ita
1038 1327 1242 1396 praepostere
1265 1328 1323 1396 ut,

147 1444 223 1490 cunr
254 1444 349 1509 saepe
381 1424 538 1510 legissent
560 1425 594 1491 in
623 1426 696 1510 jure
721 1425 872 1490 Romano
895 1440 989 1508 capta
1012 1423 1207 1506 capientium
1232 1423 1323 1505 fieri,

120 1525 182 1600 'in
207 1536 388 1602 canonibus
421 1551 529 1602 autem
558 1535 711 1603 distribui
739 1536 890 1619 praedam
917 1536 1053 1620 publico
1080 1535 1236 1618 arbitriO,
1269 1535 1325 1601 alii

146 1662 227 1732 post
257 1647 339 1714 alios
360 1651 369 1684 ¹
389 1646 533 1714 dixerint
561 1647 667 1731 primo
699 1646 771 1713 fieri
802 1662 894 1730 capta
924 1649 1128 1733 singulorum
1151 1667 1248 1714 manu
1271 1667 1325 1714 ca·

145 1759 333 1843 pientium,
365 1759 425 1824 sed
455 1775 562 1834 tamen
594 1757 786 1844 assignanda
817 1758 917 1839 duci,
950 1758 1007 1841 qui
1036 1758 1212 1825 distribuat
1241 1758 1326 1825 inter

147 1869 286 1937 milites:
319 1870 411 1952 quod
442 1870 576 1952 quidem
609 1870 767 1938 rationem
794 1872 915 1937 nullam
939 1870 1050 1938 habet.
1095 1871 1181 1936 Nam
1203 1869 1323 1955 singuli

147 1981 198 2047 illi
231 1981 394 2065 capientes
427 2002 501 2047 cum
534 2002 630 2048 causa
661 1983 904 2062 destituantur,
934 1996 972 2048 ut
994 1981 1157 2062 diximus,
1181 1981 1268 2047 sicut
1289 1981 1323 2047 in

145 2093 300 2178 privato,
324 2092 369 2159 ita
387 2092 422 2159 in
440 2092 575 2176 publico
595 2094 682 2160 bello
700 2113 767 2160 non
779 2109 919 2176 possunt
930 2093 1108 2175 acquirere.
1132 2093 1170 2157 In
1181 2107 1324 2176 utroque

147 2204 234 2270 enim
257 2203 366 2268 eadem
387 2203 547 2270 obtinent.
571 2203 716 2270 Primum
736 2225 810 2270 cum
829 2203 1012 2288 pertineant
1031 2204 1071 2270 ad
1091 2203 1323 2287 rempublicam

147 2315 227 2381 belli
240 2314 468 2397 susceptricem
482 2315 596 2382 damna
615 2330 647 2382 et
667 2315 851 2399 impensae,
864 2336 947 2401 quae
964 2337 982 2381 a
998 2315 1139 2382 subditis
1157 2315 1324 2397 sociisque

146 2428 354 2507 tolerantur,
385 2442 423 2493 ut
456 2427 534 2492 alibi
567 2427 690 2492 dictum
721 2447 799 2494 mox
820 2427 950 2511 planius
974 2425 1210 2511 explicabitur,
1244 2428 1324 2493 haec

145 2558 276 2605 summo
297 2536 474 2622 privilegio
497 2538 537 2603 de
559 2538 677 2621 praeda
699 2538 889 2605 deducenda
909 2554 996 2606 sunt.
1042 2537 1256 2605 Praeferenda
1274 2553 1324 2604 est

147 2650 245 2716 etiam
269 2652 405 2716 caeteris
427 2649 612 2733 respublica
635 2649 669 2715 in
691 2650 780 2715 omni
808 2650 903 2735 J‘ure,
925 2650 1017 2732 quod
1042 2650 1141 2716 habet
1168 2650 1323 2716 adversus

146 2761 302 2842 hostem,
328 2776 397 2826 turn
430 2761 507 2844 quia
535 2759 709 2844 vigilavit,
742 2775 812 2826 tum
842 2761 920 2843 quia
950 2779 1017 2827 non
1047 2774 1167 2827 temere
1198 2760 1323 2844 ubique

145 2887 314 2955 receptum
338 2887 409 2952 est,
425 2951 427 2955 y
442 2887 480 2938 ut
501 2871 602 2938 fiscus
633 2873 751 2937 habeat
772 2876 1006 2957 reparamina,
1039 2871 1247 2954 primumque
1267 2873 1322 2957 jus

146 2982 263 3049 crediti
296 2982 464 3068 exigendi:
496 2983 634 3048 maxime
667 2981 700 3047 in
733 2968 837 3047 laesae
868 2981 1046 3068 majestatis
1078 2982 1233 3065 crimine,
1268 2982 1323 3049 cui
1405 2963 1408 2970 Δ

146 3108 353 3177 comparatur
377 3094 448 3178 ejus
467 3093 663 3177 reipublicae
683 3092 861 3176 iniquitas,
885 3113 968 3176 quae
987 3093 1121 3160 alterius
1140 3094 1323 3160 innocentis

146 3225 260 3288 pacem
280 3220 312 3270 et
330 3219 450 3272 statum
469 3205 590 3272 turbat
623 3205 676 3270 Ex
693 3205 746 3271 his
764 3225 882 3271 novam
900 3203 1092 3290 colligemus
1109 3205 1321 3288 sententiam,
1335 3221 1410 3319 gara

148 3331 243 3400 capta
275 3306 362 3382 bello
390 3315 524 3399 publico
554 3315 751 3399 reipublicae
783 3315 854 3381 fieri
887 3315 1096 3399 suscipientis
1125 3316 1229 3382 donec
1259 3317 1323 3404 ipsi
1352 3289 1416 3320 ’Μ’

149 3426 353 3494 satisfactum
377 3425 429 3492 sit.
453 3428 661 3516 Quamquam
685 3447 743 3493 cur
763 3445 881 3493 novam
901 3426 998 3492 dico?
1014 3427 1118 3510 Apud
1137 3428 1322 3495 Isidorum¹

149 3537 234 3606 inter
256 3539 334 3604 alias
357 3559 442 3621 quae
469 3539 556 3622 apud
587 3539 679 3604 illum
709 3554 786 3606 sunt
809 3538 882 3605 aevi
901 3537 1059 3604 doctioris
1082 3539 1237 3621 reliquias
1260 3541 1322 3606 hoc

150 3649 247 3716 etiam
276 3649 435 3735 legimus:
468 3650 501 3716 in
531 3651 604 3734 jure
635 3649 767 3716 militari
796 3650 917 3716 versari
944 3650 1080 3734 praedae
1101 3649 1322 3732 decisionem,

150 3776 182 3827 et
200 3781 262 3845 pro
281 3779 490 3844 personarum
512 3760 726 3844 qualitatibus
744 3776 776 3827 et
795 3762 961 3828 laboribus
977 3763 1096 3846 justam
1110 3760 1321 3828 divisionem:

131 3871 227 3975 'item
262 3871 425 3956 Principis
458 3872 655 3955 portionem.
703 3873 797 3960 Quae
830 3873 931 3940 verba
965 3872 1159 3939 examinanti
1193 3873 1322 3956 liquido

182 4142 191 4177 ¹
209 4145 277 4191 Bart.
300 4145 332 4193 ad
351 4145 368 4192 l.
381 4143 403 4193 si
422 4144 484 4206 quid
501 4142 619 4195 helluli.
635 4149 666 4196 de
682 4158 748 4208 capt.
765 4145 810 4211 [D.
824 4160 865 4209 49.
885 4159 923 4202 15·
942 4147 995 4209 ab]
1015 4149 1089 4195 Alex.
1106 4155 1131 4194 et
1148 4147 1198 4210 Jas.
1215 4149 1246 4196 ad
1262 4148 1279 4195 l.
1299 4160 1320 4196 r.

150 4232 175 4286 ff.
199 4235 231 4283 de
253 4247 308 4295 acq-
324 4249 394 4295 poss.
421 4235 464 4299 [D.
487 4250 528 4298 41.
548 4238 583 4299 a]
602 4237 665 4286 Inst.
684 4240 715 4286 de
733 4252 782 4286 rer.
803 4237 855 4287 div.
873 4241 894 4297 5.
915 4237 1055 4298 itemquae
1073 4251 1105 4286 ex
1123 4239 1189 4286 host.
1207 4237 1238 4301 [Ι.
1257 4250 1280 4286 a.
1299 4251 1320 4287 ι.

150 4328 172 4383 5.
197 4324 248 4390 17.]
268 4327 326 4374 Pan.
342 4328 374 4375 ad
389 4341 412 4375 c.
428 4329 503 4376 sicut.
519 4330 550 4377 de
566 4326 671 4386 jurejur.
693 4326 829 4391 [Decretal.
846 4343 868 4376 a.
889 4341 928 4389 24.
945 4328 998 4391 29.]
1023 4341 1049 4377 n.
1071 4340 1095 4386 7.
1113 4330 1203 4378 Thoan.
1218 4343 1321 4390 gramm.

150 4416 235 4465 Deris.
252 4417 335 4478 Neap.
353 4429 393 4476 71.
410 4432 436 4468 n.
459 4431 497 4477 17.
515 4421 591 4468 Mart.
610 4421 687 4469 Laud.
703 4422 734 4469 cle
752 4420 830 4469 bello.
846 4435 871 4481 q.
888 4435 912 4483 4.
947 4417 1057 4480 ’Etym
1074 4422 1091 4468 l.
1108 4432 1131 4477 s.
1149 4434 1172 4468 c.
1190 4433 1213 4478 7.
1230 4421 1321 4469 citatur

34 4557 47 4572 ‚
152 4506 176 4555 in
193 4521 214 4556 a.
230 4505 271 4565 ius
287 4508 404 4559 militare.
424 4510 468 4558 ubi
483 4511 543 4561 vide
562 4513 603 4561 Gl.
619 4511 705 4573 [Dect.
723 4513 791 4560 Grat.
810 4525 836 4572 p.
856 4525 877 4561 r.
897 4526 918 4560 1.
936 4512 986 4574 ro]
