3362 5504
459 601 511 686 n'rr‘
529 641 622 707 Jmts
650 640 834 686 nnnnnnr.
860 640 942 686 cnr.
968 640 1049 686 xrrr.
1271 629 1330 688 281

403 792 500 877 Quod
517 809 649 875 restat,
669 809 700 859 et
720 815 775 858 nos
800 794 863 858 Dis
885 797 1047 874 minores,
1072 808 1110 858 at
1131 795 1243 876 decet,

405 905 593 985 Garamas,
618 920 649 970 et
669 926 864 973 veneremur
887 904 1033 969 Atridas
1057 904 1160 985 daos,

405 1013 527 1099 Quet's,
551 1038 623 1080 cum
646 1029 792 1102 regentes
812 1019 903 1097 sint,
928 1019 1020 1094 nefas
1040 1038 1103 1080 non
1123 1017 1235 1083 cedere
1255 1033 1312 1082 est.

207 1127 434 1214 Justissimum
459 1128 544 1192 enim
569 1142 640 1209 est,
665 1141 702 1192 ut
724 1126 914 1192 Alcibiades
935 1126 1040 1210 dixit,
1064 1128 1130 1212 ὅπερ
1153 1132 1272 1210 ἕδέξκτό
1292 1158 1335 1206 τις

165 1252 275 1325 σχῆμα
303 1251 356 1318 τῆς
386 1245 555 1314 πολιτείας,
582 1248 665 1308 τοῦτο
694 1241 886 1324 ξυνδιασώζειν
908 1242 937 1314 ¹,
961 1239 1026 1304 hoc
1046 1253 1114 1315 est,
1138 1261 1231 1325 quem
1261 1245 1335 1326 qut's

165 1354 332 1435 acceperit
365 1349 569 1436 reipublicae
602 1363 752 1430 statum,
788 1348 836 1414 ad
855 1371 926 1414 eum
957 1351 1156 1418 servandum
1185 1351 1335 1417 conniti:

166 1462 258 1543 quod
282 1463 458 1546 Augustus
487 1460 550 1527 viri
581 1460 730 1541 civisque
765 1460 840 1526 boni
873 1460 1013 1526 officium
1039 1481 1108 1528 esse
1131 1461 1283 1528 definivit
1304 1460 1334 1527 ²:

165 1575 351 1657 sapienter,
374 1595 434 1639 nec
456 1573 564 1639 minus
587 1593 674 1638 vere.
698 1571 784 1638 Nam
809 1573 932 1655 etipse
955 1572 1013 1654 qui
1034 1573 1087 1638 via
1109 1587 1157 1638 est
1173 1588 1206 1638 et
1216 1574 1337 1641 veritas

162 1686 309 1770 Judaeos
340 1705 406 1751 non
439 1685 522 1750 illud
556 1685 743 1766 inquirere,
769 1705 837 1766 quo
858 1685 931 1768 jure
954 1685 1097 1750 Romani
1120 1685 1335 1751 Palaestinam

167 1811 408 1880 occupassent,
451 1795 511 1862 sed
544 1795 813 1877 quandoquidem
849 1795 911 1878 ipsi
947 1795 979 1860 in
1015 1797 1165 1861 Romano
1200 1795 1336 1879 imperio

166 1907 340 1988 viverent,
373 1928 484 1991 parere
516 1907 616 1992 jussit
651 1906 869 1988 Caesaribus,
905 1907 962 1989 qui
999 1921 1069 1972 tum
1104 1908 1174 1991 ejus
1209 1907 1337 1991 imperii

80 2058 85 2068 ι
166 2020 401 2103 potiebantur,
435 2018 526 2100 quod
559 2037 712 2083 nummus
737 2019 896 2084 Caesarea
918 2019 1058 2104 imagine
1082 2018 1230 2104 signatus
1253 2019 1337 2084 indi-

168 2133 263 2196 cabat
283 2129 306 2196 ³.
355 2130 537 2196 Ordinibus
565 2144 672 2195 autem
697 2150 762 2194 non
785 2130 907 2195 ideireo
930 2145 1055 2196 tantum
1080 2151 1190 2213 parere
1213 2131 1337 2198 subditi

170 2243 314 2322 debent,
348 2242 426 2324 quia
456 2261 545 2307 nunc
577 2242 612 2306 id
642 2242 786 2326 regimen
820 2256 985 2324 receptum
1010 2256 1082 2322 est,
1105 2263 1218 2308 verum
1242 2243 1337 2308 etiam

169 2353 247 2435 quia
281 2353 371 2418 istud
403 2353 574 2435 imperium
604 2353 677 2436 jure
712 2351 876 2418 communi
899 2352 1026 2418 nititur.
1073 2353 1229 2418 Hollandi
1253 2354 1336 2419 cnim

169 2481 201 2531 et
225 2465 284 2546 qui
308 2483 381 2529 cum
405 2464 470 2528 illis
500 2462 657 2528 foederati
686 2479 764 2530 sunt
785 2463 907 2542 hodie,
931 2463 1014 2528 nulli
1038 2463 1171 2530 omnino
1195 2465 1338 2548 Principi

168 2577 364 2658 obsequium
385 2575 521 2652 debent,
546 2594 618 2638 cum
640 2574 745 2639 omnis
765 2574 849 2657 apud
871 2574 944 2639 illos
963 2574 1167 2657 principatus
1188 2597 1205 2640 a
1222 2591 1338 2641 mutuo

170 2701 373 2753 sacramento
396 2687 500 2751 soleat
523 2685 653 2750 initium
673 2706 809 2752 sumere.
834 2685 914 2750 Post
925 2700 1059 2750 mortem
1074 2701 1181 2751 autem
1194 2687 1339 2770 Philippi

171 2797 317 2864 Secundi
340 2799 451 2863 nullus
473 2812 523 2863 est
546 2797 701 2879 Princeps
727 2797 759 2861 in
783 2796 877 2879 cujus
890 2795 988 2860 verba
1000 2797 1192 2881 iuraverint.
1216 2798 1338 2878 Neque

168 2931 249 2976 vero
282 2909 455 2992 Philippus
489 2907 627 2973 Tertius
656 2909 711 2991 jus
743 2906 879 2988 aliquod
911 2908 1069 2987 retinuit,
1095 2908 1152 2988 qui
1175 2927 1209 2972 se
1232 2909 1338 2974 videri

168 3024 242 3088 vult
265 3020 354 3086 omni
378 3023 551 3104 Belgarum,
571 3019 708 3103 imperio
732 3019 919 3099 abdicasse,
949 3039 1057 3100 neque
1081 3019 1240 3085 Albertus
1263 3041 1338 3085 cum

168 3135 310 3218 conjuge
334 3134 409 3215 plus
433 3131 613 3212 quidquam
637 3130 754 3196 habere
777 3144 909 3212 potest,
942 3151 1038 3211 quarn
1062 3131 1252 3196 volentibus
1276 3131 1339 3196 Or·

171 3244 304 3311 dinibus
324 3243 460 3325 accepit,
485 3261 558 3306 cum
576 3241 708 3307 minime
728 3242 903 3306 obscurum
924 3241 981 3319 sit,
1004 3261 1043 3306 ne
1062 3257 1185 3324 partem
1206 3243 1338 3324 quidem

170 3359 269 3422 ullam
302 3354 416 3437 populi
449 3353 584 3418 invitam
617 3372 712 3435 posse
736 3351 769 3417 in
793 3352 926 3418 alterius
951 3351 1108 3418 ditionem
1133 3353 1297 3420 transferri
1317 3359 1338 3420 ⁴.

169 3466 480 3554 Quomodocunque
514 3479 621 3528 autem
657 3463 812 3568 Princeps
846 3463 981 3545 deficit,
1016 3464 1100 3530 nihil
1136 3480 1184 3531 est
1218 3467 1340 3531 certius

171 3599 269 3660 quam
294 3591 400 3642 totum
424 3575 594 3658 imperium
619 3573 735 3639 deferri
760 3575 799 3639 ad
822 3575 1076 3658 rempublicam,
1113 3597 1196 3658 quae
1219 3577 1252 3642 in
1277 3577 1340 3642 Or-

171 3690 263 3754 dines
295 3707 374 3754 suos
406 3686 579 3752 distributa
612 3701 683 3766 cst,
717 3685 788 3752 sive
819 3701 856 3784 ut
885 3687 1106 3752 Covarruvias
1126 3693 1137 3724 ⁵
1158 3688 1275 3768 docet,
1301 3689 1341 3753 ad

170 3801 343 3883 optimates
376 3813 474 3879 atquc
504 3817 677 3880 proceres,
713 3797 771 3879 qui
806 3798 1004 3880 reipublicae
1043 3817 1162 3882 corpus
1195 3799 1341 3866 referunt

171 3928 204 3978 et
244 3926 331 3976 recte
375 3910 516 3976 Ordines
560 3909 724 3974 dicuntur.
780 3909 909 3973 Parum
950 3913 1033 3973 enim
1069 3911 1197 3994 refert,
1233 3911 1342 3993 inquit

169 4024 294 4089 Paulus
324 4022 603 4106 jurisconsultus,
640 4019 729 4085 Ordo
762 4025 932 4106 quippiam
959 4021 1106 4105 fecerit,
1142 4044 1187 4086 aa
1223 4027 1251 4087 is
1285 4028 1341 4088 cui

208 4307 350 4367 ¹Tbucyd.
371 4307 415 4354 lib.
434 4308 458 4355 6.
485 4307 520 4369 [c.
540 4307 592 4368 89.]
611 4306 638 4354 in
663 4318 726 4354 orat.
751 4309 783 4356 ad
805 4308 896 4355 Laced.
930 4302 1074 4354 ²ll‘lacrob.
1099 4307 1144 4353 lib.
1168 4321 1190 4355 2.
1210 4311 1259 4358 Sat.
1278 4324 1301 4358 c.
1317 4325 1341 4371 4.

171 4397 291 4447 ³Matth.
316 4413 338 4446 c.
362 4412 401 4446 22.
425 4412 463 4447 vs.
482 4412 522 4446 21.
540 4401 621 4447 Marc.
637 4412 659 4445 c.
681 4412 718 4445 12.
733 4411 772 4446 vs.
791 4411 829 4456 17.
846 4400 907 4446 Luc.
926 4413 948 4447 c.
968 4412 1007 4445 ao.
1025 4411 1063 4445 vs.
1080 4410 1119 4453 25.
1153 4398 1257 4459 ⁴Vasq.
1277 4415 1300 4448 c.
1318 4414 1340 4457 5.

172 4502 292 4539 controv.
311 4490 401 4539 illustr.
417 4503 463 4550 per
480 4500 571 4538 totum.
590 4491 669 4548 nyala
687 4490 732 4536 lib.
754 4503 774 4537 r.
793 4505 815 4538 c.
832 4491 855 4536 6.
872 4503 896 4536 n.
912 4504 935 4550 9.
970 4489 980 4520 ⁶
999 4491 1080 4537 Pract.
1098 4501 1192 4548 quaest.
1208 4504 1232 4539 c.
1248 4505 1269 4540 ι.
1283 4505 1307 4539 n.
1317 4507 1341 4553 4.
