3362 5504
675 627 883 672 uocumuurrl.
1304 626 1361 686 355

185 802 363 862 vendidere:
386 802 544 876 regalibus,
566 818 639 876 quos
660 819 714 876 pro
735 803 820 860 armis
840 813 1028 876 acceperant,
1049 801 1085 860 ad
1108 802 1279 860 commercia
1299 813 1362 860 ute·

183 908 300 965 bantur.
342 906 438 964 Etiam
470 907 636 964 societatem
658 916 687 963 et
708 906 865 963 amicitiam
888 891 1021 965 fecerunt
1045 924 1111 964 cum
1135 922 1200 980 rege
1224 904 1361 964 Sundano

183 1022 213 1068 et
236 1011 436 1084 Principibus,
458 1020 487 1067 et
509 1026 586 1083 spem
608 1009 665 1066 illis
687 1020 822 1067 crearunt
844 1010 923 1080 fore,
944 1021 978 1068 ut
991 1011 1123 1067 similiter
1135 1010 1269 1068 omnibus
1281 1011 1362 1068 annis
1382 1059 1385 1066 .

184 1115 410 1187 negotiationem
449 1114 672 1178 continuarent:
711 1111 791 1186 quod
829 1115 939 1171 utinam
979 1116 1057 1171 Deus
1097 1131 1132 1171 ne
1171 1115 1204 1171 iis
1244 1114 1363 1188 permit·

184 1228 247 1276 tere
269 1218 351 1278 velit.

224 1323 269 1378 De
290 1320 412 1377 navibus
434 1336 503 1392 quas
523 1316 588 1376 dixi
610 1317 727 1389 decem,
748 1321 819 1377 aliae
840 1317 913 1377 duae
934 1334 998 1376 oras
1016 1317 1102 1392 Javae
1122 1320 1363 1394 septentrionales

184 1426 328 1497 legentes,
360 1433 505 1480 venerunt
533 1420 567 1479 ad
589 1432 682 1479 castra
703 1423 854 1481 Ambonae
876 1433 906 1480 ct
928 1422 1049 1480 insulam
1083 1422 1208 1492 Hitum,
1237 1421 1364 1496 indeque

184 1527 378 1601 caryophyllis
400 1537 520 1583 onustae
537 1526 684 1599 profectae
706 1537 790 1594 sunt,
811 1543 866 1584 nec
888 1525 924 1584 ad
945 1526 1023 1584 hunc
1044 1524 1120 1584 diem
1137 1527 1262 1596 scimus,
1283 1525 1362 1600 quod

185 1631 241 1688 iter
262 1628 379 1688 domum
400 1630 593 1702 susceperint.
623 1631 668 1687 De
689 1628 789 1686 iisdem
805 1629 926 1688 navibus
938 1631 1009 1687 aliae
1020 1627 1093 1687 duae
1105 1628 1203 1687 Sunda
1214 1630 1362 1703 profectae

185 1732 220 1790 ad
242 1750 305 1791 oras
327 1733 414 1806 jovae
435 1734 673 1807 septentrionales
694 1745 864 1802 verterunt,
885 1731 1011 1806 indeque
1032 1731 1067 1790 ad
1086 1735 1208 1791 insulam
1220 1731 1362 1802 Bandam,

185 1837 236 1895 ubi
268 1835 381 1895 macide
412 1847 442 1894 et
464 1836 588 1896 nucibus
619 1847 739 1895 onustae
772 1848 858 1895 sunt:
891 1837 943 1893 hae
975 1853 1060 1894 naves
1093 1854 1160 1895 cum
1193 1847 1236 1895 sat
1266 1839 1362 1896 oneris

188 1950 376 2014 acceperant,
398 1939 523 1998 Sundam
545 1951 729 1998 reverterunt
750 1951 779 1998 et
800 1957 877 1997 anno
902 1955 994 2014 1599,
1015 1955 1110 1998 mense
1122 1942 1273 2014 Augusto,
1294 1938 1362 1998 inde

185 2041 301 2102 domum
334 2060 475 2117 regressae
507 2055 591 2115 sunt,
623 2044 678 2101 hoc
710 2060 787 2101 mare
814 2042 927 2101 dicitur
956 2060 1068 2117 semper
1099 2055 1202 2102 ventos
1236 2044 1361 2102 ferentes

186 2147 300 2205 habere.
342 2148 404 2205 Hae
436 2163 522 2204 naves
555 2145 670 2204 Bandae
702 2148 846 2220 reliquere
877 2148 955 2205 viros
987 2146 1088 2206 decem
1120 2151 1167 2205 vel
1190 2146 1361 2218 duodecim,

186 2252 237 2324 qui
259 2249 402 2324 indigenis
430 2236 575 2309 amicitiae
596 2261 626 2308 et
647 2250 762 2308 futurae
784 2251 989 2324 negotiationis
1011 2252 1115 2325 pignus
1136 2263 1240 2309 essent.
1281 2249 1360 2309 Idem

186 2353 280 2412 fecere
302 2355 332 2412 in
354 2355 448 2412 insula
471 2355 563 2424 Hit0,
584 2364 617 2412 ut
639 2365 668 2412 et
691 2355 720 2411 in
743 2370 833 2428 regno
855 2355 970 2412 Balensi
991 2366 1077 2428 atque
1100 2353 1222 2413 Sundae.

226 2459 271 2516 De
299 2459 421 2516 navibus
449 2456 621 2528 duodecim,
649 2475 722 2532 quae
752 2461 898 2518 ininsula
922 2460 977 2517 Sti.
1006 2460 1160 2517 Laurentii
1182 2459 1362 2528 hiemarunt,

187 2560 259 2620 duae
290 2578 396 2620 venere
418 2561 554 2620 adoram
587 2564 798 2636 Achinensem,
828 2580 925 2622 mense
956 2564 1036 2636 Julio
1068 2565 1136 2622 anni
1173 2578 1258 2636 1599.
1300 2563 1363 2620 Hae

188 2682 273 2723 naves
302 2667 406 2733 initio,
433 2683 499 2724 curn
528 2667 651 2740 primum
681 2679 837 2735 venerant,
866 2668 925 2740 regi
949 2667 1116 2727 ,Achinensi
1138 2667 1204 2724 satis
1228 2676 1364 2740 acceptae

187 2780 286 2838 erant,
307 2770 360 2842 qui
381 2771 467 2827 etiarn
488 2770 595 2843 piperis
617 2771 831 2843 aliquantulum
853 2771 887 2827 iis
909 2767 1059 2828 vendidit:
1090 2768 1139 2827 sed
1160 2787 1229 2827 mox
1248 2770 1364 2828 Lusita·

187 2889 290 2931 norum
318 2874 447 2946 aliquot,
475 2874 525 2946 qui
554 2874 611 2931 hoc
641 2885 771 2948 ternpore
803 2873 913 2932 richini
935 2873 1140 2941 morabantur,
1161 2874 1221 2946 regi
1244 2872 1362 2941 dixere,

189 2977 211 3033 si
232 2977 281 3034 has
302 2988 401 3050 gentes
422 2973 461 3054 (i.
481 2993 506 3034 e.
529 2975 690 3035 Hollandos
711 2989 741 3036 ct
762 2975 941 3055 Zeelandos)
964 2979 994 3035 in
1017 2993 1106 3050 regno
1123 2995 1175 3036 suo
1187 2978 1364 3036 commercia

188 3096 323 3138 exercere
351 3091 516 3153 pateretur,
544 3097 604 3137 non
633 3081 695 3139 fore
723 3097 787 3138 eum
814 3083 936 3138 amicum
958 3092 987 3138 et
1009 3081 1120 3139 socium
1142 3080 1365 3150 Lusitanorumr

188 3193 276 3256 atque
297 3184 337 3241 ita
359 3184 515 3251 convenit,
547 3194 580 3241 ut
613 3200 664 3241 rex
687 3184 859 3241 Achinensis
888 3182 979 3242 dictas
1002 3201 1087 3241 naves
1109 3182 1293 3241 incenderet:
1316 3182 1364 3240 sed

190 3298 293 3345 nautae
314 3304 330 3344 a
350 3287 489 3345 ministris
511 3287 596 3360 regiis
619 3286 759 3344 admoniti
782 3288 848 3361 fuga
871 3288 987 3346 Achino
1002 3304 1067 3345 cum
1080 3287 1201 3344 navibus
1213 3287 1364 3355 abierunt,

189 3400 277 3462 atque
299 3389 370 3447 adeo
391 3407 510 3448 suorum
532 3393 688 3448 nonnullos
711 3391 740 3447 in
762 3389 872 3464 oppido
893 3393 1093 3463 reliquerunt:
1130 3389 1165 3447 de
1187 3390 1292 3463 quibus
1313 3406 1365 3447 rex

190 3491 278 3560 duos,
310 3495 360 3566 qui
393 3495 519 3566 linguam
552 3494 772 3568 Hispaniensem
804 3494 895 3567 probe
927 3493 1087 3561 callebant,
1119 3492 1154 3551 ad
1186 3494 1364 3567 praefectum

191 3597 341 3655 Malaccae
372 3598 460 3654 misit.
501 3597 585 3654 Alter
618 3597 720 3654 horum
752 3608 849 3655 rector
871 3597 951 3654 navis
973 3608 1035 3655 erat
1056 3597 1257 3665 Lusitanicus,
1279 3608 1364 3654 natus

192 3698 358 3773 Zuricajae,
396 3716 481 3772 quern
513 3699 652 3757 Hollandi
684 3716 699 3756 e
732 3716 804 3757 nave
836 3700 1007 3757 Brasilee'nsi
1040 3700 1207 3774 abreptum,
1238 3701 1363 3758 invitum

191 3820 288 3862 secum
321 3801 481 3860 duxerant:
513 3805 674 3876 praefectus
706 3803 856 3861 Malaccae
888 3820 935 3860 eos
967 3804 1046 3860 misit
1077 3802 1112 3860 ad
1142 3819 1309 3877 proregem‚
1330 3813 1362 3862 ut

191 3906 316 3964 animum
348 3904 531 3974 adverteret,
562 3905 643 3980 quod
673 3907 703 3965 in
736 3908 788 3964 hac
819 3907 892 3964 urbe
924 3908 1001 3981 capti
1023 3918 1115 3964 erant.
1155 3909 1253 3966 Naves
1274 3907 1363 3975 duae,

192 4027 263 4083 quas
295 4010 411 4068 Achino
442 4009 548 4082 fugisse
580 4007 659 4078 dixi,
693 4010 808 4068 Cilalim
840 4027 939 4068 versus
972 4011 1125 4068 abierunt:
1153 4011 1244 4084 major
1266 4027 1362 4070 earum

193 4114 342 4186 naufragio
373 4115 461 4187 periit
493 4115 522 4170 in
555 4114 654 4171 littore
687 4113 833 4172 Cilae‘nsi:
862 4113 897 4172 de
919 4117 1008 4173 altera
1029 4132 1087 4172 non
1110 4125 1240 4173 constat:
1262 4113 1311 4173 sed
1331 4131 1363 4172 ea

192 4234 310 4291 quoque
331 4217 482 4290 naufragio
504 4218 621 4291 periisse
642 4216 760 4276 dicitur.
