3316 5494
350 597 410 644 122
634 597 693 648 -DE
716 598 810 662 June
836 597 1022 646 PRAEDAE.
1047 596 1126 644 CAP.
1151 597 1232 644 VIII.

346 749 490 815 diximus
523 749 557 817 in
586 751 728 817 externis
760 752 919 819 duntaxat
939 752 1055 830 bellis,
1089 770 1155 818 non
1178 749 1273 814 etiam
1301 746 1335 812 in
1363 743 1521 812 civilibus

346 862 454 928 locum
475 862 573 929 habet
595 864 616 928 ¹.
659 865 700 928 In
722 864 864 932 externis
893 864 995 946 igitur
1024 862 1183 947 capiendo
1215 857 1421 942 acquiritur,
1456 855 1522 920 hoc

347 987 397 1038 est
420 993 460 1039 ex
482 992 647 1040 consensu
668 975 727 1042 illo
750 976 919 1042 nationum
943 973 1140 1052 universali,
1166 970 1338 1038 accedente
1360 963 1522 1050 possessi-

346 1100 408 1148 one
440 1102 507 1148 non
537 1085 670 1168 quidem
698 1084 872 1171 ambigua,
896 1085 954 1152 sed
974 1099 1045 1151 tuta
1068 1081 1310 1167 quodammodo
1336 1095 1369 1145 et
1389 1096 1519 1146 secura.

345 1193 419 1260 Nec
442 1193 527 1260 enirn
550 1196 642 1278 prius
657 1196 838 1263 dominium
862 1196 1037 1263 amittere²
1061 1195 1233 1275 videmur,
1257 1212 1354 1275 quam
1376 1208 1452 1256 cum
1473 1187 1520 1253 rei

345 1306 530 1386 persecutio
547 1301 635 1389 c'epit
664 1326 734 1374 esse
760 1307 924 1390 difficilis,
959 1307 1005 1372 ita
1032 1321 1070 1372 ut
1092 1325 1158 1372 non
1181 1303 1276 1372 facile
1297 1315 1445 1386 speretur
1470 1315 1521 1364 re*

345 1415 410 1500 cipi
433 1437 538 1500 posse.
583 1418 622 1484 Id
645 1433 752 1486 autem
776 1419 809 1485 in
827 1421 900 1504 jure
923 1417 1054 1484 militari
1075 1418 1262 1502 contingere
1284 1431 1364 1482 tune
1398 1411 1520 1478 intelii-

346 1526 453 1611 gitur,
475 1549 549 1594 eum
569 1549 620 1595 res
651 1530 735 1595 intra
753 1530 913 1614 praesidia
936 1529 1083 1611 finesque
1110 1528 1253 1596 hostium
1277 1525 1434 1611 perducta
1449 1519 1517 1588 est.

345 1636 415 1703 Alii
438 1637 450 1673 ⁸
472 1640 535 1705 hoc
558 1659 624 1706 non
649 1641 722 1707 loco
742 1641 800 1708 sed
822 1655 967 1725 tempore
990 1639 1209 1706 definiendum
1228 1649 1451 1721 putaverunt,
1481 1646 1519 1698 ut

347 1748 471 1816 scilicet
493 1750 612 1836 viginti
633 1766 666 1816 et
686 1767 827 1835 quatuor
849 1754 1002 1818 horarum
1026 1751 1130 1834 spatio
1153 1748 1333 1817 dominium
1356 1745 1520 1812 amittere-

345 1874 424 1940 tur,
457 1861 516 1943 qui
538 1861 608 1927 dies
632 1877 681 1928 est
703 1862 831 1930 civilis:
855 1863 963 1929 minus
987 1861 1119 1944 quidem
1146 1875 1257 1940 recte,
1291 1874 1329 1925 ut
1351 1877 1412 1942 ego
1435 1856 1520 1922 arbi-

346 1985 436 2053 tror,
468 1971 532 2038 nisi
561 1973 652 2055 quod
689 1973 723 2039 in
750 1974 830 2039 mari
854 1973 957 2058 captis
977 1973 1117 2040 navibus
1140 1973 1203 2040 hoc
1233 1971 1341 2055 ipsum
1361 1988 1430 2035 non
1449 1967 1519 2034 sine

345 2082 470 2148 ratione
501 2097 667 2166 receptum
701 2083 843 2150 videtur.
896 2085 976 2170 Jure
1011 2084 1112 2170 igitur
1144 2083 1290 2168 gentium
1311 2080 1346 2164 ⁴,
1370 2100 1437 2146 non
1461 2078 1518 2144 illo

346 2195 499 2268 naturali,
513 2195 572 2260 sed
592 2194 738 2279 positivo
762 2210 796 2262 et
817 2194 911 2278 quasi
932 2197 971 2262 de
991 2210 1087 2279 pacto
1109 2197 1223 2260 saltem
1246 2193 1329 2260 inter
1344 2195 1519 2275 plerosque

188 2328 273 2373 cmo.
284 2325 333 2372 111.
345 2308 487 2388 populos
521 2305 625 2390 initu,
652 2308 753 2391 josto
785 2327 899 2374 rerum
931 2307 1012 2373 bello
1028 2306 1160 2392 publico
1182 2318 1318 2371 externo
1340 2315 1518 2389 captarum

346 2420 524 2501 acquisitio
546 2431 693 2503 utraque
711 2439 752 2482 ex
766 2432 869 2504 porte
889 2433 1038 2505 respectu
1057 2417 1263 2484 subditorum
1282 2415 1407 2496 dator,
1419 2413 1518 2498 jussu

348 2511 479 2592 scilieet¹
490 2527 731 2614 praecedente,
755 2533 811 2594 cui
833 2533 926 2595 ratio
944 2529 1131 2616 probabilis
1154 2551 1218 2594 non
1240 2539 1398 2614 repugnet
1422 2524 1448 2590 ⁵.

786 2714 988 2780 CAPUT
1022 2715 1082 2780 IX.

784 2920 830 2965 DE
854 2918 941 2965 FINE
968 2919 1090 2964 BELLI.

792 3055 973 3119 QUAESTIO
995 3055 1077 3102 vni.

414 3192 506 3238 ART.
529 3190 555 3238 l.
592 3173 683 3258 QUIS
703 3190 760 3236 SIT
780 3191 917 3256 JUSTUS
942 3191 1051 3237 BELLI
1077 3191 1172 3236 FINIS
1189 3191 1454 3239 VOLUNTARIIS.

413 3327 504 3373 ΛΚΤ.
530 3327 569 3372 11.
593 3308 684 3395 QUIS
709 3326 767 3374 SIT
790 3326 926 3393 JUSTUS
951 3327 1060 3372 BELLI
1085 3325 1181 3374 1³1le
1205 3328 1380 3374 SUBDITIS.

869 3496 1015 3506 ---—-

388 3613 543 3698 Justitiae
554 3612 711 3680 fruendae
722 3631 821 3680 causa
831 3615 915 3681 bella
934 3613 1031 3698 apiis
1053 3628 1228 3699 geruntur:
1254 3628 1412 3696 quae‚ut
1433 3634 1519 3700 egre·

348 3724 400 3810 gie
422 3725 522 3790 Polus
543 3705 949 3809 Lucanus‘philosophus
960 3725 1163 3808 explicabat,
1188 3725 1296 3791 eadem
1316 3723 1349 3790 in
1365 3725 1521 3792 societate

355 3877 538 3887 -—----=

384 3956 392 3991 ¹
410 3961 429 4008 1.
449 3959 471 4008 si
497 3959 599 4020 1411115.
622 3958 649 4009 in
673 3959 789 4011 1111111.
807 3963 839 4010 de
856 3973 924 4022 capt.
944 3961 988 4023 [D.
1004 3975 1047 4023 49.
1067 3973 1106 4018 15.
1125 3973 1165 4010 11.
1182 3964 1204 4021 5.
1224 3960 1259 4025 1.]
1294 3959 1305 3994 ²
1322 3963 1339 4009 1.
1357 3961 1522 4023 Pomponius.

347 4051 374 4100 ff.
392 4052 451 4100 fam.
476 4051 566 4101 emite.
594 4052 637 4113 [D.
665 4066 703 4101 ιο.
729 4067 752 4101 1.
776 4051 812 4116 8.]
840 4055 858 4101 1.
875 4052 1039 4113 Pomponius.
1057 4053 1083 4100 ff.
1101 4055 1133 4102 de
1149 4066 1205 4114 aeq.
1223 4066 1272 4102 rer.
1289 4053 1358 4102 dom.
1378 4052 1423 4113 [D.
1440 4067 1483 4114 41.
1502 4066 1522 4101 1.

347 4141 401 4207 44.]
421 4145 438 4190 1.
457 4144 604 4191 naturalem.
622 4146 644 4201 5.
662 4156 775 4192 examen.
800 4158 831 4193 eo
856 4145 896 4192 tit.
924 4142 967 4207 [D.
991 4157 1034 4204 41.
1062 4157 1082 4192 1.
1108 4156 1131 4200 5.
1148 4147 1170 4202 5.
1187 4143 1224 4207 4.]
1244 4145 1262 4191 1.
1279 4143 1441 4204 postliminii.
1460 4147 1481 4202 5.
1501 4156 1521 4190 1.

347 4233 374 4281 11.
398 4234 429 4282 de
453 4244 517 4294 eapt.
545 4231 589 4296 [D.
613 4247 654 4297 49.
681 4247 718 4290 15.
743 4247 766 4291 5.
791 4237 812 4293 5.
839 4233 872 4298 1.]
908 4233 987 4296 1114.
1012 4237 1031 4284 1.
1051 4247 1074 4292 5.
1093 4238 1116 4293 5.
1135 4247 1193 4284 eum
1210 4233 1295 4295 igitur.
1313 4233 1338 4281 ff.
1358 4236 1389 4283 de
1407 4234 1435 4283 vi
1454 4245 1479 4283 et
1496 4233 1521 4280 vi

347 4337 409 4372 11111.
422 4325 466 4386 [D.
483 4337 525 4386 43.
545 4325 583 4374 16.
602 4337 625 4382 3.
643 4329 665 4384 5.
682 4325 719 4387 9.]
739 4327 815 4375 Duar.
832 4327 863 4375 ad
880 4327 898 4374 1.
919 4339 942 4375 1.
961 4327 993 4374 de
1011 4339 1067 4386 aeq.
1085 4338 1155 4386 poss.
1175 4325 1219 4387 [D.
1235 4338 1276 4387 41.
1297 4325 1332 4386 1.]
1359 4323 1371 4357 ⁴
1388 4326 1415 4372 in
1434 4327 1520 4373 const.

348 4415 413 4463 Gall.
431 4417 448 4463 1.
467 4415 564 4464 1ο.111.
585 4429 624 4474 1³·
642 4427 687 4465 art.
706 4429 748 4478 14.
783 4415 887 4476 ⁵Vesq.
907 4418 924 4464 1.
945 4429 966 4465 1.
984 4429 1007 4466 c.
1024 4430 1049 4478 9.
1066 4429 1093 4468 11.
1113 4427 1152 4474 17.
1169 4417 1200 4464 Ε1
1219 4417 1326 4464 Covarr.
1344 4417 1375 4464 ed
1392 4428 1445 4476 reg.
1461 4428 1518 4475 pec·

349 4516 431 4554 catum
448 4520 474 4566 p.
495 4520 518 4556 1.
535 4510 555 4565 5.
579 4521 616 4558 11.
634 4507 701 4558 Hinc
718 4507 809 4573 mitum
827 4519 873 4557 est.
906 4507 974 4568 ⁶ap.
992 4506 1062 4556 Stnb.
1083 4505 1171 4571 [florii.
1189 4509 1206 4554 1.
1224 4519 1290 4568 9.11.
1310 4503 1364 4567 54]
