3326 5506
332 617 396 660 220
633 613 679 660 DE
702 613 797 678 Jurtr.
824 609 1007 658 PRAEDAE.
1031 610 1111 656 CAP.
1134 609 1199 656 ΧΠ.

330 768 416 850 apud
450 767 657 834 Athenaeum
689 765 884 836 convivator
915 784 1002 831 mare
1033 783 1206 830 commune
1238 781 1309 831 esse
1342 764 1508 846 dicit,at

328 880 437 963 pisces
471 879 670 963 capientium
705 877 790 946 fieri.
836 877 882 943 Et
916 877 950 943 in
983 875 1135 942 Plautina
1164 875 1318 942 Rudente
1340 880 1348 913 ¹
1368 877 1506 942 servulo

329 989 475 1072 dicenti,
508 975 626 1080 Mara„
646 989 777 1077 quidam
801 1009 967 1054 commune
989 1002 1078 1053 carto
1103 1001 1150 1064 est
1174 988 1344 1069 omnibus,
1367 987 1509 1054 assentit

329 1101 492 1185 piscator:
526 1100 659 1172 addenti
691 1117 821 1182 autem,
853 1101 895 1164 In
927 1103 1018 1166 mari
1047 1103 1216 1168 inuentum
1247 1113 1316 1180 est,
1339 1121 1509 1165 commune

330 1226 401 1294 ast,
426 1227 512 1280 recte
536 1211 698 1280 occurrit:

438 1324 553 1388 Meum
577 1323 666 1408 qaod
688 1338 758 1392 rate
780 1338 883 1410 atque
904 1325 997 1390 hami
1021 1325 1115 1388 nacti
1137 1335 1239 1403 sunt,
1262 1343 1367 1388 meum

886 1437 1094 1521 potissimum
1119 1447 1176 1500 ast.

373 1545 468 1611 Mare
501 1544 603 1630 igitur
634 1545 803 1628 proprium
836 1546 971 1612 omnino
1004 1545 1145 1629 alicujus
1177 1543 1247 1610 fieri
1280 1564 1347 1612 non
1370 1546 1508 1628 potest,

331 1645 409 1738 quia
438 1671 553 1722 natura
586 1677 758 1724 commune
791 1659 855 1723 hoc
889 1677 959 1724 esse
988 1676 1055 1723 non
1077 1656 1257 1740 permittit,
1282 1657 1340 1722 sed
1360 1658 1456 1742 jubet
1474 1655 1514 1722 ’τ’

330 1767 396 1833 imo
427 1787 468 1835 ne
502 1767 596 1834 littus
621 1768 779 1850 quidem,
803 1768 866 1836 nisi
891 1768 982 1851 quod
1005 1770 1084 1835 haec
1109 1768 1256 1834 addenda
1277 1784 1327 1834 est
1348 1768 1507 1852 interpre-

332 1878 432 1945 tatio:
467 1892 504 1944 ut
528 1878 555 1944 si
579 1879 662 1961 quid
685 1899 794 1946 earum
817 1901 925 1947 rerum
947 1901 1006 1963 per
1027 1895 1174 1948 naturam
1198 1880 1354 1963 occupari
1376 1880 1507 1962 possit,

331 1991 365 2058 id
387 2005 521 2057 eatenus
544 1986 741 2074 occupantis
765 1991 844 2073 fiat,
868 2007 1029 2075 quatenus
1053 2013 1091 2059 ea
1113 1991 1330 2074 occupatione
1353 2009 1433 2057 usus
1452 1991 1507 2057 ille

331 2101 540 2185 promiscuus
572 2122 638 2170 non
670 2103 823 2174 laeditur.
868 2104 971 2191 Quod
999 2103 1115 2170 merito
1144 2118 1308 2186 receptum
1340 2118 1407 2169 est:
1432 2123 1507 2170 nam

332 2233 408 2280 cunr
438 2214 483 2278 ita
512 2232 545 2278 se
574 2233 627 2280 res
654 2215 773 2295 habet,
805 2230 909 2283 cessat
941 2230 1083 2299 utraque
1115 2214 1288 2299 exceptio,
1322 2235 1381 2297 per
1409 2236 1506 2297 quarn

333 2324 484 2394 evenisse
505 2325 674 2407 diximus,
697 2346 738 2392 ne
756 2325 866 2394 omnia
885 2327 919 2394 in
936 2328 991 2412 jus
1011 2327 1180 2411 proprium
1202 2326 1508 2394 transcriberentur.

335 2436 501 2524 Quoniam
521 2437 622 2522 igitur
641 2438 860 2504 inaedificatio
881 2439 1007 2523 species
1020 2453 1069 2508 est
1081 2437 1328 2522 occupationis,
1352 2438 1386 2503 in
1397 2439 1509 2506 littore

334 2548 448 2614 licebit
475 2548 643 2615 aedificare
662 2550 698 2631 ³,
731 2552 758 2615 si
786 2550 820 2616 id
843 2549 914 2616 fieri
936 2564 1047 2635 potest
1070 2550 1140 2617 sine
1160 2565 1361 2616 caeterorum
1381 2551 1509 2618 incom-

331 2661 454 2741 modo,
487 2675 525 2726 ut
551 2661 753 2744 Pomponius
783 2663 952 2745 loquitur:
977 2662 1069 2745 quod
1088 2681 1128 2728 ex
1149 2662 1309 2728 Scaevola
1328 2663 1510 2745 explicabi-

332 2793 430 2854 mus,
454 2772 517 2840 nisi
550 2793 630 2841 usus
661 2774 838 2858 publicus,
871 2776 935 2842 hoc
970 2789 1018 2840 est
1049 2772 1255 2854 communis,
1283 2773 1510 2857 impediretur.

332 2884 378 2952 Et
397 2885 456 2968 qui
475 2884 696 2953 aedificaverit
714 2886 777 2953 soli
796 2886 949 2956 dominus
968 2886 1039 2964 liet,
1060 2885 1139 2968 quia
1158 2884 1193 2970 id
1211 2887 1317 2952 solum
1336 2887 1510 2953 necullius

329 2997 519 3080 proprium,
551 3017 612 3065 nec
640 2997 681 3063 ad
709 3011 803 3065 usum
832 3018 1038 3065 communem
1067 2997 1285 3063 necessarium
1313 2995 1390 3066 fuit.
1447 3001 1512 3066 Est

331 3108 432 3193 igitur
460 3109 673 3192 occupantis,
706 3110 849 3176 sednon
872 3110 1022 3192 diutius,
1047 3131 1144 3193 quam
1164 3111 1260 3178 durat
1279 3111 1456 3194 occupatio
1474 3117 1510 3192 ⁴,

332 3220 410 3302 quia
434 3221 587 3288 reluctari
617 3241 703 3286 mare
721 3221 923 3303 possessioni
942 3222 1096 3306 videtur,
1121 3225 1270 3306 exemplo
1288 3225 1399 3305 ferae,
1424 3243 1510 3305 quae

332 3331 360 3398 si
381 3332 415 3396 in
434 3334 612 3400 naturalem
632 3353 667 3398 se
687 3333 869 3400 libertatem
889 3334 1069 3417 receperit,
1094 3353 1160 3400 non
1180 3336 1266 3402 ultra
1284 3335 1428 3417 captoris
1449 3349 1509 3402 est.

331 3445 380 3510 Ita
401 3459 433 3509 et
451 3443 545 3512 littus
565 3444 771 3527 postliminio
792 3445 872 3510 nrari
893 3446 989 3513 redit.
1013 3445 1191 3534 Quidquid
1213 3461 1321 3512 autern
1339 3446 1507 3528 privatum

334 3555 403 3622 fieri
423 3556 639 3640 occupand0,
665 3556 750 3622 idem
771 3572 803 3622 et
821 3557 1016 3640 publicum,
1040 3558 1104 3624 hoc
1125 3573 1175 3624 est
1186 3557 1303 3641 populi
1313 3559 1508 3641 proprium,

332 3688 428 3752 posse
448 3667 661 3736 ostendimus.
703 3668 759 3735 Sic
779 3669 874 3736 littus
894 3669 1021 3753 imperii
1042 3669 1183 3736 Romani
1203 3669 1325 3737 linibus
1343 3669 1508 3738 inclusum

337 3872 525 3882 ----...-.-

369 4002 376 4034 ¹
395 4015 452 4051 actu
470 4016 494 4064 4.
512 4017 547 4051 sc.
566 4005 634 4052 Heus
653 4018 733 4052 mane.
754 4003 804 4068 [vs.
823 4009 880 4069 975.
899 4020 954 4068 sqq.
973 4019 997 4054 ct
1016 4020 1053 4054 us.
1072 4004 1142 4070 985.]
1179 4002 1189 4036 ²
1206 4007 1237 4052 V.
1253 4007 1356 4054 Donell.
1375 4007 1393 4052 l.
1411 4019 1436 4066 4.
1455 4019 1478 4054 c.
1489 4019 1511 4054 a.

334 4093 424 4142 ³lrrst.
442 4096 473 4143 de
491 4108 539 4142 rer.
558 4095 610 4143 div.
628 4095 648 4156 §.
668 4095 791 4144 littorum.
812 4097 844 4160 [l.
864 4111 886 4144 2.
904 4111 928 4144 ἰ.
946 4098 966 4158 S.
987 4097 1021 4158 5.]
1043 4099 1059 4145 l.
1077 4097 1197 4158 riparum.
1216 4101 1237 4155 §.
1258 4111 1279 4145 1.
1298 4095 1322 4143 ff.
1342 4097 1374 4144 de
1391 4110 1441 4144 rer.
1459 4096 1511 4144 div.

336 4184 380 4248 [D.
401 4199 421 4232 r.
439 4188 462 4232 8.
487 4186 521 4246 5.]
547 4187 563 4232 1.
589 4185 728 4235 fluminum.
746 4187 774 4235 ff.
792 4189 823 4236 dc
843 4190 932 4236 damno
952 4189 997 4236 inf.
1018 4187 1060 4251 [D.
1081 4201 1120 4251 39.
1140 4203 1162 4236 a.
1182 4187 1234 4252 aa]
1255 4190 1271 4235 l.
1291 4187 1415 4247 quamuis.
1435 4187 1459 4236 ff.
1479 4189 1509 4235 de

333 4291 388 4336 acq.
407 4278 474 4325 dom.
495 4275 537 4340 [D.
556 4290 597 4338 4¹·
619 4291 639 4325 r.
659 4278 712 4342 50·]
732 4281 749 4326 1.
767 4279 793 4328 in
811 4279 907 4328 littore.
926 4279 950 4326 ff.
969 4280 1081 4339 nequid
1100 4279 1125 4327 in
1145 4282 1196 4328 loc.
1217 4280 1287 4340 publ.
1309 4277 1352 4342 [D.
1370 4291 1412 4340 43.
1432 4283 1455 4327 8.
1472 4279 1508 4340 4]

332 4366 342 4398 ⁴
361 4369 377 4414 1.
396 4367 491 4415 Aristo.
510 4367 535 4414 ff.
556 4369 653 4416 darer.
674 4369 748 4418 divis.
768 4369 812 4434 [D.
836 4385 856 4419 1.
876 4375 899 4418 8.
921 4371 970 4432 10.]
986 4361 1007 4418 l.
1025 4373 1095 4432 quod
1114 4373 1139 4419 in
1158 4371 1253 4420 littore.
1273 4370 1305 4436 li„
1317 4372 1348 4419 de
1367 4384 1424 4430 acq.
1444 4373 1509 4420 dona.

336 4459 379 4521 [n.
398 4472 438 4520 41·
460 4471 481 4507 ¹·
503 4457 553 4522 14]
