3362 5504
674 593 881 638 nocumeurn.
1302 597 1360 655 349

189 784 296 826 merces
328 768 437 840 aliquas
468 770 514 825 vel
537 767 612 824 bona
642 767 763 825 navibus
784 771 832 826 vel
854 767 942 826 carris
963 759 1080 838 equisve
1098 768 1155 825 suis
1177 765 1213 825 ad
1234 768 1360 826 hostium

188 887 270 944 agros
286 872 332 928 vel
350 868 458 944 oppida
475 881 671 943 transportare
689 872 796 944 velint,
813 887 921 944 eosque
938 869 1222 943 comprehendendos
1240 882 1360 945 curent,

188 991 360 1048 causamque
391 989 490 1031 eorum
523 989 560 1030 ex
585 976 647 1045 lege
668 973 753 1045 hujus
774 971 863 1032 edicti
885 972 963 1048 apud
984 975 1106 1048 collegia
1127 973 1310 1032 admiralatus
1329 986 1361 1032 et

189 1077 299 1151 iudices
320 1093 405 1150 supra
427 1076 521 1134 dictos
540 1077 649 1150 peragi.

230 1181 270 1238 Et
290 1181 427 1253 quoniam
448 1178 602 1252 providere
623 1182 776 1252 volumus,
799 1191 834 1237 ut
856 1196 942 1237 naves
966 1181 1115 1256 onerariae
1140 1192 1169 1238 et
1190 1182 1362 1254 piscatoriae

189 1286 226 1342 ab
255 1286 380 1342 hostium
408 1284 437 1340 vi
467 1294 496 1341 et
518 1284 625 1356 rapinis
645 1294 725 1342 tutae
747 1284 822 1353 sint,
843 1299 897 1341 nec
919 1284 948 1341 in
971 1281 1104 1340 damnum
1127 1285 1251 1357 ingentis
1273 1286 1361 1358 pretii

191 1387 377 1447 redemtionis
406 1389 576 1459 incurrant,
602 1387 658 1443 hoc
677 1385 775 1445 edicto
796 1398 943 1459 vetamus,
964 1399 998 1445 ut
1019 1389 1172 1460 quisquam
1192 1388 1221 1445 in
1243 1389 1361 1461 provin·

191 1494 244 1551 ciis
263 1491 435 1564 foederatis,
457 1492 517 1549 sive
536 1490 607 1547 mari
628 1490 812 1563 negotietur,
832 1491 893 1548 sive
911 1507 963 1564 per
980 1507 1065 1563 aquas
1082 1493 1209 1549 internas
1228 1493 1362 1564 naviget,

192 1606 383 1654 commeatum
413 1596 461 1651 vel
482 1593 675 1668 syngraphum
694 1593 779 1651 liberi
799 1594 911 1652 itineris
932 1595 979 1680 ab·
989 1594 1121 1654 hostibus
1141 1595 1194 1652 sibi
1217 1598 1362 1668 postulet,

191 1699 300 1771 quique
332 1696 363 1756 id
388 1697 490 1756 fecisse
522 1696 701 1771 reperietur,
734 1697 812 1755 hunc
832 1708 866 1756 ut
888 1698 1015 1756 hostium
1037 1697 1199 1771 fautorem,
1218 1699 1361 1757 bonorum

192 1803 392 1877 publicatione
414 1802 535 1873 aliisque
555 1802 657 1874 poenis
678 1801 812 1859 mulctari
830 1801 973 1873 jubemus·
1006 1801 1045 1858 Et
1063 1802 1086 1858 si
1105 1803 1157 1875 qui
1169 1801 1362 1861 vehicularius

191 1910 238 1965 vel
267 1916 354 1964 nauta
382 1905 418 1962 ab
446 1904 577 1963 hostibus
607 1904 738 1978 capiatur
759 1916 789 1962 et
810 1903 996 1963 redemtionis
1017 1907 1107 1976 gratia
1129 1905 1219 1978 major
1240 1907 1363 1978 pecunia

191 2011 282 2068 abeo
302 2010 455 2082 exigatur,
475 2025 558 2082 quam
577 2007 654 2082 apud
677 2024 728 2066 nos
746 2007 808 2066 lieri
830 2025 891 2064 mos
911 2019 973 2077 est,
994 2009 1069 2066 hanc
1089 2025 1225 2066 summam
1243 2008 1362 2083 rependi

192 2114 322 2188 jubemus
333 2130 349 2170 a
360 2111 591 2185 magistratibus,
602 2111 755 2185 praefectis
771 2123 800 2169 et
818 2112 933 2170 civibus
953 2111 1123 2169 Brabantiae
1144 2124 1173 2170 et
1194 2110 1363 2182 Flandriae,

193 2218 245 2291 qui
273 2217 324 2274 sub
353 2214 465 2274 ditione
495 2215 622 2273 hostium
651 2226 737 2284 suut,
759 2226 872 2288 praeter
893 2216 1046 2288 pecunias,
1073 2232 1141 2287 quas
1162 2216 1219 2273 alio
1248 2217 1364 2275 nomine

193 2321 370 2396 reipublicae
398 2319 559 2387 solverint,
594 2329 622 2376 et
654 2319 765 2376 senatui
797 2318 857 2390 ejus
885 2319 1071 2392 provinciae,
1101 2319 1224 2392 acujus
1250 2320 1363 2378 civibus

193 2436 295 2482 contra
317 2425 390 2482 hanc
411 2426 502 2496 legem
523 2422 612 2496 maius
632 2420 818 2480 redemtionis
836 2423 963 2496 pretium
981 2433 1114 2481 exactum
1131 2424 1184 2491 sit,
1199 2423 1364 2482 mandamus

193 2540 227 2587 ut
248 2529 343 2586 statim
372 2539 524 2601 postquam
552 2525 588 2584 de
616 2525 720 2583 damno
746 2528 936 2602 cognoverit,
958 2543 1018 2584 eam
1039 2528 1195 2600 pecuniam
1223 2544 1258 2585 eo
1277 2526 1363 2585 modo

193 2632 305 2704 exigat,
327 2643 359 2690 ut
381 2632 409 2688 in
431 2631 482 2688 tali
505 2646 535 2686 re
557 2629 618 2688 lieri
638 2633 751 2688 assolet.

686 2815 740 2824 κ,-
752 2817 826 2823 .-...,..„.
830 2816 874 2824 ...-

745 2921 806 3018 Il.

473 3165 651 3220 DECRETUM
674 3160 830 3220 ORDINUM
854 3162 1076 3220 HoLLANmAE.

621 3289 658 3348 Α.
683 3289 768 3363 1604„
790 3289 878 3347 Sem.
903 3305 927 3346 1.

237 3589 361 3648 Ordines
381 3588 554 3648 Hollandiae
580 3600 609 3646 et
631 3589 828 3658 Westfrisiae,
846 3605 911 3646 cum
934 3588 963 3646 in
983 3605 1116 3647 consessu
1137 3605 1190 3647 suo
1211 3591 1364 3662 cognovis-

195 3707 258 3752 sent
280 3693 315 3752 de
336 3696 477 3752 sententia
498 3693 580 3751 adse
602 3694 708 3765 scripta
733 3710 749 3749 a
770 3691 831 3749 fisci
852 3691 994 3750 advocato
1014 3691 1044 3747 in
1066 3690 1145 3748 curia
1173 3690 1363 3763 provinciali,

195 3815 251 3870 qua
280 3796 511 3864 demonstratur,
540 3795 697 3854 secundum
730 3799 805 3868 leges
837 3807 866 3853 et
896 3793 1121 3853 consuetudines
1150 3793 1363 3852 Hollandorum

194 3917 339 3958 caraccam
369 3911 399 3959 et
430 3917 536 3959 merces
557 3918 572 3957 a
594 3900 704 3973 Jacobo
726 3899 937 3958 Hemskercklo
959 3901 987 3956 in
1010 3898 1092 3957 India
1114 3899 1258 3956 Orientali
1280 3899 1364 3956 Lusi-

175 4005 269 4063 ·tanis
299 4015 410 4079 ereptas
441 4022 499 4063 non
528 4021 586 4062 esse
610 4003 761 4062 Societatis
782 4001 913 4078 Indicae,
935 4001 983 4061 sed
1005 4001 1040 4060 ad
1063 4003 1267 4076 rempublicam
1290 4002 1363 4060 Hol-

195 4107 345 4167 landorum
368 4109 528 4183 pertinere,
547 4124 577 4166 re
595 4105 644 4165 diu
666 4110 850 4180 multumque
871 4107 1067 4178 considerata,
1088 4108 1127 4164 ita
1149 4105 1322 4165 decrevere:

236 4214 312 4271 Cum
341 4224 455 4271 constet
483 4211 621 4286 Jacobum
644 4212 899 4281 Hemsltercltium,
928 4212 1040 4284 aliquot
1062 4210 1183 4268 navibus
1207 4210 1361 4268 Societatis

196 4314 312 4374 Indicae
338 4317 533 4390 praefectum,
553 4315 696 4374 Ordlnum
717 4314 931 4373 foederatorum
953 4317 1126 4374 auctoritate
1148 4325 1177 4371 et
1199 4331 1264 4372 cum
1283 4313 1363 4372 codi-

195 4421 270 4477 cillis
294 4420 439 4494 Principis
461 4421 596 4479 Mauritli
613 4419 648 4478 ad
668 4419 777 4478 Indiam
800 4421 977 4478 Orientalem
997 4419 1166 4494 navigasse,
1187 4419 1255 4476 item
1283 4417 1363 4476 codi«
