3310 5482
333 551 374 631 56
645 571 692 618 un
715 571 809 637 June
834 571 1017 616 rannone.
1042 571 1121 617 cnr.
1147 569 1195 616 ιν.

331 723 416 789 mani
448 723 596 804 aequitas
626 723 660 790 in
689 725 786 790 rebus
817 723 1014 807 quibusdam
1046 723 1218 790 constituit
1241 723 1265 787 ¹.
1299 721 1369 796 Imo
1403 705 1504 796 etiam

331 833 389 900 ubi
408 836 462 919 jus
481 834 570 902 deest
591 834 789 920 benignitate
811 835 973 902 interdum
996 835 1031 903 id
1052 834 1175 902 factum
1198 833 1346 918 legimus.
1386 831 1506 910 Atque

331 943 377 1011 ita
395 944 601 1012 Abrahamus
622 944 708 1012 idem
729 961 799 1012 tum
823 944 959 1025 fecerit,
983 946 1074 1028 quod
1085 944 1223 1013 Romani
1236 943 1334 1025 alias,
1354 940 1412 1024 qui
1424 961 1506 1022 cap·

330 1055 373 1122 tis
391 1053 587 1123 Volscorurn
617 1055 729 1122 castris
753 1056 882 1123 Latinis
910 1072 1009 1140 atque
1029 1057 1185 1124 Hernicis
1203 1055 1303 1124 sociis
1326 1053 1434 1120 edicto
1460 1050 1505 1115 ad

330 1187 380 1234 res
401 1167 645 1252 cognoscendas
664 1168 790 1234 vocatis
813 1169 939 1236 easdem
969 1169 1182 1236 reddiderunt
1204 1172 1226 1236 ¹.
1250 1168 1339 1234 Idem
1361 1165 1506 1229 Volum-

329 1277 403 1344 nius
426 1294 459 1346 et
487 1294 601 1362 postea
631 1278 769 1344 Attilius
788 1278 927 1346 devictis
950 1280 1177 1362 Samnitibus,
1212 1279 1296 1346 idem
1329 1275 1505 1344 Gracchus

327 1403 361 1454 et
382 1388 543 1455 Aemilius
566 1388 764 1458 factitarunt.
808 1390 880 1456 Nec
900 1391 992 1458 aliter
1015 1391 1126 1475 Scipio
1146 1389 1321 1460 constituit
1340 1385 1506 1470 superatis

328 1499 497 1566 Lusitanis
525 1516 624 1582 atque
654 1501 750 1570 etiam
771 1516 865 1584 capta
886 1501 1085 1586 Carthagine
1106 1501 1140 1568 in
1161 1501 1263 1586 signis
1285 1515 1317 1566 et
1340 1497 1500 1574 donariis,

327 1631 411 1692 quae
432 1610 618 1680 Siculorum
638 1610 777 1679 fuerant.
823 1611 998 1682 Caeterum
1018 1612 1152 1678 videant
1171 1611 1199 1677 si
1221 1610 1401 1693 quisunt,
1424 1607 1503 1690 qui-

327 1722 389 1789 bus
408 1724 486 1788 haec
504 1742 570 1789 non
592 1725 739 1806 placent,
759 1741 844 1805 quos
865 1723 956 1790 viros
979 1738 1012 1788 et
1031 1724 1143 1804 quales
1166 1722 1401 1789 condemnent:
1424 1738 1502 1782 cum

326 1832 460 1915 praedas
495 1832 599 1918 egisse
629 1835 773 1918 legamus
792 1847 826 1900 et
843 1833 969 1901 Mosem
991 1833 1026 1915 ⁸,
1051 1835 1213 1917 exemplar
1229 1832 1376 1918 Justitiae
1396 1831 1504 1895 multo

327 1945 447 2010 certius
469 1964 566 2026 quam
585 1942 650 2010 fuit
668 1959 725 2010 aut
742 1943 918 2030 Lycurgus
935 1961 993 2012 aut
1008 1945 1190 2024 Aristides,
1211 1960 1243 2012 et
1260 1942 1503 2010 sanctissimum

328 2054 444 2121 ducem
465 2053 599 2138 Josuam
620 2055 632 2091 ⁴
653 2070 685 2120 et
703 2055 865 2123 Davidem
887 2056 960 2122 Deo
991 2055 1223 2123 amicissimum
1251 2075 1357 2139 regem
1378 2058 1409 2132 ⁶3
1431 2069 1503 2118 tum

327 2184 406 2232 vero
437 2164 618 2236 Rubenitas
651 2185 726 2232 cum
761 2166 893 2233 Gaditis
928 2182 960 2232 et
988 2183 1078 2250 parte
1106 2167 1359 2234 Manassitarum
1380 2172 1419 2245 ⁶,
1443 2164 1503 2247 qui

328 2275 473 2343 hostium
505 2274 619 2359 spoliis
646 2276 739 2343 ditati
761 2276 834 2344 ideo
857 2277 1070 2359 scribuntur,
1094 2278 1171 2360 quia
1194 2277 1348 2353 fiduciam
1373 2279 1406 2342 in
1426 2277 1502 2340 Deo

328 2388 589 2469 collocaverant,
613 2389 757 2471 itemque
768 2390 871 2456 Asam
884 2389 1068 2473 Principem
1085 2389 1253 2474 religionis
1264 2388 1394 2466 nomine
1413 2407 1503 2452 sum-

329 2517 459 2581 mopere
487 2500 749 2574 commendatum
769 2502 792 2566 ⁷.
838 2501 941 2587 Quod
971 2500 999 2568 si
1031 2500 1072 2567 ad
1102 2500 1309 2568 Christianos
1333 2499 1503 2582 Principes

329 2607 503 2689 venimus,
535 2609 721 2677 invenietur
754 2630 849 2682 nemo
878 2610 937 2693 qui
964 2631 1030 2679 non
1052 2614 1197 2695 exempla
1216 2611 1270 2677 illa
1293 2626 1427 2676 secutus
1448 2611 1511 2676 sit..

331 2718 480 2787 Tametsi
501 2718 584 2785 enim
605 2721 868 2788 Christianorum
887 2722 1034 2790 moribus
1057 2737 1089 2790 et
1115 2723 1247 2806 quidem
1267 2741 1338 2788 sero
1362 2721 1504 2788 servitus

332 2830 558 2914 exoleverit⁸,
583 2829 693 2922 (cujus
711 2832 757 2898 rei
777 2833 906 2899 diversa
927 2833 1010 2900 ratio
1030 2834 1245 2901 demonstrari
1264 2833 1358 2900 facile
1372 2848 1502 2917 posset,

332 2942 395 3010 nisi
418 2944 458 3012 ab
481 2944 634 3011 instituto
658 2945 721 3010 hoc
749 2943 960 3030 discederet),
993 2965 1121 3011 manere
1152 2961 1258 3011 tamen
1290 2945 1374 3011 illud
1394 2960 1432 3010 ut
1452 2963 1504 3010 res

332 3070 444 3139 captae
467 3056 554 3121 bello
576 3055 784 3140 capientibus
801 3072 998 3138 quaerantur
1021 3057 1109 3140 apud
1127 3072 1266 3122 cunctos
1282 3056 1366 3141 juris
1386 3055 1504 3140 magis-

174 3203 245 3250 Μ,
258 3213 308 3249 „„
332 3181 401 3232 tros
422 3168 624 3249 exploratum
646 3182 695 3232 est
714 3164 735 3232 ⁹.
781 3166 905 3231 Verum
929 3167 1114 3233 testimonia
1134 3167 1167 3231 in
1192 3187 1361 3234 numerum
1384 3186 1505 3251 conge·

174 3257 401 3358 i.³}‘.¹⁰⁰‘¹¹'‘”rere
434 3276 517 3342 nihil
549 3277 602 3342 hic
624 3295 718 3360 opus.
764 3277 956 3362 Theologos
978 3278 1173 3361 poscimus?
1230 3279 1283 3344 En
1312 3298 1413 3350 unum
1443 3298 1503 3360 pro

332 3386 486 3454 omnibus
513 3387 738 3472 Augustinum
760 3390 796 3454 ¹⁰.
842 3389 880 3453 Si
902 3409 970 3474 qua
983 3391 1059 3474 jam
1087 3393 1235 3476 praecisi
1249 3389 1417 3476 possidere
1435 3411 1503 3454 coe-

326 3502 449 3586 pistis,
474 3503 555 3585 quia
574 3501 662 3568 uobis
682 3500 799 3564 ablata
819 3500 908 3576 nobis
928 3499 1077 3566 dominus
1098 3500 1189 3566 Deus
1214 3500 1329 3581 dedit,
1349 3522 1412 3566 non
1432 3501 1503 3567 ideo

332 3667 524 3678 -oe——n-——n--n

366 3733 422 3783 ¹0.
440 3735 472 3782 de
487 3736 564 3794 postl.
591 3747 645 3782 rev.
662 3736 679 3781 l.
697 3733 728 3781 ab
748 3733 880 3784 hostibus.
899 3733 925 3781 in
951 3733 1008 3782 line.
1034 3735 1077 3796 [C.
1105 3737 1128 3783 8.
1148 3749 1187 3794 54.
1208 3735 1258 3800 12.]
1287 3738 1318 3784 V.
1340 3739 1404 3797 Ang.
1422 3735 1459 3784 ibi
1478 3749 1503 3784 et

331 3827 382 3888 Jas.
399 3826 431 3873 ad
447 3827 495 3885 leg.
514 3823 580 3872 aff.
598 3826 629 3873 de
647 3837 703 3885 aeq.
720 3837 791 3884 poss.
829 3823 873 3888 [D.
890 3838 931 3886 41.
951 3825 989 3887 2].
1006 3839 1030 3872 n.
1052 3839 1077 3873 11
1099 3837 1124 3874 et
1145 3823 1285 3874 12.²Liv.
1305 3825 1334 3890 [l.
1358 3841 1383 3888 4.
1409 3840 1433 3874 c.
1463 3841 1503 3890 29.

332 3919 349 3964 1.
371 3930 407 3965 ιο.
426 3929 449 3964 c.
484 3929 524 3963 20.
550 3927 575 3963 et
601 3919 618 3963 1.
637 3929 677 3976 24.
700 3929 723 3963 c.
745 3915 794 3977 16.]
815 3927 839 3964 et
853 3916 942 3976 Polyb.
963 3913 991 3980 [l.
1010 3930 1033 3963 2.
1052 3929 1074 3964 c.
1093 3916 1146 3978 31.]
1183 3915 1287 3966 ³Num.
1306 3930 1344 3974 31.
1365 3931 1389 3979 9.
1422 3915 1504 3980 ⁴Jos.

332 4009 356 4058 8.
375 4019 415 4064 27.
433 4018 458 4054 et
477 4019 516 4054 22.
534 4008 559 4055 8.
592 4001 683 4054 ⁵Sani.
705 4020 726 4054 1.
742 4019 782 4063 30.
802 4019 834 4053 20
851 4017 875 4054 et
894 4020 918 4055 2.
938 4009 962 4054 8.
981 4007 1108 4055 Chronr.
1129 4011 1168 4055 18.
1200 4007 1220 4056 ⁶.
1238 4009 1332 4056 Chron.
1353 4021 1374 4056 1.
1394 4020 1417 4064 5.
1439 4011 1504 4057 18et

333 4111 386 4159 seq.
420 4095 544 4146 ⁷Chron.
579 4110 600 4144 2.
630 4109 668 4157 14.
702 4095 747 4144 ⁸1.
773 4096 799 4144 in
824 4098 916 4156 pecud.
938 4096 963 4144 ff.
982 4099 1013 4146 de
1031 4111 1098 4146 usur.
1118 4097 1161 4162 [D.
1180 4113 1219 4147 22.
1240 4113 1261 4147 1.
1280 4098 1331 4163 28.]
1368 4097 1451 4148 ”lum
1476 4101 1504 4150 in

333 4203 356 4238 c.
374 4188 444 4236 olim.
462 4190 494 4236 de
503 4199 562 4236 rest.
579 4190 645 4247 spol.
666 4185 804 4249 [Decretal.
823 4201 846 4237 2.
868 4187 968 4252 13.12.]
988 4189 1047 4236 Pan.
1066 4187 1093 4236 in
1106 4203 1129 4237 c.
1141 4189 1213 4238 sicut.
1230 4193 1274 4238 ult.
1292 4188 1504 4248 deiurejurarrdo.
1644 4207 1645 4270 4

337 4279 475 4343 [Decretal.
497 4292 519 4326 2.
547 4292 586 4340 24.
610 4276 662 4341 29.]
697 4291 722 4325 n.
748 4281 770 4326 8.
795 4281 860 4326 Bart.
885 4281 916 4326 ad
941 4281 958 4326 l.
977 4281 1071 4328 hostes.
1090 4280 1116 4327 in
1134 4279 1185 4328 fine
1211 4281 1236 4328 ff.
1264 4283 1295 4330 de
1313 4293 1380 4340 capt.
1401 4280 1443 4344 [D.
1461 4295 1503 4343 49.
1644 4277 1645 4366 4

337 4382 376 4428 15.
394 4368 445 4432 24.]
484 4370 535 4416 Bal.
554 4369 580 4416 in
595 4371 613 4416 l.
630 4382 654 4430 4.
674 4369 702 4415 C.
719 4370 750 4416 de
767 4370 817 4430 ing.
835 4383 898 4418 man.
920 4370 962 4430 [C.
978 4383 1001 4426 7.
1018 4369 1066 4432 14]
1094 4372 1169 4418 lVlart.
1188 4373 1264 4420 Laud.
1283 4374 1313 4421 dc
1331 4372 1400 4420 bello
1418 4387 1443 4432 q.
1465 4386 1503 4434 19·
1644 4375 1645 4438 l

229 4441 240 4456 ”
336 4459 356 4492 ¹⁰
374 4476 396 4508 c.
414 4462 463 4508 litt.
481 4461 554 4508 Petil.
572 4461 664 4509 citatur
679 4460 705 4508 in
720 4473 742 4508 c.
762 4474 784 4508 2.
805 4459 891 4523 [Dect.
912 4463 979 4509 Grat.
998 4476 1023 4520 p.
1042 4475 1064 4508 2.
1084 4474 1123 4519 23.
1142 4460 1177 4524 7.]
1644 4453 1645 4546 4
