3316 5494
441 603 488 650 DE
511 604 605 671 Juxta
634 600 816 650 PRAEDAE.
841 601 921 650 CAP.
945 604 979 649 X.
1258 601 1319 666 135

143 757 187 823 rit
213 755 238 822 ¹.
285 757 372 824 Nam
405 756 463 841 qui
494 777 512 822 a
542 757 695 842 pluribus
726 755 865 823 debente
898 755 934 822 id
964 754 1056 839 quod
1088 754 1151 821 sibi
1184 755 1320 822 debetur

144 867 230 935 bona
249 868 314 934 fide
332 869 478 952 recepit,
498 868 539 935 ad
559 868 798 936 restitutionem
817 889 858 936 ne
877 868 1097 935 conscientiae
1115 867 1248 950 quidem
1265 868 1320 952 ju-

144 978 234 1045 dicio
254 979 420 1065 obligatus
440 995 499 1048 est.
532 981 621 1047 Turn
639 1001 742 1063 vero,
764 981 793 1046 si
812 980 894 1063 quid
911 994 1082 1063 superest,
1107 977 1320 1046 admittentur

145 1091 286 1171 caeteri,
310 1092 435 1174 quibus
454 1094 534 1158 alter
553 1092 608 1158 ille
627 1093 764 1158 bellator
782 1091 961 1159 obstrictus
979 1089 1054 1158 fuit.
1088 1089 1134 1156 Et
1152 1104 1318 1174 postremo

143 1203 222 1267 loco
240 1202 331 1284 quod
349 1203 499 1283 restabit,
522 1203 556 1270 id
575 1203 638 1288 ipsi
656 1203 796 1287 spoliato
816 1205 942 1270 salvum
963 1221 1034 1270 esse
1051 1216 1084 1268 et
1100 1216 1178 1286 post
1195 1202 1317 1267 bellum

144 1327 240 1396 parta
260 1314 435 1380 securitate
462 1315 591 1380 restitui
624 1315 722 1381 debet
740 1311 763 1383 ¹.
806 1316 891 1381 Nam
916 1314 1005 1381 etin
1028 1312 1227 1397 repressaliis
1254 1313 1318 1378 hoc

145 1424 298 1508 usurpari
329 1425 479 1492 doctores
501 1425 731 1506 consentiunt,
756 1440 789 1492 et
815 1425 976 1511 possessis
1006 1445 1046 1490 ex
1071 1425 1200 1491 decreto
1223 1423 1320 1490 bonis

147 1534 333 1602 debitorum
361 1555 428 1602 non
455 1537 544 1604 aliud
563 1538 765 1604 observatur.
809 1538 911 1627 Quod
929 1537 958 1604 si
975 1537 1092 1620 praeda
1112 1537 1235 1602 bellum
1253 1535 1321 1619 pri-

145 1661 261 1713 vatum
279 1647 496 1732 suscipienti,
519 1667 586 1716 non
607 1649 708 1734 igitur
730 1648 869 1735 singulis
892 1647 1153 1732 occupantibus,
1176 1646 1321 1730 acquiri·

148 1771 226 1838 tur,
257 1758 363 1841 primo
392 1759 518 1826 scilicet
545 1775 578 1826 ct
606 1739 748 1844 perse,
781 1779 840 1828 scu
866 1759 1056 1828 naturaliter
1085 1774 1118 1826 et
1142 1758 1205 1824 nisi
1230 1757 1322 1825 aliud

147 1882 258 1934 actum
281 1869 335 1936 sit.
377 1870 449 1936 Nec
469 1872 580 1938 obstat
606 1872 697 1954 quod
717 1891 783 1938 non
802 1871 872 1954 ipse
891 1886 1061 1954 susceptor
1081 1869 1321 1954 possessionem

147 1981 370 2064 apprehendat
398 2001 459 2048 suo
490 2001 641 2066 corpore.
687 1981 916 2066 Apprehendit
944 1983 1028 2048 enirn
1051 2002 1109 2065 per
1131 1983 1236 2062 alios,
1265 1994 1322 2048 aut

147 2091 301 2158 subditos
324 2107 381 2158 aut
402 2093 621 2160 auxiliatores.
666 2094 713 2159 Et
732 2095 771 2160 de
792 2093 933 2160 subditis
953 2093 1084 2176 quidem
1103 2113 1154 2160 tes
1174 2092 1323 2177 expedita

148 2217 209 2270 est.
232 2202 295 2268 Per
313 2203 400 2270 lilios
420 2205 504 2271 enim
523 2225 646 2289 perque
664 2223 796 2286 servoS,
816 2205 910 2287 quasi
929 2204 1033 2270 nostri
1051 2204 1198 2288 corporis
1215 2217 1322 2288 partes

148 2315 238 2382 omni
258 2315 384 2382 tatione
407 2317 625 2400 acquirimus:
649 2318 689 2383 de
713 2337 781 2400 quo
803 2318 887 2384 inter
905 2316 1112 2404 jurisperitos
1129 2314 1224 2382 facile
1244 2334 1323 2380 con-

148 2427 241 2493 venit
263 2433 288 2494 ⁸.
336 2427 402 2494 Sed
432 2447 492 2512 per
522 2427 754 2511 auxiliatores,
788 2430 853 2496 hoe
880 2443 929 2496 est
956 2428 1007 2496 sui
1035 2427 1118 2513 juris
1149 2426 1321 2508 homines,

149 2537 275 2620 acquiri
310 2537 477 2620 quomodo
512 2539 642 2623 possit,
680 2543 756 2623 plus
794 2541 912 2607 habere
944 2537 1077 2606 videtur
1109 2537 1321 2606 difficultatis.

149 2648 273 2716 Verum
302 2664 410 2727 tamen
440 2665 473 2715 et
501 2651 565 2716 hoc
593 2670 660 2718 non
692 2651 897 2718 incommode
929 2651 1164 2736 explicabitur,
1190 2649 1217 2716 si
1240 2649 1324 2716 illud

149 2774 321 2843 teneatur,
353 2762 564 2829 auxiliatores
593 2781 649 2828 seu
681 2762 759 2828 belli
786 2762 896 2829 socios
925 2781 986 2828 nos
1016 2781 1074 2828 eos
1101 2761 1229 2842 dicere,
1264 2760 1323 2843 qui

150 2871 324 2956 principali
343 2873 518 2939 accedunt:
542 2892 609 2940 non
628 2872 657 2938 si
676 2888 708 2938 et
728 2872 790 2956 ipsi
810 2874 876 2938 sint
893 2893 996 2955 aeque
1014 2872 1226 2956 principales:
1250 2889 1323 2937 nam

150 2997 229 3050 tunc
259 2984 372 3050 eodem
406 3004 473 3066 quo
496 2986 580 3051 'alter
604 2985 678 3068 jure
708 2999 853 3050 utentur.
896 2984 948 3048 De
980 2983 1033 3049 his
1060 3001 1136 3068 ergo
1158 2981 1324 3065 loquimur

151 3094 210 3177 qui
234 3109 462 3178 asusceptore
489 3094 675 3160 mandatum
701 3109 905 3179 receperunt.
950 3093 1135 3160 Dicendum
1166 3113 1242 3178 ergo
1267 3112 1324 3176 per

151 3206 286 3272 liberam
306 3225 441 3287 quoque
461 3225 655 3289 personam,
680 3226 764 3289 quae
788 3206 972 3272 mandatum
994 3205 1127 3272 anobis
1147 3206 1264 3285 habet,
1287 3219 1325 3271 ut
1350 3277 1353 3288 ‚

150 3316 416 3401 possessionem,
441 3316 485 3382 ita
504 3336 562 3400 per
586 3317 826 3400 possessionem
849 3318 1029 3383 dominium
1047 3317 1180 3400 acquiri
1198 3322 1223 3383 ⁴.
1247 3318 1324 3406 Qua

152 3428 192 3495 de
214 3448 248 3493 re
271 3427 367 3493 etiarn
394 3426 583 3494 videamus:
616 3448 689 3493 nam
713 3430 773 3495 hac
796 3405 928 3495 sublata
946 3429 1111 3512 positione
1134 3447 1204 3495 non·
1219 3428 1449 3510 domi-mam..

152 3539 244 3604 nium
269 3537 302 3604 in
326 3558 413 3619 rem,
437 3539 494 3606 sed
517 3539 676 3606 actionem
700 3540 858 3605 duntaxat
879 3539 1035 3606 adversus
1056 3559 1226 3623 personam
1246 3559 1323 3606 con-
1336 3501 1444 3545 ‘lm'

152 3670 348 3734 sequemur:
380 3651 471 3734 quod
503 3652 642 3718 multum
677 3650 822 3722 interest.
866 3651 952 3718 Sunt
984 3650 1118 3733 quidem
1150 3650 1212 3718 ista
1245 3651 1325 3718 satis

188 3955 197 3988 ¹
217 3957 235 4004 l.
247 3957 319 4016 quod
331 3966 421 4005 autem.
439 3961 461 4016 5.
475 3961 543 4018 apud
556 3959 617 4008 Lab.
634 3959 662 4007 ff.
676 3962 746 4021 quod
761 3957 787 4008 in
801 3959 883 4009 fraud.
898 3960 966 4008 cred.
976 3961 992 4007 1.
1002 3958 1116 4020 pupillis.
1125 3973 1157 4008 eo
1170 3959 1209 4009 tit.
1228 3960 1271 4024 [D.
1284 3975 1326 4023 4a.

155 4047 178 4095 8.
196 4047 221 4094 6.
240 4049 261 4104 5.
279 4048 303 4095 ό.
319 4059 344 4096 et
362 4047 425 4097 ibid.
443 4051 460 4096 l.
480 4050 532 4111 24]
569 4047 579 4082 ¹
596 4051 627 4097 V.
644 4064 720 4110 supra
737 4064 760 4099 c.
773 4063 797 4112 4.
815 4061 839 4099 et
854 4063 898 4099 art.
913 4063 936 4108 3.
954 4053 1039 4098 conci.
1055 4063 1079 4109 7.
1098 4051 1160 4101 silv.
1184 4052 1210 4099 in
1226 4067 1252 4100 v.
1269 4054 1325 4100 Bel-

154 4139 214 4185 lum.
235 4151 256 4186 1.
270 4141 292 4196 5.
310 4149 334 4196 7.
349 4141 433 4188 concl.
451 4152 473 4195 s.
508 4139 519 4174 ³
537 4142 567 4188 V.
585 4155 608 4189 c.
623 4143 647 4190 6.
665 4143 723 4188 lnst.
737 4155 783 4202 per
797 4153 857 4201 quas
866 4154 934 4202 pers.
942 4141 1002 4189 nob.
1014 4155 1070 4202 acq.
1080 4142 1106 4190 in
1115 4142 1196 4202 princ.
1207 4143 1231 4204 [l
1255 4143 1324 4206 a.9.]

155 4230 172 4276 l.
193 4242 215 4276 1.
235 4233 257 4288 5.
280 4242 302 4277 1.
324 4229 350 4276 in
372 4228 416 4278 fin.
429 4229 456 4278 ff.
474 4233 505 4280 de
520 4230 560 4280 his
574 4232 618 4292 qui
636 4232 674 4280 sui
693 4234 735 4281 vel
753 4234 785 4280 al.
798 4230 870 4289 iuris.
886 4233 929 4293 [D.
948 4245 968 4280 1.
984 4232 1021 4294 6.]
1039 4215 1056 4281 l.
1073 4233 1241 4292 acquiruntur.
1259 4237 1281 4292 5.
1298 4229 1325 4282 t.

157 4320 187 4367 dc
209 4332 265 4379 aeq.
283 4333 332 4368 ret.
352 4322 419 4369 dom.
440 4321 483 4382 [D.
499 4335 541 4382 4¹·
556 4336 577 4370 1.
598 4323 650 4384 10.]
670 4325 688 4370 l.
705 4337 726 4371 1.
742 4327 764 4382 5.
777 4323 838 4372 item
853 4323 1014 4384 acquirimus.
1027 4323 1054 4371 ff.
1071 4325 1101 4372 de
1120 4337 1174 4384 acq.
1193 4337 1261 4385 poss.
1281 4326 1326 4387 [D.

157 4423 197 4470 41.
220 4422 243 4457 a.
267 4423 288 4458 1.
310 4415 330 4469 5.
354 4411 389 4472 5.]
425 4411 471 4460 ⁴1.
490 4412 602 4461 traditio.
617 4417 639 4471 5.
655 4411 698 4462 lin.
712 4414 738 4462 ff.
755 4416 786 4464 de
801 4428 856 4476 acq.
872 4416 940 4464 dom.
959 4416 1002 4468 [D.
1018 4427 1059 4476 41.
1078 4427 1098 4462 1.
1115 4427 1154 4462 ao.
1170 4418 1191 4474 5.
1207 4415 1243 4477 a]
1263 4413 1325 4464 inst.

157 4515 202 4562 per
220 4514 284 4563 quas
296 4514 363 4562 pers.
377 4505 399 4561 5.
414 4515 446 4552 ex
461 4502 510 4552 his.
528 4502 562 4567 [1.
581 4517 604 4552 a.
620 4517 643 4566 9.
659 4505 679 4565 5.
693 4505 729 4567 5.]
