3326 5506
438 612 484 658 DE
508 612 601 679 JURE
628 614 810 660 PRAEDAE.
836 614 914 660 CAP.
940 613 1003 659 XII.
1239 611 1301 675 259

123 772 225 836 multa
246 771 347 836 classe
366 768 450 834 circa
473 770 653 836 Malaccam
673 788 761 834 nunc
785 768 878 833 etiam
902 769 1059 846 haerens,
1084 768 1117 833 in
1140 766 1301 834 mandatis

124 883 223 947 habet
255 897 408 947 externos
431 901 543 948 omnes
562 895 756 947 mercatores
785 879 931 961 undique
958 894 1112 945 evertere.
1159 879 1298 944 Publico

124 992 268 1074 denique
301 992 439 1058 consilio
469 992 584 1059 batavi
609 991 757 1058 homines
782 991 902 1074 captiui
927 989 1137 1071 detinentur,
1161 991 1299 1056 mittun·

122 1120 178 1170 tur
205 1103 241 1168 in
264 1103 478 1174 Lusitaniam.
524 1104 640 1168 Altera
667 1123 762 1170 causa
793 1101 872 1168 belli
906 1117 975 1184 est,
1010 1102 1087 1184 quia
1114 1101 1298 1185 respublica

123 1215 360 1282 Lusitanorum
392 1215 426 1280 in
455 1214 604 1300 singulos
632 1213 811 1280 Lusitanos
835 1214 877 1279 ob
908 1233 968 1294 ea,
993 1212 1133 1296 quaein
1158 1213 1297 1279 Batavos

123 1326 350 1408 admiserunt,
384 1346 450 1392 non
482 1325 734 1406 animadvertit,
767 1323 847 1406 quin
882 1324 978 1390 etiam
999 1332 1110 1391 sontes
1134 1340 1246 1392 tuetur
1267 1341 1299 1393 et

124 1457 263 1520 poenam
296 1437 442 1522 impedit.
488 1438 653 1502 Darnnant
681 1456 748 1503 uno
781 1457 836 1502 ore
871 1435 1100 1521 jurisconsulti
1128 1436 1137 1472 ¹
1169 1458 1298 1521 rempu-

125 1549 244 1614 blicam
269 1569 335 1614 non
365 1564 494 1615 tantum
516 1569 601 1631 quae
621 1548 782 1633 iustitiam
808 1549 967 1632 denegat,
992 1548 1049 1612 sed
1071 1563 1103 1613 et
1123 1568 1191 1613 eam
1216 1570 1299 1630 quae

125 1659 287 1746 negligit,
311 1661 371 1726 ubi
393 1660 519 1727 scilicet
543 1660 681 1746 iniuriae
702 1675 735 1726 et
755 1659 946 1725 manifestae
970 1674 1003 1726 et
1026 1660 1202 1726 continuae
1226 1659 1299 1726 fue-

125 1787 227 1856 runt,
251 1771 354 1855 inque
377 1792 474 1838 manu
498 1771 698 1855 reipublicae
722 1790 775 1836 eas
797 1771 931 1855 injurias
956 1791 1062 1837 arcere
1091 1786 1147 1837 aut
1169 1773 1296 1854 punire.

124 1881 197 1947 Ubi
227 1882 290 1946 hoc
321 1884 429 1947 locum
458 1880 615 1961 habebit,
640 1881 667 1945 si
696 1880 750 1946 hic
771 1882 981 1948 nonhabet?
1006 1883 1148 1970 Quoties
1172 1885 1257 1950 enim
1281 1907 1299 1950 a

126 1992 300 2058 Lusitanis
323 1992 436 2059 Batavi
465 1992 601 2059 summis
625 1992 732 2058 affecti
754 2007 832 2058 sunt
855 1993 1012 2076 injuriis?
1037 1995 1170 2062 Semel?
1203 1995 1299 2062 Nihil

128 2105 193 2170 hoc
227 2120 285 2171 est.
330 2105 476 2172 Decies?
509 2105 698 2187 Perparum.
746 2105 909 2172 Centies?
943 2107 1023 2173 Non
1055 2107 1188 2174 accedit.
1230 2110 1300 2175 Imo

127 2216 395 2298 quotiescunque
419 2217 486 2281 ulla
509 2214 736 2283 malefaciendi
758 2217 886 2283 occasio
904 2215 989 2300 fuit,
1015 2218 1115 2301 idque
1136 2239 1202 2286 non
1219 2223 1299 2286 clam

127 2328 186 2394 sed
207 2329 334 2410 palam,
357 2327 469 2394 sedin
491 2330 595 2393 totius
618 2328 728 2395 Indiae
746 2343 949 2413 conspectu,
967 2344 1074 2412 terra,
1097 2331 1186 2397 mari.
1208 2332 1301 2418 Quid

128 2439 231 2524 igitur
250 2438 334 2522 fuit,
359 2439 536 2521 quominus
550 2439 664 2506 talium
677 2439 861 2506 facinorum
875 2442 1067 2509 auctoribus
1080 2443 1301 2527 irrogarentur

129 2550 315 2633 supplicia,
338 2553 451 2644 saltem
470 2551 610 2616 nocendi
633 2550 770 2618 facultas
789 2552 1009 2636 adimeretur,
1033 2554 1097 2620 nisi
1120 2555 1210 2637 quod
1233 2575 1301 2620 om·

129 2660 222 2727 nium
246 2661 356 2726 eadem
387 2681 502 2742 mens,
527 2661 610 2727 illud
631 2662 747 2745 populi
771 2663 875 2730 totius
899 2665 1098 2746 consilium,
1124 2666 1177 2731 illa
1200 2665 1301 2732 Lusi·

128 2787 279 2838 tenorum
301 2787 470 2854 quotquot
489 2788 568 2840 sunt
590 2773 749 2840 sententia
775 2789 846 2856 est,
870 2775 1030 2840 neminem
1051 2791 1218 2842 externum
1232 2776 1299 2860 pati

129 2885 173 2949 ad
202 2903 256 2950 eas
283 2898 383 2950 terras
406 2885 585 2950 accedere?
621 2885 736 2950 Tertio
760 2887 834 2951 loco
862 2887 1034 2970 subjacent
1063 2887 1149 2952 bello
1174 2888 1298 2954 subditi

130 2996 204 3080 eius
225 2995 447 3079 reipublicae,
472 3017 556 3079 quae
577 2997 712 3062 docetur·
733 2997 895 3082 injuriam·
908 2997 1050 3080 fecisse,
1074 3000 1138 3064 hoc
1159 3014 1209 3064 est
1231 3000 1301 3065 Lu·

128 3107 227 3175 sitani
260 3107 404 3192 singuli,
430 3123 567 3190 excepto
590 3109 737 3187 nemine,
762 3129 835 3175 cum
860 3109 937 3191 quia
960 3109 1301 3193 rempublicamtueri

130 3234 318 3304 coguntur,
341 3233 412 3284 tum
443 3219 521 3301 quia
548 3217 670 3285 factum
698 3221 897 3303 reipublicae
920 3221 960 3286 ad
975 3221 1129 3306 singulos
1149 3221 1301 3305 pertinet.
1405 3250 1408 3255 ·

132 3330 317 3417 Augustini
338 3333 349 3368 ²
372 3331 470 3396 verba
492 3351 558 3398 non
587 3330 710 3398 frustra
741 3333 807 3398 huc
839 3334 975 3418 aptabo:
1008 3332 1119 3399 Aliud
1147 3333 1306 3420 estquod

130 3446 168 3508 in
185 3443 308 3528 populo
329 3449 466 3532 quisque
489 3444 587 3509 habet
605 3458 778 3529 peccatum
795 3448 999 3531 proprium,
1013 3444 1304 3532 aliudquodcom-

132 3576 254 3637 munc,
290 3556 377 3641 quod
400 3577 463 3621 uno
487 3560 597 3621 animo
616 3553 659 3638 fit
683 3570 715 3622 et
738 3577 807 3621 unu
835 3557 1031 3638 uoluntate,
1064 3579 1138 3622 cum
1171 3555 1306 3642 aliquid

132 3666 351 3732 multitudiue
372 3681 570 3753 comparatu
594 3671 829 3734 committitur.
855 3668 921 3734 Ubi
942 3672 1092 3736 uniuersi
1112 3669 1160 3731 ibi
1183 3681 1214 3731 et
1238 3670 1305 3732 sin·

129 3777 227 3864 guli,
262 3800 325 3843 nou
354 3793 463 3844 autem
488 3778 544 3843 ubi
567 3780 694 3865 singuli
716 3781 764 3844 ibi
784 3784 939 3846 continuo
964 3784 1122 3848 uniuersi.
1169 3780 1305 3866 Singul'

132 3894 218 3954 enim
243 3910 307 3956 esse
326 3903 464 3975 possunt
485 3893 555 3956 sine
576 3894 752 3972 uniuerso,
777 3896 927 3973 utriustri
950 3907 1060 3957 autem
1085 3913 1148 3956 nou
1167 3905 1304 3978 possunt

134 4005 201 4066 nisi
235 4023 276 4066 ex
309 4001 450 4089 singulis
474 4002 656 4088 quibusque
678 4015 844 4069 constare.
902 4003 995 4068 Num
1027 4003 1154 4089 singuli
1183 4006 1306 4088 quique

168 4262 264 4310 ¹Ferr.
285 4275 355 4310 cons.
379 4276 403 4309 n.
422 4264 479 4310 Alc.
498 4259 542 4308 lib.
560 4274 582 4316 s.
601 4273 725 4318 consas.
743 4263 793 4324 Jas.
814 4262 840 4309 in
859 4264 883 4309 d.
907 4263 923 4309 l.
950 4261 1049 4310 civitas.
1069 4261 1113 4322 [D.
1143 4272 1181 4307 12.
1206 4272 1226 4306 r.
1252 4258 1304 4322 27.]

134 4354 183 4402 Dd.
200 4354 240 4401 ad.
258 4355 275 4400 l.
294 4354 368 4412 culpa
386 4364 462 4401 caret.
479 4354 510 4400 de
527 4365 577 4412 reg.
596 4350 643 4409 jur.
664 4353 707 4413 [D.
727 4365 766 4408 50.
788 4365 825 4410 17.
847 4351 900 4414 ⁵0·]
920 4353 1013 4402 Decius
1032 4365 1103 4400 cons.
1116 4351 1174 4413 486.
1192 4352 1222 4398 V.
1234 4351 1308 4398 Gent.

133 4446 150 4491 l.
171 4458 192 4492 r.
208 4457 231 4493 c.
248 4456 288 4492 21.
306 4445 337 4492 de
354 4442 410 4500 jure
424 4443 495 4492 belli.
529 4440 538 4473 ²
557 4443 640 4492 Levit.
659 4458 684 4502 q.
702 4444 741 4490 26.

1032 4535 1088 4612 17*
