3310 5482
446 619 492 666 DE
517 619 610 683 JURE
636 619 1004 668 PRAEDAE.CAP.IH·
1270 617 1310 683 37

135 769 285 851 riuntur,
310 785 348 836 ut
374 792 447 837 cum
476 773 640 840 societatis
660 743 829 841 commoda
846 773 942 841 nobis
960 789 1164 840 ostentantur
1187 779 1220 854 ¹,
1243 772 1310 856 pri·

135 880 260 946 mordia
280 881 494 967 intelligimus
511 884 707 968 reipublicae
728 901 759 952 et
779 885 1026 970 magistratuum
1043 883 1310 964 sanctimoniam,

134 1012 206 1058 cum
228 1013 288 1058 eos
313 1015 330 1059 a
352 995 425 1061 Deo
447 1015 515 1062 esse
540 997 648 1063 verbis
669 997 801 1064 minime
818 996 978 1082 ambiguis
1004 997 1125 1062 Paulus
1143 997 1309 1062 'affirmat

53 1129 55 1132 ·
135 1103 221 1169 Hinc
238 1106 350 1190 legum
379 1106 524 1173 civilium
548 1108 619 1189 vis,
654 1109 730 1175 hinc
756 1109 924 1194 judicandi
947 1123 1112 1193 potestas,
1145 1129 1228 1191 quac
1258 1109 1311 1174 vel

135 1214 205 1299 ipso
232 1217 315 1301 Jcsu
345 1232 476 1284 auctore
504 1223 515 1258 ³
538 1220 673 1313 caelitus
701 1221 806 1286 datur.
853 1220 940 1286 Hinc
969 1220 1092 1287 Divina
1124 1219 1310 1304 Sapientia,

134 1329 227 1416 cujus
258 1332 390 1414 ὥπόρρωξ
417 1345 449 1395 et
474 1332 565 1396 velut
582 1351 727 1416 propago
758 1347 807 1398 est
832 1331 887 1397 illa
913 1347 1024 1399 nostra
1051 1332 1310 1415 qualiscunque,

134 1439 180 1504 sic
199 1441 340 1521 loquens
361 1440 546 1509 inducitur:
570 1444 663 1508 Mihi
681 1444 852 1508 eonsilium
874 1442 1032 1524 debetur,
1056 1446 1138 1509 mihi
1154 1445 1309 1531 officium:

136 1575 204 1618 mea
221 1555 410 1640 prudentia
434 1570 480 1621 est
502 1568 532 1620 et
551 1575 622 1620 mea
632 1553 815 1640 fortitudo.
847 1555 914 1630 Per
933 1576 980 1619 rne
999 1568 1029 1619 et
1051 1559 1115 1640 ipsi
1130 1575 1220 1642 reges
1238 1575 1311 1639 reg·

136 1680 219 1730 nant
246 1680 277 1730 et
307 1666 488 1731 dictatores
505 1668 593 1751 jura
623 1665 823 1732 describunt.
870 1665 937 1731 Per
960 1687 1008 1730 nee
1028 1669 1195 1752 imperant
1212 1669 1311 1750 irnpe-

137 1792 265 1842 ratores
292 1792 324 1842 et
356 1781 524 1863 principes
549 1791 677 1842 terram
706 1776 894 1863 dr'J'urliennt
921 1776 945 1844 ⁵.
991 1779 1062 1843 Isto
1087 1791 1193 1842 autem
1218 1775 1311 1841 Pauli

136 1887 222 1953 dicto
241 1900 251 1931 ⁵
273 1888 356 1970 quid
383 1904 431 1956 est
455 1887 642 1955 illustrius?
693 1887 805 1954 Omnis
832 1893 946 1953 areima
966 1890 1186 1976 potestatibus
1207 1887 1311 1952 excel·

137 2000 278 2064 lentibus
308 2000 443 2067 subdita
468 2014 556 2065 esto:
592 2022 693 2085 neque
727 2004 811 2064 enirn
835 2015 981 2086 potestus
1014 2001 1086 2065 ulla
1112 2003 1177 2064 nisi
1203 2021 1224 2063 a
1242 1999 1311 2063 Deo

137 2126 182 2176 est
205 2125 237 2176 et
257 2125 417 2198 quotquot
434 2126 511 2176 sunt
525 2125 728 2197 potestates,
748 2135 770 2176 a
790 2111 861 2176 Deo
880 2126 957 2176 sunt
979 2111 1166 2178 ordinatae.
1215 2111 1312 2183 Quis·

137 2227 209 2308 quis
243 2226 355 2310 igitur
377 2227 538 2310 potestati
567 2228 717 2304 resistit,
747 2223 814 2288 Dei
845 2223 1052 2290 ordinationi
1079 2227 1229 2288 resistit:
1254 2227 1313 2308 qui

139 2349 249 2400 autern
270 2317 458 2416 resistunt,
484 2338 548 2422 ipsi
566 2336 628 2400 sibi
647 2334 890 2400 damnationem
908 2339 1102 2420 acquirunt.
1128 2334 1220 2400 Nam
1242 2356 1312 2399 mn·

138 2450 308 2532 gistratus
328 2469 391 2510 non
406 2461 483 2512 sunt
503 2449 630 2510 terrori
650 2447 739 2510 bonis
758 2447 905 2532 operibus
923 2446 979 2513 sed
997 2446 1106 2512 malis.
1132 2445 1312 2512 Visuutern

139 2579 200 2621 non
230 2571 377 2623 metuere
405 2559 631 2644 potestatem?
678 2559 802 2624 Bonum
826 2559 936 2644 facito
963 2573 993 2624 et
1022 2558 1152 2625 laudem
1172 2558 1214 2623 ab
1238 2562 1311 2644 ipsa

137 2673 351 2753 consequeris.
399 2670 463 2734 Est
492 2672 576 2734 enirn
604 2669 670 2733 Dei
697 2674 850 2735 minister
879 2684 935 2734 tuo
964 2671 1054 2736 bono.
1101 2670 1160 2734 Sin
1187 2668 1310 2734 malurn

131 2779 277 2864 fheeris,
302 2793 415 2844 metue.
450 2779 568 2865 Neque
584 2783 667 2844 enim
680 2781 823 2866 frustra
836 2781 989 2868 gladium
1005 2785 1106 2868 gerit.
1139 2781 1205 2844 Dei
1227 2783 1310 2844 enirn

139 2896 291 2956 minister
318 2904 364 2954 est
394 2905 423 2955 et
452 2890 620 2959 uindictae
647 2907 817 2958 exsecutor
851 2894 945 2974 illis,
970 2897 1028 2977 qui
1044 2892 1184 2976 faciunt
1208 2891 1309 2955 muln.

142 2999 254 3084 Quare
278 3024 401 3067 neeesse
428 3017 473 3067 est
501 3004 618 3088 subjici
642 3026 698 3070 nec
717 3019 859 3090 propter
878 3005 1060 3072 vindictam
1081 3016 1233 3082 tanton,
1258 3001 1314 3067 sed

140 3114 192 3180 rel
219 3119 365 3179 maxime
389 3129 529 3200 propter
560 3120 801 3182 conscientiam.
848 3117 951 3200 Apud
978 3133 1115 3195 omnes,
1145 3128 1312 3196 quotquot

140 3225 262 3308 ubique
283 3240 360 3292 sunt
378 3225 587 3310 philosophi,
608 3229 700 3293 locus
721 3247 787 3293 non
808 3244 913 3295 exstat
925 3228 964 3294 de
981 3228 1053 3312 jure
1065 3225 1311 3311 magistratuum

139 3337 342 3418 praeclarior.
367 3337 544 3403 Auctorem
565 3339 720 3421 quaeris?
742 3340 853 3405 Habes
872 3342 992 3407 Deum.
1019 3339 1159 3405 Finem?
1185 3339 1310 3403 Bonum

141 3464 187 3513 est
204 3463 313 3515 tuum.
361 3449 447 3514 Cum
467 3464 573 3516 autem
594 3453 666 3517 vult
685 3451 778 3516 Deus
799 3467 1033 3530 sacrosanctam
1054 3471 1124 3518 esse
1143 3449 1312 3536 magistra·

140 3574 230 3626 tuum
250 3560 496 3643 auctoritatem,
520 3582 628 3628 nonne
659 3562 753 3628 etiam
774 3584 858 3629 arma
878 3565 1016 3647 probat,
1040 3563 1162 3646 quibus
1186 3562 1240 3628 illa
1263 3560 1312 3625 in-

139 3671 265 3736 terdurn
294 3671 495 3738 defendenda
524 3674 596 3740 est?
644 3676 696 3740 An
726 3676 881 3742 adversus
909 3675 1046 3742 inermes
1072 3692 1144 3740 reos
1169 3673 1313 3758 porriget

141 3780 204 3848 illis
233 3782 328 3848 Deus
360 3786 498 3851 ultorem
529 3785 692 3871 gladium,
726 3787 881 3853 adversus
915 3801 1053 3852 armatos
1085 3785 1239 3871 negabit,
1277 3800 1313 3851 ut

140 3893 246 3960 locum
284 3894 403 3960 habeat
435 3896 516 3964 illud
547 3898 652 3963 omnis
684 3898 813 3965 sceleris
845 3898 1116 3979 invitamentum,
1149 3896 1316 3983 quidquid

142 4006 254 4071 multis
277 4020 440 4091 peccatur
466 4010 611 4074 inultum
636 4024 682 4075 est
710 4012 752 4074 ⁶?
800 4010 1031 4092 Nequaquam.
1078 4009 1158 4074 Non
1194 4008 1313 4074 debent

143 4116 225 4182 enim
254 4118 424 4186 deterioris
451 4120 651 4187 conditionis
681 4140 751 4187 esse
779 4121 837 4204 qui
868 4121 929 4188 soli
955 4137 1110 4205 peccant,
1136 4140 1232 4203 quam
1255 4118 1313 4202 qui

144 4319 336 4332 ——u-

175 4439 315 4502 ¹Eccl.4.
340 4455 363 4504 9.
398 4438 559 4499 tremas.
581 4456 601 4492 1.
635 4441 778 4506 ³Jolr.19.
800 4458 838 4493 11.
872 4443 975 4492 ⁴Prov.
995 4447 1017 4490 8.
1038 4455 1075 4504 14.
1094 4452 1119 4489 et
1136 4454 1173 4500 sq.
1207 4439 1312 4488 ⁶Rom.

148 4543 183 4587 13.
204 4545 224 4580 1.
242 4544 267 4581 et
285 4545 323 4593 sq.
356 4532 368 4565 ⁰
384 4534 477 4584 Lucan.
497 4535 593 4597 [Phars.
610 4537 627 4582 l.
647 4549 669 4591 5·
687 4549 724 4584 vs.
744 4536 813 4598 ooo]
