3326 5506
450 639 497 683 DE
523 638 614 698 JURE
641 641 823 688 PRAEDAE.
849 644 927 690 cnl‘.
953 644 1001 689 xt.
1252 647 1311 710 193

127 791 392 874 praestitissent,
428 793 554 861 innoxii
585 798 929 878 praetervelrebantur.
976 799 1117 865 Etcum
1141 800 1306 885 inJavanr

126 917 265 970 ventum
301 920 386 970 esset
416 905 549 990 jamque
573 906 761 991 gravissima
785 910 1018 977 Lusitanorum
1040 915 1161 978 scelera
1182 914 1307 995 patuis·

128 1027 223 1095 sent,
247 1017 376 1082 ultione
395 1031 501 1083 tamen
525 1018 622 1084 iidem
643 1019 890 1103 abstinuerunt,
907 1043 981 1088 cum
1009 1039 1094 1089 esset
1113 1024 1146 1089 in
1164 1025 1304 1106 proclivi

127 1127 295 1212 navigium
327 1130 622 1213 comprehendere,
646 1151 713 1215 quo
737 1135 862 1218 legatus
884 1133 1122 1216 Malaccensis,
1146 1150 1304 1203 mercator

124 1241 281 1324 jamtum
307 1241 495 1308 Hollandici
517 1243 704 1329 sanguinis,
739 1245 931 1312 vehebatur.
980 1248 1028 1312 At
1059 1247 1209 1315 Lusitani
1237 1250 1301 1333 jam

127 1367 200 1418 ante
231 1353 456 1419 Rasadaumae
489 1354 634 1421 consiliis
663 1356 709 1421 ita
741 1357 893 1439 permixti
920 1373 1032 1439 erant,
1056 1375 1095 1425 ut
1116 1361 1156 1427 ad
1179 1361 1301 1427 bellum

125 1464 257 1531 Batavis
293 1463 496 1531 inferendum
533 1482 569 1538 et
594 1467 841 1550 intercipiendas
882 1489 981 1536 naves
1006 1471 1119 1556 Javam
1152 1471 1235 1537 inter
1270 1488 1303 1538 et

125 1575 436 1658 Panianasinsulas,
449 1577 536 1660 pacti
558 1592 667 1645 essent
686 1579 863 1647 maritimas
887 1580 996 1663 copias
1018 1600 1092 1648 suas
1115 1602 1189 1648 cum
1211 1582 1301 1649 illius

126 1690 228 1754 classe
261 1689 472 1773 conjungere.
519 1689 565 1755 Et
592 1711 668 1757 mox
701 1691 757 1757 ubi
791 1691 986 1759 Batavorum
1013 1693 1117 1774 aliqui
1144 1692 1299 1760 Bantamo

124 1799 165 1865 ad
198 1813 299 1867 naves
333 1800 459 1884 regredi
490 1803 714 1883 conabantur,
746 1819 877 1886 portum
911 1803 958 1869 illi
990 1805 1201 1871 obsederant:
1235 1827 1298 1888 qua

123 1933 273 1996 superte
294 1913 447 1979 monebat
463 1912 645 1996 Sabandos,
659 1913 691 1978 in
717 1915 796 1981 urbe
818 1915 924 1982 securi
947 1932 984 1982 ut
1007 1931 1129 1993 essent,
1142 1916 1183 1982 ad
1203 1916 1298 1982 fidem

123 2022 280 2108 praefecti
309 2025 490 2108 pertinere:
519 2040 608 2092 extra
639 2047 681 2092 ne
705 2027 787 2108 quid
806 2027 989 2108 accideret,
1014 2047 1097 2110 opus
1121 2027 1200 2110 ipsis
1223 2047 1298 2111 pro-

123 2136 269 2202 videntia
303 2151 335 2202 et
367 2137 503 2204 virtute.
548 2137 658 2204 Etiam
687 2137 889 2222 Tomagonis
923 2138 1074 2219 insidiis,
1110 2159 1189 2221 quas
1223 2154 1298 2205 ante

123 2248 325 2315 narravimus
349 2262 381 2313 et
413 2248 585 2315 Cidaeensi
607 2249 761 2332 perfidiae
784 2248 935 2316 Lusitani
958 2248 1143 2316 adfuerunt.
1188 2249 1297 2317 Dilata

122 2360 319 2427 Batavorum
349 2360 515 2427 mansione
538 2359 691 2426 Lusitani
714 2381 787 2426 cum
808 2361 880 2443 ipso
903 2359 1108 2427 Bantamensi
1131 2361 1296 2444 praefecto

122 2471 199 2538 belli
223 2485 359 2537 conatus
380 2471 570 2553 sociarunt,
594 2492 734 2554 quorum
754 2472 921 2554 pactiones
939 2473 1004 2556 iam
1022 2473 1203 2540 retulimus.
1227 2475 1296 2542 Ve-

123 2582 170 2649 nit
203 2581 323 2665 etiam,
350 2583 443 2649 venit
463 2581 559 2652 missa
582 2584 717 2668 publico
741 2583 774 2649 in
798 2583 994 2650 batavorum
1019 2584 1154 2650 exitium
1180 2587 1295 2670 conju-

122 2709 186 2761 rata
204 2714 343 2776 manus,
367 2694 506 2761 ducente
530 2694 762 2774 Emmanuele‚
776 2696 871 2779 cujus
893 2694 992 2763 frater
1017 2694 1123 2763 Goam
1148 2699 1292 2782 regebat.

120 2806 259 2873 Bellicae
279 2825 379 2872 naves
409 2806 579 2872 excellenti
602 2807 825 2892 magnitudine
856 2822 946 2874 erant
966 2821 1129 2889 quatuor:
1156 2811 1292 2894 longae,

120 2935 201 3000 quas
221 2917 361 3004 galeros
384 2916 544 2998 dicimus,
567 2932 650 2983 tres:
675 2917 780 2984 iustae
803 2917 1030 3001 paulominus
1053 2919 1196 3004 triginta.
1224 2920 1292 2986 Has

119 3029 275 3096 adversus
307 3027 489 3095 Hollandos
521 3029 608 3096 vires
631 3029 783 3096 Lusitani
807 3029 1291 3112 paraverant:1lollandosre-

121 3140 315 3224 quirebant‚
339 3140 500 3226 digressos
535 3140 799 3227 indignabantur.
847 3141 1056 3230 Quinetiam
1080 3142 1139 3226 (en
1162 3161 1229 3223 quo
1253 3141 1292 3207 il·

119 3255 225 3319 lorum
257 3253 436 3336 procedant
466 3251 560 3337 odia)
592 3273 678 3319 arma
712 3252 868 3320 adversus
900 3252 1039 3320 Batavos
1072 3266 1222 3336 suscepta
1258 3253 1290 3318 in

121 3365 348 3432 Bantamenses
369 3363 586 3432 transferunt:
611 3366 674 3430 hoc
693 3363 848 3445 nomine,
873 3364 963 3448 quod
992 3363 1065 3431 illos
1091 3383 1157 3429 non
1179 3365 1291 3448 prohi-

120 3477 270 3543 buissent
292 3477 463 3558 recedere,
487 3491 544 3544 aut
566 3492 741 3560 postquam
765 3492 961 3544 recesserant
984 3497 1049 3542 non
1073 3497 1182 3542 secum
1205 3476 1291 3559 pari·

118 3604 167 3653 ter
201 3588 462 3672 insequerentur.
505 3587 626 3656 Videte
655 3608 768 3669 nunc,
801 3588 913 3669 cives,
936 3608 976 3654 an
1006 3588 1069 3654 illis
1092 3588 1288 3671 parcendum

118 3699 183 3781 sit,
216 3700 273 3782 qui
296 3701 337 3767 ab
361 3700 454 3766 initio
479 3700 522 3767 ita
545 3700 682 3767 fuerunt
699 3700 856 3782 animati,
879 3715 916 3765 ut
938 3699 966 3765 si
998 3698 1103 3766 facere
1125 3719 1190 3764 non
1213 3719 1290 3782 pos·

116 3825 214 3894 sent,
248 3812 392 3895 accipere
423 3833 458 3878 se
490 3825 643 3896 putarent
669 3811 838 3897 injuriam:
868 3810 993 3894 quique
1016 3830 1082 3877 non
1107 3811 1205 3878 modo
1229 3811 1288 3876 Ba-

116 3939 210 3990 tavos
231 3922 343 4006 ipsos,
366 3925 424 3990 sed
447 3944 559 3990 omnes
583 3922 656 3991 illos
678 3943 737 4006 pro
758 3921 910 3989 hostibus
931 3923 1070 4005 habent,
1084 3922 1143 4004 qui
1158 3922 1287 3990 Batavis

117 4055 181 4100 non
213 4035 291 4101 satis
320 4037 431 4103 hostes
453 4036 617 4104 videntur.
661 4035 727 4101 Hic
746 4035 876 4101 illorum
899 4033 1047 4115 animus,
1071 4036 1149 4100 haec
1173 4055 1286 4115 mens,

116 4148 195 4214 haec
221 4147 382 4216 'consiliat
407 4163 544 4216 eventus
574 4161 698 4214 tammo
731 4161 842 4213 contra
871 4145 1000 4212 cecidit.
1046 4146 1137 4212 Victi
1169 4160 1286 4212 sunta

114 4258 270 4342 jamnis,
304 4281 371 4342 quo
404 4259 526 4345 iustius
558 4258 685 4325 Batavis
716 4259 875 4324 cederent.
931 4257 994 4323 Sed
1018 4278 1056 4322 ne
1085 4257 1285 4338 sicquidem

117 4390 283 4454 repressus
306 4370 401 4437 furor
424 4386 457 4436 et
479 4371 588 4436 insana
612 4370 777 4455 pugnandi
795 4370 908 4437 libido.
954 4370 1040 4435 Nam
1063 4388 1138 4434 cum
1169 4370 1285 4434 Zelan·

118 4481 232 4548 dorum
245 4482 398 4565 auspiciis
411 4483 663 4562 Houtmannus,
675 4497 712 4548 ut
725 4481 880 4561 diximus,
890 4481 1056 4549 Achiuum
1070 4479 1284 4563 Taprobanae

1072 4611 1108 4673 13

1309 2383 1378 2429 Anno
1394 2397 1453 2440 1597.

1298 4395 1367 4439 Anno
1392 4411 1444 4452 1599

1298 4448 1320 4494 d.
1335 4453 1396 4510 Sept.
1411 4467 1443 4507 13.
