3326 5506
327 579 385 662 198
632 599 679 646 na
702 599 795 664 June
818 597 1002 644 susanna.
1026 597 1105 644 cnr.
1130 597 1179 645 xr.

324 753 479 821 omnibus
503 751 676 820 inferiores
696 751 831 833 Batavi,
855 767 1080 836 praeterquam
1099 751 1207 819 animo
1227 766 1260 818 et
1278 771 1378 818 causa
1397 768 1501 820 erant.

325 866 374 930 At
397 885 471 931 cum
493 867 587 934 velut
609 880 683 934 ante
706 867 821 931 oculos
844 865 1073 932 obversaretur
1092 863 1232 932 foeditas
1250 863 1368 950 fugae,
1383 857 1503 950 'gentis

326 977 526 1062 ignominia,
561 992 594 1044 et
625 977 742 1044 amissa
773 976 806 1041 in
838 990 1005 1060 posterum
1040 974 1263 1060 negotiatione
1285 975 1401 1044 Indica
1424 997 1504 1045 suae

327 1089 449 1171 cuique
470 1088 761 1169 domusexitium,
784 1086 906 1156 fretum
918 1086 1502 1171 pervectiinconspectumhostium

326 1200 532 1284 prodierunt.
587 1200 639 1267 Illi
670 1198 831 1280 fremere,
864 1198 1050 1282 indignari,
1080 1198 1232 1281 expedire
1261 1201 1438 1266 classicum
1472 1214 1503 1266 et

326 1312 404 1378 belli
424 1312 570 1393 vexilla,
587 1310 854 1394 circumstrepere
873 1310 1064 1391 tormentis,
1088 1325 1120 1376 et
1138 1326 1177 1376 ut
1196 1329 1363 1393 quamque
1384 1329 1501 1379 navem

326 1439 548 1506 accesserant,
562 1422 720 1490 continuo
744 1421 918 1488 inclamare
931 1468 943 1502 ,
956 1434 994 1489 ut
1016 1421 1165 1488 demissis
1187 1421 1270 1488 velis
1297 1421 1501 1488 deditionem

325 1534 514 1602 faterentur.
537 1537 586 1602 At
604 1534 717 1602 Batavi
736 1534 825 1600 haud
843 1533 887 1600 ita
906 1533 940 1599 in
959 1532 1064 1616 patria
1083 1532 1209 1615 edocti,
1234 1552 1302 1614 quo
1320 1533 1502 1612 verborum

325 1646 532 1714 insolentiam
574 1646 669 1713 factis
712 1658 977 1740 compescerent,
1018 1645 1106 1710 ultro
1147 1659 1265 1711 ventos
1300 1645 1501 1728 captabant,

326 1757 450 1840 quibus
473 1758 507 1822 in
530 1759 658 1824 hostem
689 1757 778 1824 vecti
802 1758 942 1822 telorum
963 1756 1054 1839 jactu
1077 1774 1112 1822 se
1134 1755 1357 1823 vindicabant.
1403 1755 1502 1824 Favit

325 1869 442 1938 virtuti
454 1868 601 1950 fortuna,
614 1888 810 1952 quamquam
822 1867 908 1934 inter
926 1867 1050 1950 primos
1071 1881 1210 1934 conatus
1230 1867 1355 1952 ingenti
1376 1882 1502 1934 terrore

325 1980 473 2046 machina
506 2000 571 2047 una
602 1981 799 2048 Batavorum
832 1978 1017 2046 dissilierat.
1064 1977 1131 2044 Sed
1163 1993 1309 2045 resumto
1333 1979 1445 2045 animo
1468 1994 1502 2045 et

324 2093 499 2157 certamine
530 2106 626 2174 capta
656 2090 893 2158 Lusitanorum
924 2088 1018 2156 navis
1050 2108 1137 2171 una,
1161 2104 1254 2173 capta
1277 2089 1354 2156 item
1378 2093 1499 2156 altera:

324 2205 434 2287 plures
454 2203 499 2268 ita
521 2200 706 2285 perfossae,
729 2215 767 2267 ut
789 2220 864 2266 cum
895 2200 971 2267 usui
1003 2200 1144 2283 amplius
1177 2219 1247 2268 esse
1270 2220 1338 2268 non
1361 2219 1502 2284 possent

322 2315 463 2380 nudatae
499 2313 689 2381 vectoribus
723 2326 959 2398 mergerentur.
1004 2311 1132 2392 Domiti
1166 2312 1276 2378 statim
1310 2313 1373 2378 hac
1407 2314 1501 2380 clade

323 2424 500 2508 Lusitani,
534 2424 626 2505 quod
655 2422 722 2490 fere
756 2421 991 2506 praeferocium
1014 2422 1113 2488 rebus
1136 2423 1290 2490 secundis
1313 2424 1500 2492 animorum

323 2536 491 2621 ingenium
524 2550 593 2617 est,
627 2533 687 2600 etsi
718 2549 835 2603 ventos
858 2535 1023 2600 habebant
1044 2531 1207 2616 ferentes,
1231 2553 1299 2601 non
1323 2535 1396 2601 ausi
1420 2551 1503 2603 sunt

322 2647 537 2730 sequentibus
561 2645 677 2713 diebus
698 2645 821 2730 praelio
845 2645 1010 2711 dimicare.
1033 2643 1099 2711 Sed
1112 2665 1208 2723 ,more
1226 2643 1388 2729 ferarum,
1413 2669 1500 2730 quae

322 2759 451 2826 viribus
483 2758 591 2824 exutis
623 2759 685 2824 iras
717 2757 863 2824 nondum
895 2757 1090 2841 deponunt,
1123 2771 1161 2824 ut
1190 2771 1222 2823 et
1243 2757 1360 2840 pavori
1382 2778 1448 2825 suo
1468 2775 1502 2826 et

324 2871 401 2937 odio
425 2869 671 2952 satisfacerent,
695 2887 795 2935 naves
818 2888 950 2934 suarum
974 2868 1103 2950 aliquot
1125 2868 1275 2935 ardentes
1297 2868 1333 2934 in
1355 2870 1501 2938 Batavos

323 2982 538 3049 immiserunt.
569 2982 721 3048 Frustra:
745 2999 886 3062 namque
904 2979 991 3066 ignis
1010 2979 1094 3045 intra
1113 2979 1200 3062 ipsas
1220 2996 1417 3048 consumtus
1438 2998 1499 3049 est.

322 3095 408 3161 Cum
441 3095 600 3160 instarent
630 3092 767 3172 Batavi,
799 3106 838 3157 ut
860 3090 983 3175 quibus
1017 3089 1081 3158 nisi
1104 3091 1242 3174 depulso
1267 3092 1363 3158 hoste
1388 3093 1501 3161 aditus

322 3206 363 3272 ad
385 3219 562 3271 mercatum
593 3222 660 3270 non
683 3217 829 3287 pateret,
860 3200 1011 3270 Lusitani
1034 3201 1149 3268 relicto
1174 3202 1315 3287 turpiter
1329 3204 1500 3272 Bantamo

322 3316 357 3380 in
380 3317 553 3381 Moluccas
572 3313 737 3399 fugerunt.
779 3313 853 3378 Nec
872 3313 1012 3380 insecuti
1031 3313 1197 3394 victores,
1221 3329 1259 3380 ut
1277 3315 1375 3400 cujus
1395 3317 1501 3401 gratie

322 3440 501 3506 venerant,
525 3424 558 3490 id
580 3424 953 3508 primumperficerent,
977 3425 1099 3492 adeunt
1111 3426 1302 3524 urbemase
1314 3426 1499 3495 liberatam.

322 3537 448 3603 Mirum
472 3535 589 3619 dictu,
614 3557 698 3619 quae
732 3536 807 3602 illos
838 3536 1038 3620 Javanorum
1074 3535 1311 3621 gratulationes
1345 3553 1378 3604 et
1414 3560 1499 3622 quae

320 3649 414 3733 signa
434 3647 574 3715 laetitiae
593 3650 686 3714 velut
703 3647 942 3730 triumphantes
965 3646 1175 3730 exceperint,
1200 3663 1391 3732 quantaque
1413 3651 1499 3717 Hol-

321 3760 492 3825 landorum
524 3759 609 3826 fama
638 3779 695 3842 per
727 3777 839 3825 omnes
874 3759 998 3826 insulas
1020 3759 1180 3840 manarit,
1204 3775 1242 3826 ut
1264 3760 1375 3827 dicere
1397 3761 1499 3829 liceat

323 3871 411 3935 illam
433 3891 510 3937 vere
542 3869 626 3935 diem
662 3867 881 3936 felicissimam
905 3884 937 3936 et
956 3869 1086 3937 Batavis
1111 3884 1144 3937 et
1167 3870 1316 3937 Orientis
1340 3874 1497 3956 gentibus

321 3980 480 4046 illuxisse.
526 3982 575 4046 At
605 3979 840 4046 Lusitanorum
874 3981 970 4048 etiam
1001 3980 1080 4066 fuga
1103 3981 1260 4048 crudelis:
1284 4002 1360 4048 nam
1378 3989 1497 4068 procul

322 4105 355 4155 ct
377 4093 469 4157 velut
480 4106 604 4157 remoto
617 4093 746 4171 ultore,
770 4090 940 4174 impunitis
963 4092 1143 4159 latrociniis
1164 4093 1413 4178 grassabantur,
1438 4117 1498 4163 nec

321 4215 462 4266 mentem
495 4201 712 4268 effascinaram
746 4201 832 4267 odiis
862 4203 1005 4270 deterior
1037 4202 1169 4270 fortuna
1200 4220 1410 4288 mutaverat,
1433 4209 1495 4276 nisi

164 4318 249 4363 Eidem
268 4326 447 4377 ‹vn-tantum
471 4328 510 4379 ut
532 4315 656 4379 vellent
686 4311 792 4378 tutius
814 4332 957 4396 peccare.
1003 4313 1148 4381 Primum
1180 4316 1281 4402 igitur
1304 4319 1493 4386 Ambonam

163 4388 190 4417 no
206 4378 264 4418 1602.

321 4423 493 4488 advolant:
526 4423 584 4488 ubi
616 4439 685 4490 tum
717 4425 824 4490 nullae
857 4440 947 4490 erant
979 4425 1174 4494 Batavorum
1204 4447 1315 4496 naves.
1363 4431 1440 4516 Ityn
1461 4447 1491 4496 et
