3310 5482
324 612 363 693 38
626 627 674 675 nn
697 625 790 696 June
816 625 1001 674 nunaunt.
1027 625 1110 673 cnr.
1135 625 1193 676 111.

323 782 449 849 delictis
476 782 546 850 suis
572 785 636 848 hoc
664 781 798 866 insuper
824 781 1033 868 adiungunt,
1063 781 1155 864 quod
1171 781 1205 849 in
1226 797 1411 851 contactum
1435 784 1498 850 cri-

321 893 418 961 minis
444 897 553 978 plures
583 897 717 961 trahunt
749 907 924 978 apertaque
951 893 985 960 vi
1014 895 1186 962 adversum
1216 897 1305 981 leges
1334 909 1367 961 et
1386 916 1497 979 pacem

321 1006 484 1090 publicam
506 1006 702 1092 insurgunt,
726 1005 848 1090 quibus
859 1025 926 1074 non
936 1006 1009 1074 ideo
1018 1010 1094 1091 plus
1111 1007 1194 1092 juris
1215 1021 1283 1088 est,
1303 1007 1360 1073 sed
1370 1006 1498 1074 timoris

323 1133 354 1184 et
372 1119 585 1185 verecundiae
605 1118 725 1185 minus.
760 1117 917 1202 Sequitur
938 1119 1015 1185 hinc
1035 1120 1156 1186 bellum
1176 1119 1312 1202 aliquod
1327 1119 1496 1203 publicum

321 1232 445 1316 justum
475 1248 554 1296 esse.
601 1231 705 1313 quue
732 1229 839 1313 ipsum
866 1230 959 1297 aliter
984 1231 1079 1299 etiam
1097 1231 1275 1315 probatur,
1300 1231 1378 1315 quia
1400 1251 1497 1298 nemo

162 1326 309 1428 ffl'flffl
324 1357 372 1408 est
393 1342 451 1426 qui
471 1343 588 1426 probet
605 1341 756 1408 instituta
765 1343 808 1408 ob
821 1341 936 1424 finem,
956 1342 1009 1409 cui
1027 1342 1101 1408 finis
1115 1342 1184 1426 ipse
1200 1362 1267 1410 non
1280 1345 1385 1408 multo
1400 1343 1496 1409 etiam

323 1454 426 1540 magis
443 1456 570 1538 placere
590 1453 713 1520 debeat.
749 1453 891 1520 Tributa
909 1475 1005 1522 nemo
1023 1453 1127 1520 nescit
1147 1455 1305 1521 bellorum
1323 1455 1497 1539 praecipue

323 1587 419 1634 causa
439 1566 577 1634 institui.
622 1568 747 1634 Verum
769 1565 853 1632 enirn
873 1581 922 1632 est
942 1565 1052 1632 Taciti
1072 1577 1082 1611 ¹
1101 1564 1197 1632 illud:
1227 1587 1330 1653 neque
1344 1571 1495 1654 gentium

323 1683 463 1766 quietem
492 1683 561 1745 sine
592 1683 717 1760 armis,
751 1700 853 1764 neque
880 1700 979 1744 arma
1009 1682 1078 1744 sine
1099 1678 1290 1766 stipendiis,
1314 1699 1416 1765 neque
1436 1683 1497 1744 sti-

318 1790 443 1878 pendia
467 1795 536 1856 sine
559 1792 697 1856 tributis
720 1791 839 1856 haberi
855 1805 957 1876 posse.
1000 1789 1142 1857 Tributa
1164 1804 1271 1857 autern
1294 1790 1380 1858 solvi
1402 1791 1497 1857 Deus

324 1917 356 1968 et
373 1923 430 1986 per
458 1901 627 1968 Christum
647 1917 678 1968 et
697 1922 754 1985 per
773 1903 972 1986 Apostolum
993 1901 1128 1986 imperat
1146 1904 1168 1970 ¹.
1214 1903 1325 1991 Quare
1346 1902 1498 1986 sequitur

162 2045 309 2112 marma,
324 2013 419 2080 etiarn
442 2015 527 2080 bella
552 2013 661 2097 aliqua
688 2029 726 2080 ut
748 2015 836 2098 justa
864 2015 937 2080 Deo
955 2013 1098 2097 probari:
1144 2014 1242 2081 Addo
1262 2015 1356 2080 etiam
1381 2015 1497 2082 Chris-

164 2098 495 2192 l'a'm'H'tianorum.
531 2125 626 2190 Licet
647 2125 731 2192 enim
753 2125 951 2192 Christianis
972 2125 1137 2209 quidquid
1154 2143 1226 2193 ante
1247 2126 1374 2194 Christi
1392 2127 1496 2212 legem

322 2237 435 2320 licuit,
467 2255 527 2304 nec
556 2237 710 2305 Christus
740 2238 911 2323 prohibuit
928 2240 952 2305 ⁸.
999 2233 1088 2304 B‘ella
1115 2253 1189 2305 ante
1218 2238 1387 2306 Christum
1408 2239 1498 2324 justa

322 2347 427 2415 fuisse
456 2350 668 2433 probavimus
697 2365 729 2416 et
757 2349 901 2417 fatentur
932 2369 1055 2417 omnes.
1101 2350 1256 2417 Christus
1284 2365 1391 2418 autem
1413 2351 1497 2418 nihil

322 2461 493 2545 prohibuit
521 2482 651 2545 eorum,
685 2484 768 2545 quae
796 2463 883 2548 justa
913 2478 1003 2530 erant
1025 2463 1097 2547 jure
1120 2475 1271 2544 naturae,
1296 2462 1406 2545 qualia
1426 2482 1497 2530 esse
1529 2447 1534 2459 ’

163 2591 310 2693 plump.
323 2573 409 2639 bella
432 2573 583 2640 diximus.
629 2575 699 2641 Imo
717 2574 800 2640 nihil
821 2574 976 2641 Christus
997 2573 1123 2658 antiqui
1142 2572 1285 2640 foederis
1303 2573 1442 2641 mutavit
1460 2579 1496 2654 ⁴,

193 2677 199 2691 '
254 2677 260 2692 '
303 2679 415 2768 'quod
433 2685 564 2768 quidem
583 2686 623 2752 ad
644 2686 730 2754 vitae
752 2687 911 2752 humanae
930 2686 1089 2772 justitiam
1108 2706 1281 2770 moresque
1302 2685 1495 2770 pertineret:

324 2797 385 2863 sub
418 2818 485 2879 quo
518 2811 550 2863 et
592 2818 657 2864 rem
692 2797 840 2864 bellicam
872 2798 1200 2883 comprehendimus,
1234 2818 1331 2880 quam
1364 2797 1497 2881 insuper

164 2893 310 2995 fl‘ffgjssf'ifj
323 2909 443 2976 diserte
462 2911 630 2994 probatam
650 2926 682 2977 et
696 2909 859 2993 Baptistae
878 2925 911 2976 et
928 2910 1021 2977 Pauli
1041 2909 1219 2978 sententiae
1239 2930 1333 2993 supra
1351 2914 1363 2950 ⁵
1381 2909 1497 2976 citatae

324 3021 402 3088 satis
434 3021 646 3090 convincunt.
690 3023 821 3108 Justum
848 3022 949 3107 igitur
979 3023 1100 3088 bellum
1130 3021 1265 3105 aliquod
1284 3008 1493 3089 Christianis.

163 3147 310 3249 {2731qu
323 3133 368 3198 Et
396 3133 528 3216 quidem
551 3134 583 3200 in
607 3134 836 3214 Christianos,
864 3135 927 3200 hoc
946 3149 1009 3216 est,
1029 3134 1088 3217 qui
1110 3133 1236 3200 Christi
1258 3153 1375 3199 nornen
1396 3131 1496 3216 profi-

179 3234 185 3248 ’
214 3217 246 3247 γ’
303 3235 442 3310 'tentus
489 3245 575 3310 Nam
604 3267 642 3312 ex
668 3245 858 3312 definitione
886 3261 918 3311 et
945 3246 1068 3312 ratione
1094 3245 1319 3329 oppositorum
1341 3241 1495 3329 ⁶justum

323 3371 372 3421 est
393 3356 514 3422 bellurn
539 3357 570 3423 in
594 3377 668 3438 eos,
688 3357 746 3439 qui
766 3356 893 3422 faciunt
913 3357 1073 3442 injuriam.
1110 3356 1289 3423 Christiani
1302 3371 1408 3422 autem
1421 3355 1496 3437 qui-

324 3467 395 3533 dam
427 3484 504 3535 sunt
532 3467 670 3534 malefici
703 3483 735 3534 et
757 3467 930 3553 injuriosi,
956 3469 1092 3536 Christo
1115 3483 1198 3534 teste
1221 3467 1252 3532 ⁷:
1277 3487 1362 3551 quos
1381 3486 1495 3532 conse·

163 3596 310 3663 uenum.
323 3595 460 3663 quenter
480 3579 576 3646 annis
598 3579 751 3663 persequi
771 3580 826 3665 jus
849 3595 907 3646 est.
952 3581 1060 3647 Etiam
1080 3578 1261 3646 Christiani
1283 3578 1398 3663 poenis
1417 3579 1496 3643 sub-

166 3652 294 3751 iii.⁰m⁶'
320 3692 445 3776 Jacent:
470 3692 531 3757 hos
553 3691 636 3756 enim
657 3691 778 3758 Paulus
797 3695 809 3730 ⁸
829 3693 1009 3775 alloquitur
1035 3692 1105 3774 his,
1121 3713 1213 3775 quae
1236 3690 1334 3757 modo
1358 3689 1494 3755 adduxi-

322 3822 395 3869 mus
417 3802 544 3869 verbis:
578 3818 609 3869 et
631 3801 714 3868 forte
736 3803 896 3888 supplicia
915 3804 1003 3871 haud
1022 3803 1144 3870 leviora
1167 3824 1264 3886 quam
1288 3802 1405 3868 caeteri
1428 3821 1495 3866 me·

215 3999 217 4006 ,
322 3929 453 3998 rentur,
486 3934 570 3996 quos
600 3914 793 3980 sanctissimi
824 3915 966 3982 nominis
986 3916 1167 3983 reverentia
1190 3917 1230 3982 ab
1253 3914 1381 4000 injuriis
1405 3933 1494 3979 coer-

323 4046 393 4092 cere
425 4046 491 4092 non
521 4025 640 4110 potuit.
688 4025 816 4094 Poenae
849 4042 954 4092 autem
987 4027 1144 4111 quaedam
1177 4027 1246 4093 sine
1277 4027 1363 4092 bello
1387 4025 1494 4109 expeti

356 4274 448 4323 ¹Hist.
474 4277 491 4322 l.
515 4287 540 4336 4.
560 4273 595 4336 [c.
620 4274 672 4336 74]
708 4271 718 4306 ²
743 4276 833 4323 Matth.
859 4286 898 4322 aa.
924 4274 1064 4323 21.Rom.
1092 4287 1130 4332 18·
1154 4286 1177 4332 7.
1211 4271 1291 4336 ³Jac.
1312 4287 1333 4322 1.
1352 4286 1392 4322 αι.
1410 4285 1435 4322 et
1454 4285 1494 4330 rs.

322 4383 347 4416 v.
365 4367 456 4415 Thom.
483 4378 503 4414 1.
529 4379 551 4413 2.
576 4378 601 4425 q.
628 4378 683 4424 107.
706 4376 751 4414 art.
774 4368 819 4414 ult.
861 4363 980 4414 ⁴Matth.
1005 4377 1043 4423 17.
1067 4367 1098 4414 V.
1117 4365 1174 4414 dist.
1193 4365 1216 4414 6.
1235 4379 1257 4414 c.
1275 4360 1331 4413 ult.'
1354 4363 1410 4412 lin
1428 4365 1494 4413 dern.

322 4458 395 4506 inart.
422 4470 443 4504 1.
459 4468 484 4505 et
503 4470 526 4505 2.
542 4467 586 4504 art.
607 4469 628 4504 r.
669 4455 733 4504 ⁰in
751 4455 874 4517 finecap.
898 4471 920 4505 a„
958 4454 1230 4519 ⁷Matth.7.22.19.
1273 4456 1377 4505 ⁸Rom.
1408 4468 1445 4514 13.
1468 4469 1493 4518 4.

321 4550 352 4597 V.
369 4549 459 4598 Thorn.
475 4562 497 4597 2.
514 4561 537 4598 a.
552 4562 577 4608 q.
594 4559 708 4610 ropan.
722 4549 746 4596 6.
