3316 5494
477 653 524 700 DE
548 654 642 722 JURE
668 651 850 700 PRAEDAE.
877 653 957 700 CAP.
982 654 1015 701 Χ.
1269 658 1329 725 143

198 805 271 872 Nec
296 822 410 891 postea
431 806 610 876 discessum
629 808 669 874 ab
690 807 755 873 hoc
775 826 884 876 more:
909 805 1001 892 quod
1020 807 1075 876 hic
1091 808 1250 876 duntaxat
1270 830 1329 879 no-

155 916 279 983 bilibus
299 919 457 1004 exemplis
468 918 684 986 confirmabo.
718 918 874 984 Praedam
886 919 1128 987 Marathoniam
1140 921 1328 989 Aristides¹

153 1018 353 1096 asservavit(
367 1013 465 1097 'Post
482 1030 639 1114 praelium
661 1030 702 1095 ad
722 1029 868 1097 Plataeas
888 1030 1009 1097 Graeci
1026 1031 1174 1112 edixere,
1195 1034 1329 1116 nequis

154 1139 194 1204 de
224 1141 344 1223 praeda
373 1142 554 1225 quidquam
586 1139 738 1226 privatim
765 1143 895 1208 tolleret
913 1139 943 1206 ¹:
975 1140 1034 1207 sed
1063 1161 1099 1206 ea
1128 1160 1188 1225 pro
1211 1141 1328 1225 populi

153 1251 316 1335 cujusque
348 1254 463 1318 merito
494 1251 559 1319 fuit
578 1251 766 1319 distributa.
812 1251 967 1319 Devictis
989 1252 1161 1337 Lysander
1186 1253 1329 1320 Athenis

153 1381 373 1446 quaecunque
402 1378 534 1447 ceperat
561 1362 746 1454 publicavit
763 1369 787 1429 ³.
832 1363 867 1429 Si
885 1364 994 1448 placet
1017 1363 1058 1429 ad
1077 1363 1192 1430 Asiam
1214 1364 1328 1432 venire

154 1472 293 1540 Troiani
311 1474 423 1556 soliti,
447 1490 485 1542 ut
503 1475 558 1542 ille
580 1473 592 1511 ⁴
617 1475 749 1558 inquit,
769 1473 920 1560 praedae
943 1473 1062 1540 ducere
1084 1489 1216 1540 sortem.
1261 1475 1327 1540 Ar·

153 1583 288 1650 bitrium
319 1586 391 1671 ejus
410 1605 509 1669 penes
528 1586 664 1652 ducem:
688 1584 814 1668 alioqui
837 1604 897 1652 nec
920 1585 1032 1652 Dolon
1053 1605 1158 1667 equos
1185 1585 1328 1655 Achillis

152 1695 301 1779 petiisset
321 1697 362 1762 ab
386 1697 553 1779 Hectore,
577 1717 637 1761 nec
660 1697 785 1763 Hector
803 1697 1030 1780 promisisset,
1048 1695 1140 1778 quod
1156 1696 1243 1778 apud
1255 1697 1327 1762 Ho-

151 1829 277 1874 merum
300 1823 333 1874 et
360 1809 552 1892 Euripidem
583 1824 633 1874 est
655 1814 678 1875 ⁸.
721 1808 891 1896 Quantum
923 1821 1030 1874 autem
1060 1807 1102 1873 ad
1122 1807 1248 1892 Cyrum
1272 1807 1328 1873 de·

151 1919 239 1986 victa
263 1919 380 2003 Asia,
413 1934 571 2003 quantum
603 1920 644 1986 ad
671 1919 894 1986 Alexandrum
927 1917 1078 2003 pervenit
1104 1917 1144 1984 “i
1179 1916 1326 1985 Africam

151 2031 249 2097 etiam
273 2030 465 2115 inspicimus
485 2047 517 2098 et
537 2030 693 2099 Poenos?
719 2031 847 2098 Scimus
868 2030 899 2111 ⁷,
921 2029 1002 2112 quid
1021 2028 1205 2114 Agrigento
1228 2043 1324 2113 capto

150 2141 291 2224 aliisque
302 2142 463 2223 urbibus,
487 2141 629 2223 scimus,
650 2141 731 2226 quid
744 2163 784 2208 ex
797 2140 961 2208 Cannensi
973 2159 1082 2226 pugna
1095 2140 1326 2226 Carthaginem

150 2253 347 2336 pervenerit.
393 2253 457 2318 Sed
486 2253 669 2339 dignissimi
690 2252 836 2320 omnium
871 2251 929 2335 qui
952 2271 1027 2318 cum
1050 2251 1083 2318 in
1105 2251 1234 2334 reliquo
1254 2253 1327 2337 jure

149 2378 220 2429 tum
250 2365 330 2430 belli
359 2365 501 2430 maxime
523 2363 698 2431 audiantur
722 2363 887 2445 Romani,
912 2363 1000 2447 apud
1018 2383 1103 2446 quos
1122 2363 1212 2430 haud
1235 2361 1328 2446 equi·

150 2474 223 2540 dem
256 2475 382 2558 primus
399 2475 474 2541 dico
494 2478 505 2512 ⁸
529 2475 677 2558 praedam
699 2495 848 2556 omnem,
884 2475 978 2542 etiam
1001 2495 1109 2541 rerum
1130 2475 1325 2559 mobilium,

149 2606 217 2652 non
245 2586 343 2652 militi
375 2587 516 2670 capienti
538 2587 752 2670 acquisitam,
777 2605 818 2652 ne
842 2586 919 2652 duci
943 2586 1074 2668 quidem
1095 2585 1247 2669 proprie,
1271 2587 1328 2654 sed

148 2699 276 2780 populo
298 2699 459 2765 Romano.
484 2697 550 2764 Cui
570 2687 752 2765 sententiae
773 2697 901 2764 obstare
921 2696 1053 2764 videtur
1071 2698 1192 2780 quoda
1205 2698 1327 2764 Celso⁰

148 2811 398 2892 scripturn-est:
424 2811 473 2875 Et
496 2830 582 2896 qaae
598 2831 650 2876 ras
662 2810 796 2875 hostiles
811 2809 905 2895 apud
914 2830 969 2874 nos
982 2823 1059 2873 sant
1071 2829 1135 2873 non
1150 2809 1326 2895 publicae,

147 2921 206 2988 sed
225 2925 456 3007 occupantium
475 2921 576 3006 fiant.
601 2922 668 2988 Sed
686 2936 913 3005 praeterquam
933 2920 1024 3002 quod
1042 2933 1111 2986 tota
1131 2921 1208 3000 lex,
1230 2921 1327 3005 cujus

146 3031 211 3098 ista
238 3048 408 3116 pareest,
436 3033 481 3100 ita
502 3035 616 3100 avulsa
639 3047 695 3100 est
716 3051 815 3100 asuo
837 3051 996 3115 corpore,
1017 3044 1055 3096 ut
1077 3050 1145 3112 quo
1167 3029 1328 3112 pertineat

147 3144 303 3228 cognosci
335 3145 393 3211 vix
422 3145 551 3229 possit,
586 3144 671 3211 illud
696 3163 772 3210 sane
794 3144 894 3210 verba
915 3143 988 3225 ipsa
1007 3141 1175 3224 indicant,
1199 3142 1326 3209 nonde

146 3255 245 3320 rebus
275 3255 420 3322 hostium
450 3277 548 3323 manu
575 3256 706 3340 captis,
723 3256 763 3321 de
790 3255 915 3338 quibus
935 3275 995 3321 nos
1020 3253 1169 3338 agimus,
1192 3253 1326 3322 Celsum

147 3365 266 3449 loqui,
298 3367 357 3433 sed
385 3367 542 3434 derebus
570 3367 741 3448 hostium,
780 3366 960 3433 mobilibus
994 3380 1032 3431 ut
1062 3365 1220 3447 arbitror,
1243 3385 1327 3446 quae

146 3477 397 3560 superveniente
425 3479 512 3545 bello
541 3479 628 3563 apud
658 3497 719 3544 nos
757 3477 1049 3560 deprehenduntur
1080 3475 1117 3543 ¹⁰.
1162 3475 1328 3542 Videntur

148 3588 257 3669 enirn,
296 3589 373 3671 quia
404 3604 515 3656 sumtu
546 3590 681 3673 publico
714 3589 880 3671 quaesitae
915 3608 981 3654 non
1016 3603 1114 3669 sunt,
1149 3586 1242 3670 quasi
1275 3607 1326 3654 res

147 3714 321 3780 vacantes,
354 3701 530 3784 occupanti
562 3702 694 3784 cedere,
725 3720 793 3768 non
824 3715 889 3766 tam
920 3700 992 3785 jure
1029 3699 1196 3784 gentium,
1229 3718 1325 3781 quam

150 3888 343 3899 ..ψ-...-

182 4007 190 4040 ¹
208 4011 274 4057 Plut.
290 4009 367 4058 Arist.
386 4010 424 4072 [p.
443 4023 499 4068 ³21·
518 4011 555 4072 d.]
590 4006 601 4042 ²
618 4011 714 4060 Herod.
732 4013 749 4058 l.
767 4025 791 4073 9.
810 4009 846 4073 [c.
864 4012 904 4058 80.
921 4020 946 4057 et
961 4007 1012 4072 sq]
1047 4005 1058 4039 ³
1076 4009 1140 4056 Plut.
1147 4008 1206 4067 Lys.
1218 4007 1257 4069 [p.
1265 4019 1325 4068 442.

149 4099 185 4163 a]
220 4099 324 4160 ⁴Virg.
352 4100 430 4162 [Aen.
453 4103 471 4148 l.
495 4115 520 4164 9.
543 4114 583 4150 vs.
605 4101 674 4162 adii]
710 4099 767 4149 ⁵11.
786 4103 803 4150 1.
826 4114 864 4149 1ο.
887 4101 940 4162 [νε.
957 4112 1014 4162 319.
1031 4098 1101 4162 sqq]
1121 4097 1208 4158 Eurip.
1227 4098 1324 4146 Rheso.

151 4190 202 4251 [vs.
222 4191 288 4239 181>
297 4189 365 4255 sqq]
399 4189 492 4240 ⁸Plin.
508 4194 525 4240 1.
542 4204 582 4249 aa.
601 4205 623 4241 c.
641 4204 664 4249 ³·
681 4193 746 4240 Plut.
763 4191 837 4241 Alex.
856 4191 894 4253 [p.
909 4191 966 4239 686.
984 4188 1019 4253 c.]
1040 4202 1064 4239 et
1079 4192 1141 4238 Curt
1168 4189 1259 4249 [isc.
1270 4186 1323 4249 ao]

150 4281 226 4330 Diod.
242 4283 260 4330 1.
276 4293 315 4340 17.
330 4282 364 4344 [e.
379 4282 432 4344 66.]
452 4281 539 4331 strabo
553 4285 571 4331 l.
587 4294 625 4339 rs.
643 4283 681 4345 [p.
697 4283 769 4331 1062.
784 4297 806 4331 c.
822 4285 846 4331 d.
861 4294 886 4330 et
904 4283 974 4339 1063.
987 4277 1182 4342 a.ed.Casaub.]
1219 4275 1230 4312 ⁷
1246 4277 1325 4328 Diod.

150 4372 221 4429 l·1³·
238 4372 274 4434 [c.
292 4385 332 4430 57.
347 4373 457 4438 62..90.]
476 4375 533 4422 Liv.
550 4376 568 4422 l.
585 4387 624 4432 2³·
643 4375 678 4436 [e.
695 4375 746 4436 ra]
780 4372 792 4405 ⁸
809 4373 981 4428 Fabrisemd.
996 4386 1019 4421 2.
1037 4386 1060 4420 c.
1078 4383 1101 4429 3.
1110 4383 1135 4419 et
1143 4383 1168 4431 4.
1202 4367 1323 4418 ⁹Atrans·

151 4461 241 4523 fugam.
263 4467 285 4523 ξ.
312 4477 332 4514 1.
348 4463 373 4512 ff.
392 4465 424 4513 de
439 4479 494 4526 aeq.
506 4478 556 4514 rer.
568 4467 635 4514 dom.
651 4463 696 4529 [D.
710 4479 751 4527 4¹·
771 4478 792 4514 1.
812 4464 864 4528 sn]
901 4463 922 4498 ¹⁰
939 4466 957 4513 l.
972 4463 998 4513 in
1015 4463 1093 4512 bello.
1107 4462 1133 4511 in
1149 4461 1231 4521 princ.
1248 4458 1274 4507 ff.
1292 4461 1323 4508 de

151 4565 215 4615 capt.
232 4553 279 4618 [D.
294 4569 336 4617 49.
354 4568 393 4612 15.
412 4556 463 4620 ra]
483 4557 513 4604 V.
530 4555 618 4614 Cujac.
635 4556 696 4605 Obs.
711 4558 728 4604 l.
743 4569 767 4618 4.
784 4569 806 4604 c.
823 4569 846 4617 9.
863 4555 889 4604 in
904 4553 962 4604 fine.
