3362 5504
317 599 379 662 330
612 597 658 644 DE
683 597 777 664 JURE
803 597 988 643 PRAEDAE·
1015 597 1094 670 ΟᾼΡ.
1119 595 1181 641 XV.

317 749 407 816 Galli
438 750 613 818 timiditate
645 751 831 834 cepissent,
856 752 937 818 adeo
961 771 997 817 ea
1020 771 1072 820 res
1096 751 1287 832 infrequens
1312 748 1393 833 ipsis
1416 749 1489 815 visa

316 878 385 943 est,
418 878 456 929 ut
485 883 552 930 non
585 864 680 946 quasi
713 863 844 929 Gallica
875 883 979 944 nave,
1012 865 1070 929 sed
1104 861 1198 945 quasi
1223 862 1332 929 Gallia
1355 861 1489 928 devicta

316 975 564 1058 triumpharent.
608 974 688 1040 Non
712 990 819 1040 tamen
844 975 966 1041 bocco
987 975 1179 1056 eveniebat,
1204 976 1296 1058 quod
1314 972 1406 1040 Galli
1424 992 1490 1038 usu

316 1087 362 1152 rei
393 1086 572 1152 maritimae
603 1088 743 1152 multum
775 1102 996 1170 praestarent,
1028 1087 1087 1153 sed
1116 1087 1194 1169 quia
1217 1107 1253 1152 ea
1276 1099 1345 1151 erat
1368 1083 1491 1166 Hispa-

316 1218 432 1264 norum
456 1199 615 1279 avaritia,
639 1213 677 1265 ut
698 1218 798 1264 naves
822 1217 898 1265 suas
920 1217 987 1265 non
1011 1199 1109 1264 amnis
1131 1198 1231 1279 ullis,
1245 1198 1301 1264 scd
1323 1195 1491 1263 mercibus

318 1326 350 1377 et
368 1311 559 1376 vectoribus
578 1326 759 1377 onerarent.
795 1311 897 1396 Angli
917 1326 1023 1376 totum
1043 1312 1155 1377 orbem
1177 1310 1390 1377 circumvecti
1408 1308 1493 1375 nihil

317 1421 405 1502 fere,
436 1422 527 1504 quod
559 1422 734 1506 Hispanici
759 1423 843 1506 juris
862 1437 968 1505 esset,
991 1423 1150 1488 intactum
1174 1423 1347 1505 reliquere.
1393 1420 1492 1488 Nihil

319 1553 475 1616 umquam
495 1533 593 1599 alicui
618 1534 716 1600 cessit
739 1534 921 1617 impunius.
966 1535 1017 1600 Dc
1041 1534 1172 1601 Batavis
1196 1534 1298 1618 igitur
1321 1533 1403 1616 quid
1424 1553 1491 1598 non

319 1645 536 1728 sperandum,
561 1645 617 1711 illa
640 1665 717 1712 vere
741 1645 912 1728 Neptunia
936 1645 1058 1730 gente?
1106 1646 1207 1712 Absit
1227 1646 1352 1712 invidia
1371 1647 1492 1711 verbo:

321 1776 499 1839 numquam
531 1777 638 1838 aequo
661 1757 695 1822 in
719 1759 815 1838 loco,
847 1777 1026 1839 numquam
1058 1773 1167 1841 aperta
1189 1758 1223 1823 in
1246 1761 1356 1842 pugna
1385 1758 1494 1823 navali

321 1869 391 1934 acie
413 1870 613 1934 laborarunt.
661 1870 732 1934 Nec
751 1870 792 1935 ad
811 1869 945 1951 antiqua
966 1889 1164 1952 quemquam
1183 1871 1329 1953 exempla
1349 1889 1496 1950 revoco,

322 1980 383 2046 etsi
407 1995 590 2064 suppetunt
612 1981 743 2065 egregia
764 1981 796 2046 in
818 1981 958 2062 Gallos,
983 1983 1189 2063 Germanos,
1221 1981 1396 2047 Britannos
1425 2001 1494 2047 cer·

321 2092 460 2158 tamina:
485 2093 671 2176 Hispanum
695 2093 820 2158 hostem
847 2093 1039 2173 videamus,
1064 2093 1161 2158 etiam
1183 2093 1324 2178 Belgicis
1343 2091 1496 2159 nonnihil

322 2203 496 2269 suffultum
529 2204 680 2284 viribus,
715 2219 748 2270 et
779 2224 797 2269 a
828 2205 933 2287 primo
965 2204 1043 2270 belli
1076 2204 1174 2270 initio
1205 2205 1247 2270 ad
1278 2206 1358 2270 haec
1389 2223 1496 2286 usque

322 2314 510 2384 felicissima
540 2331 687 2399 tempora
719 2315 810 2382 brevi
833 2314 974 2382 transitu
996 2315 1151 2381 memoria
1175 2316 1347 2382 discurrat.
1395 2316 1495 2398 Spec-

323 2426 466 2492 tabimus
498 2427 622 2510 captivi
655 2427 788 2492 vincula
818 2426 972 2507 Bossuii,
996 2442 1105 2510 raptas
1124 2448 1142 2492 a
1162 2428 1318 2493 Zelandis
1337 2429 1403 2513 jam
1425 2443 1495 2494 turn

324 2558 402 2621 opes
433 2538 691 2619 Lusitanorum,
726 2537 910 2624 fugientem
935 2540 1053 2622 scapha
1078 2539 1377 2621 Medinacaelium,
1403 2539 1497 2605 Hon-

323 2666 388 2717 tam
421 2650 647 2733 Hispanorum
680 2663 851 2716 cruentum
885 2651 1055 2735 sanguine.
1098 2651 1170 2735 Jam
1205 2671 1283 2717 vero
1318 2671 1397 2717 num
1432 2653 1497 2718 ulla

323 2763 426 2847 major
458 2782 528 2829 csse
561 2762 672 2828 classis
704 2762 849 2845 poterit,
882 2781 980 2844 quam
1005 2782 1089 2844 quae
1111 2783 1196 2828 anno
1221 2762 1278 2828 illo
1302 2763 1441 2828 terribili
1464 2763 1498 2828 in

324 2873 523 2940 Britanniam
556 2894 592 2939 ac
626 2874 767 2940 Batavos
800 2872 897 2940 missa
931 2874 1006 2939 est?
1041 2889 1097 2939 aut
1129 2893 1196 2940 non
1228 2875 1379 2940 Indicum
1414 2873 1498 2940 illud

324 3005 411 3052 mare
434 2987 539 3052 multo
564 2985 660 3051 etiam
684 3005 780 3068 quam
808 2985 973 3051 Gallicum
995 2987 1059 3052 hoc
1084 2984 1177 3053 fretis
1196 2986 1369 3072 angustius
1393 3001 1443 3052 est
1466 3001 1500 3051 et

325 3098 422 3166 undis
444 3098 625 3177 incertius,
649 3097 772 3180 quippe
799 3097 857 3163 ubi
878 3113 1007 3180 praeter
1027 3112 1078 3164 tot
1100 3097 1210 3164 brevia
1239 3112 1272 3164 et
1300 3112 1407 3182 syrtes
1426 3118 1499 3181 sep-

324 3210 473 3295 tuaginta
497 3227 566 3276 esse
598 3210 778 3276 insularum
806 3210 908 3275 millia
929 3210 1169 3293 perhibentur,
1193 3209 1226 3275 in
1247 3228 1329 3292 quas
1351 3209 1500 3294 gratiora

325 3322 470 3388 hostium
503 3321 636 3406 navigia
667 3321 756 3387 allidi
786 3340 918 3388 necesse
951 3322 1029 3404 est?
1073 3321 1166 3386 Num
1197 3336 1269 3387 acta
1296 3321 1329 3387 in
1351 3321 1445 3387 littus
1468 3336 1501 3386 et

253 3472 257 3480 ·
325 3434 358 3499 in
391 3434 535 3500 flammas
559 3434 755 3500 Batavorum
776 3449 809 3499 et
828 3434 1013 3519 Anglorum
1037 3433 1165 3500 viribus
1188 3433 1302 3500 classis
1325 3433 1366 3498 ad
1387 3433 1500 3498 Gades

325 3548 433 3613 animo
453 3546 603 3614 excidit?
628 3546 718 3612 Num
739 3547 813 3618 illae
832 3545 981 3612 funestae
1001 3545 1134 3612 domino
1153 3563 1253 3611 naves
1274 3545 1498 3628 Spinulanael

326 3660 507 3727 Enimvero
539 3659 614 3742 quis
644 3674 701 3726 aut
733 3658 852 3725 fortior
873 3673 930 3725 aut
952 3657 1054 3724 famae
1077 3657 1243 3743 ingentior
1261 3657 1394 3724 Andrea
1418 3657 1500 3722 Fur-

326 3773 444 3837 tadone
471 3774 589 3839 ductor
617 3771 707 3838 hosti
735 3771 894 3837 dabitur?
941 3770 988 3835 Et
1008 3770 1063 3836 hic
1096 3785 1204 3835 tamen
1234 3770 1275 3834 ad
1309 3769 1500 3834 Bantamum

326 3881 421 3948 fusus
449 3881 651 3968 fugatusque
684 3898 750 3949 est:
786 3903 844 3948 nec
872 3883 977 3949 ullum
1001 3895 1065 3947 tam
1097 3881 1269 3964 inaequale
1293 3879 1367 3946 iniri
1391 3893 1501 3962 potest

327 4009 512 4076 certamen,
547 4013 644 4076 quam
677 3991 744 4060 fuit
777 4015 833 4060 sex
860 3994 994 4060 navium
1019 3992 1233 4077 exiguarum,
1257 3991 1285 4058 si
1309 4009 1500 4075 compares,

328 4127 402 4172 cum
433 4107 499 4172 illis
528 4127 627 4192 supra
650 4106 784 4192 triginta
816 4122 880 4172 tam
912 4105 1038 4191 magnis
1068 4120 1200 4187 tamque
1232 4104 1362 4170 validis.
1409 4103 1502 4189 Quot

328 4219 456 4285 interim
488 4218 619 4304 navigia
652 4219 890 4286 Lusitanorum
926 4232 1040 4301 capta,
1073 4235 1200 4297 mersa,
1233 4217 1367 4282 incensa
1395 4215 1499 4282 sunt?

327 4331 378 4396 Ut
399 4345 522 4397 caetera
546 4345 666 4396 taceam
691 4345 724 4396 et
746 4331 883 4396 maxima
904 4331 1042 4413 loquar,
1066 4343 1194 4412 praeter
1218 4349 1285 4394 eam
1310 4349 1394 4410 quae
1418 4327 1500 4393 inter

329 4442 548 4528 Spilbergium
578 4459 610 4509 et
641 4444 769 4528 Anglos
802 4442 907 4508 divisa
937 4457 1008 4524 est,
1041 4457 1106 4507 tres
1132 4441 1197 4525 jam
1221 4459 1396 4519 caraccae,
1420 4458 1500 4522 quas
