3316 5494
460 632 506 682 DE
530 633 623 702 JURE
648 634 832 682 PRAEDAE.
857 634 937 682 CAP.
961 635 1041 681 VIII.
1264 625 1322 694 1'17

146 784 266 870 recipit
287 786 358 853 sive
371 851 373 854 ,
387 767 641 854 additamentum
663 801 694 854 et
715 801 878 874 quatenus
894 785 976 872 fides
993 791 1175 874 permittit.
1222 786 1323 852 Nunc
1335 795 1412 894 §mccl-
1421 795 1481 895 [ζμ

146 897 317 979 quomodo
338 898 463 964 subditi
485 899 573 983 juste
595 899 717 966 bellum
734 913 861 985 gerant,
883 898 1109 982 explicandum
1123 913 1191 964 est:
1215 918 1323 980 neque
1334 915 1390 965 rm
1405 902 1440 949 11·

146 1007 232 1074 enim
257 1009 297 1074 ab
326 1008 391 1075 illis
421 1009 545 1094 suscipi
568 1009 646 1078 setis
673 1025 764 1095 patet
785 1017 809 1078 ¹.
854 1009 994 1076 Materia
1027 1010 1105 1075 belli
1138 1009 1324 1076 voluntarie

145 1118 320 1203 agentibus
350 1119 457 1204 ipsum
478 1121 534 1206 jus
557 1119 644 1200 fuit,
668 1120 811 1188 subditis
832 1135 1039 1204 praeceptum
1068 1120 1262 1204 superioris:
1285 1134 1325 1187 ut

146 1230 248 1316 igitur
277 1230 343 1298 illis
375 1232 451 1316 J'us,
483 1232 529 1300 ita
556 1232 610 1300 his
640 1246 848 1316 praeceptum
880 1231 989 1316 egredi
1021 1245 1094 1298 tuto
1115 1251 1182 1298 non
1205 1231 1281 1297 licet
1301 1237 1323 1298 ².

145 1339 276 1426 Legum
299 1342 384 1408 enim
408 1343 658 1426 convenientia,
678 1358 716 1410 ut
735 1342 813 1409 alibi
834 1341 1038 1410 ostendimus
1054 1341 1089 1424 ⁸,
1109 1343 1233 1410 ratione
1245 1342 1325 1410 sub-

146 1452 292 1520 dirorum
323 1453 358 1520 in
390 1475 427 1521 ea
449 1455 604 1539 opinione
626 1454 795 1535 consistit,
820 1474 885 1537 qua
907 1453 1114 1537 superiorum
1136 1455 1226 1539 jussa
1246 1472 1324 1520 con·
1350 1453 1353 1460 ⁴

147 1583 232 1648 grue
256 1564 405 1649 iustitiae
438 1566 654 1634 arbitrantur:
678 1567 742 1633 hoc
765 1579 873 1637 autem
896 1565 969 1631 illos
994 1565 1078 1631 tueri
1106 1584 1173 1632 non
1191 1578 1323 1649 potest,

146 1695 221 1742 cum
245 1667 388 1743 mandati
408 1675 487 1743 fines
510 1696 576 1744 non
598 1678 786 1745 observant.
832 1675 975 1744 Eatenus
997 1675 1098 1760 igitur
1114 1677 1203 1762 juste
1223 1676 1324 1742 bella-

146 1788 250 1869 bunt,
275 1801 438 1870 quatenus
459 1789 645 1857 mandatum
665 1789 849 1873 accipiunt=
873 1807 939 1855 non
960 1787 1045 1853 enim
1066 1786 1150 1852 idem
1172 1786 1325 1854 omnibus

146 1897 342 1983 injungitur.
388 1899 434 1966 Et
459 1902 545 1967 bona
573 1901 706 1984 quidem
730 1900 763 1966 in
784 1900 944 1966 bellorum
966 1919 1046 1966 usus
1066 1898 1216 1966 conferre
1237 1918 1325 1964 com·

147 2029 246 2076 mune
281 2025 331 2078 est
363 2010 527 2092 omnium,
561 2013 708 2096 corporis
741 2026 847 2078 autem
882 2011 1099 2077 ministerium
1122 2011 1210 2078 bello
1233 2009 1325 2076 adhi-

147 2122 243 2200 bere‚
266 2121 360 2204 quod
379 2122 517 2190 militare
538 2122 681 2207 dicitur,
704 2142 772 2190 non
793 2142 905 2190 omnes
920 2123 1093 2209 jubentur:
1116 2141 1225 2206 neque
1248 2141 1324 2189 sane

148 2232 283 2316 expedit
300 2233 324 2301 ⁴.
368 2233 493 2301 Ordine
514 2235 599 2303 enim
620 2249 653 2300 et
675 2234 797 2300 dilectu
820 2254 929 2318 opus,
952 2234 1040 2300 sicut
1058 2249 1090 2300 et
1109 2254 1215 2300 rerum
1236 2234 1325 2318 judi-

147 2358 294 2410 catarum
327 2345 493 2412 exsecutio
524 2363 591 2412 non
622 2363 722 2428 penes
752 2363 1022 2427 unumquemque
1053 2359 1122 2428 est,
1143 2343 1204 2410 >sed
1225 2363 1325 2428 penes

148 2456 405 2539 cosummat,
426 2457 484 2540 qui
512 2458 640 2543 jussum
670 2427 865 2539 acceperunt
885 2453 909 2521 ⁵.
956 2453 1011 2520 Fit
1042 2469 1148 2522 autem
1172 2456 1236 2522 hoc
1268 2471 1325 2523 aut

148 2566 366 2654 nominatim,
400 2583 457 2634 aut
488 2541 574 2635 iniec
608 2583 769 2646 caeteros,
804 2581 842 2634 ut
872 2567 917 2632 ita
949 2566 1081 2648 dicam,
1105 2567 1168 2633 hoc
1195 2581 1244 2633 est
1264 2588 1324 2650 per

148 2677 376 2747 evocationem
398 2695 437 2746 ut
458 2679 492 2747 in
515 2681 683 2761 tumultu,
705 2671 931 2761 quo'celebris
954 2677 1009 2744 illa
1030 2697 1097 2744 vox
1116 2680 1288 2744 consulum
1311 2679 1323 2715 ⁶

149 2794 371 2876 spectemque·
391 2791 628 2878 rempublicam
652 2790 780 2859 saluam
801 2789 917 2858 volunt
937 2810 987 2854 me
1006 2803 1215 2874 sequantur,
1237 2803 1268 2855 et
1289 2789 1323 2854 in

147 2901 246 2985 justis
265 2901 560 2985 proscriptionibus
569 2902 593 2968 ⁷.
616 2901 736 2984 Neque
757 2914 882 2966 tantum
893 2900 1092 2984 ἁμέσωςζείνε
1104 2900 1245 2980 directe,
1266 2902 1325 2967 sed

150 3016 285 3095 ε’μμὲσως
303 3033 426 3096 perque
447 3011 670 3096 interpositum
694 3031 873 3095 personam.
919 3010 1007 3077 Ecce
1033 3010 1118 3076 eninr
1141 3011 1324 3094 respublica

151 3137 207 3190 aut
233 3123 389 3206 Princeps
412 3123 489 3190 belli
519 3123 634 3190 ducem
657 3122 760 3208 legit,
785 3123 842 3206 qui
862 3135 994 3205 accepta
1015 3135 1178 3206 potestate
1200 3122 1324 3188 consti-

152 3234 217 3300 tuit
248 3234 400 3302 tribunos
432 3250 463 3300 et
495 3234 729 3317 centuriones,
763 3233 852 3301 ethi
884 3233 1019 3300 militem
1043 3235 1159 3318 legunt
1173 3230 1199 3301 ⁸.
1245 3233 1324 3300 Sine

152 3345 303 3412 mandato
325 3360 433 3414 autem
454 3347 542 3430 iuste
572 3366 637 3413 non
660 3346 792 3413 militari
820 3346 905 3412 Cato
927 3345 1006 3412 satis
1028 3344 1189 3411 intellexit
1210 3347 1245 3427 ⁹,
1266 3346 1323 3428 qui

153 3455 257 3522 lilium
278 3457 413 3523 missum
435 3455 557 3523 factum
576 3458 729 3524 monebat
745 3472 784 3524 ut
803 3470 953 3539 caveret,
974 3477 1015 3522 ne
1031 3456 1189 3540 praelium
1208 3457 1322 3539 iniret,

152 3567 215 3636 nisi
237 3588 326 3635 novo
345 3569 479 3636 militiae
499 3585 700 3636 sacramento
720 3569 903 3656 obligatus:
926 3569 1137 3651 nequeenim
1157 3571 1212 3654 jus
1236 3587 1323 3650 esse,

155 3681 211 3762 qui
234 3681 329 3746 miles
348 3701 415 3748 non
438 3682 503 3762 sit,
528 3701 671 3767 pugnare
693 3701 768 3748 cum
789 3683 896 3748 hoste.
941 3681 1005 3746 Vis
1025 3696 1132 3747 autem
1145 3681 1224 3746 haec
1237 3701 1325 3747 man-

155 3792 221 3858 dati
252 3791 286 3857 in
318 3793 459 3878 siugulis
491 3793 586 3860 etiam
619 3793 804 3861 actionibus
833 3807 1010 3877 spectatur.
1055 3793 1194 3860 Peccant
1223 3793 1324 3878 igitur

155 3903 292 3983 milites,
317 3904 374 3987 qui
396 3906 487 3971 nulla
508 3905 628 3972 ducum
652 3906 845 3973 auctoritate
867 3881 1138 3989 populationibus
1160 3921 1193 3972 et
1215 3905 1324 3972 incen-

188 4174 242 4224 ¹in
262 4189 301 4236 pr.
322 4175 422 4237 capitis.
457 4173 510 4226 ”in
534 4180 618 4227 concl.
639 4179 664 4226 6.
698 4175 758 4227 ³ad
782 4181 866 4228 concl.
884 4179 908 4226 6.
926 4189 971 4226 art.
989 4189 1011 4236 3.
1045 4177 1097 4226 ⁴c.
1116 4179 1147 4226 de
1166 4178 1323 4230 occidendis.

158 4265 243 4327 [Dect.
265 4269 333 4315 Grae.
350 4282 377 4328 p.
396 4281 419 4316 2.
439 4279 478 4325 23·
498 4280 521 4324 5.
539 4267 576 4333 8.]
612 4267 657 4317 ⁸1.
675 4271 721 4317 ult.
739 4269 768 4317 C.
786 4271 820 4318 de.
836 4268 916 4326 judic.
936 4270 977 4331 [c.
995 4282 1018 4327 ³·
1037 4283 1060 4316 α.
1080 4269 1116 4330 4.]
1137 4273 1153 4316 1.
1169 4269 1221 4317 mil.
1240 4270 1261 4331 §-
1279 4269 1322 4330 qui

157 4354 231 4412 judic.
255 4357 281 4404 ff.
303 4361 334 4408 de
357 4371 384 4407 re
407 4356 461 4416 iud.
487 4359 531 4420 [D.
556 4373 598 4420 42.
624 4373 645 4408 1.
671 4359 694 4408 6.
718 4363 740 4418 5.
764 4360 799 4421 a]
840 4359 851 4392 ⁸
875 4363 943 4410 Serv.
962 4361 993 4409 ad
1010 4359 1118 4408 Aeneid.
1136 4362 1153 4407 l.
1172 4363 1195 4408 8.
1215 4358 1266 4424 [vs.
1287 4360 1320 4424 1.]

157 4444 167 4483 ⁷
188 4448 248 4498 Silv.
266 4449 293 4497 in
311 4465 338 4498 v.
355 4450 498 4499 Assasinus.
515 4464 540 4510 q.
559 4463 582 4508 3.
616 4451 662 4499 Β1.
689 4465 709 4500 1.
727 4455 749 4510 ξ.
767 4452 919 4512 magistrum.
936 4451 963 4502 ff.
989 4453 1020 4501 rle
1041 4465 1126 4501 exerc.
1149 4462 1197 4501 act.
1223 4451 1267 4513 [D.
1285 4464 1323 4513 ¹4·

161 4551 219 4588 1.1.
241 4540 317 4602 §.1.]
354 4539 438 4590 ⁹Cic.
457 4543 488 4591 cle
510 4539 552 4589 off.
571 4545 587 4591 l.
609 4555 629 4590 1.
650 4541 685 4606 [c.
706 4556 743 4591 11.
763 4543 783 4605 §.
803 4542 855 4605 gp]
