3310 5482
682 597 866 639 PRAEFATIO·
1326 595 1358 636 xl

181 775 268 846 plura
296 770 419 844 excipit.
468 771 565 829 Multa
598 769 728 839 viderat,
755 773 862 829 multos
894 771 971 828 vitae
999 786 1080 828 casus
1112 780 1251 843 expertus
1278 779 1357 827 erat:

183 877 284 949 itaque
312 891 403 949 opus,
430 873 510 948 quod
536 874 650 948 juvenis
681 876 853 949 scripserat,
884 876 1009 933 mutavit
1030 886 1119 948 prout
1148 885 1275 933 mutatus
1296 873 1358 946 ejus

183 982 214 1037 in
236 981 336 1037 multis
356 980 466 1037 animus
484 979 660 1053 postulabat.
702 980 742 1038 At
764 978 799 1037 de
820 979 893 1053 juris
913 979 1067 1053 principiis
1088 991 1117 1037 et
1137 975 1358 1052 origineeadem

183 1083 338 1142 sentiebat.

225 1188 484 1245 ECommentario
505 1186 540 1244 de
561 1187 626 1260 jure
647 1185 767 1260 praedae
785 1187 890 1246 clarius
912 1203 997 1260 quam
1018 1202 1055 1244 ex
1077 1189 1171 1244 altero
1190 1201 1278 1259 opere
1296 1199 1358 1241 cer-

183 1293 296 1366 nimus,
328 1308 403 1364 quae
432 1292 581 1364 scriptoris
610 1293 670 1348 laus
696 1293 733 1349 sit
762 1293 839 1349 circa
868 1291 912 1365 jus
939 1291 1068 1364 gentium
1099 1301 1128 1349 et
1155 1290 1202 1363 jus
1228 1300 1358 1346 naturae.

183 1397 283 1468 Vulgo
310 1396 433 1453 Grotius
461 1396 510 1452 has
538 1393 706 1469 disciplinas
735 1393 901 1453 condidisse
929 1393 1047 1453 dicitur.
1093 1395 1135 1453 At
1160 1394 1182 1450 si
1210 1393 1260 1466 qui
1282 1409 1357 1450 nova

184 1516 248 1558 eum
270 1500 342 1573 juris
364 1499 497 1572 dogmata
514 1500 693 1573 excogitasse
714 1510 839 1573 putant,
859 1501 906 1556 vel
928 1497 1076 1573 docuisse,
1098 1515 1170 1572 quae
1192 1516 1277 1557 nemo
1290 1508 1358 1556 ante

183 1621 248 1662 eum
268 1602 426 1672 docuerat,
447 1604 477 1660 hi
499 1605 584 1676 longe
603 1621 619 1660 a
640 1619 711 1660 vero
732 1602 847 1661 absunt.
888 1603 978 1661 Nulla
999 1603 1058 1660 fere
1079 1600 1212 1676 dogmata
1233 1603 1358 1677 promit,

185 1725 259 1782 quae
287 1725 347 1765 non
376 1709 448 1764 alius
476 1706 626 1781 cujusdam
656 1706 805 1780 scriptoris
832 1707 1007 1766 auctoritate
1030 1705 1193 1765 confirmet.
1239 1706 1272 1764 ln
1300 1707 1358 1763 illis

182 1829 257 1870 unus
287 1811 441 1871 Albericus
469 1812 597 1870 Gentilis
627 1808 781 1879 laudatur,
810 1821 954 1884 tamquam
981 1809 1044 1868 dux
1069 1811 1169 1868 Grotii
1195 1822 1224 1869 et
1245 1810 1284 1884 is,
1305 1811 1356 1883 qui

183 1917 259 1973 viam
286 1917 313 1973 ei
338 1916 544 1990 praemunivit.
588 1914 643 1974 Sed
664 1915 717 1972 hac
739 1913 822 1972 laude
844 1931 1024 1988 nequaquam
1044 1912 1149 1988 dignus
1166 1925 1219 1973 est.
1259 1915 1358 1972 Multa

184 2021 321 2093 collegit,
343 2021 372 2077 in
395 2020 430 2077 iis
451 2023 558 2093 multa,
580 2020 686 2093 quibus
716 2020 839 2078 Grotius
867 2036 934 2077 usus
962 2030 1022 2089 est,
1052 2017 1100 2077 sed
1125 2017 1236 2092 iudicio
1262 2030 1356 2089 caret,

184 2141 237 2182 nec
258 2127 324 2198 plus
343 2125 429 2182 habet
450 2141 534 2197 quam
555 2125 618 2197 alii,
640 2141 765 2198 quorum
786 2124 888 2181 merita
910 2141 1066 2197 numquam
1086 2123 1250 2182 laudantur.
1285 2123 1356 2182 Non

184 2229 253 2286 huic
280 2232 405 2286 multum
427 2226 514 2286 debet
535 2229 675 2298 Grotius,
697 2227 745 2286 sed
767 2229 881 2286 summis
900 2227 976 2302 apud
997 2228 1140 2301 Hispanos
1163 2229 1306 2301 theologis
1327 2241 1356 2287 et

181 2332 415 2406 jurisconsultis,
447 2333 547 2391 Caroli
570 2333 596 2389 V
618 2343 648 2390 et
669 2332 798 2407 Philippi
821 2333 849 2390 Il
871 2332 1052 2406 aequalibus,
1073 2333 1228 2390 Francisco
1250 2333 1356 2391 Victo-

182 2437 257 2508 riae,
285 2437 446 2495 Domiuico
475 2437 562 2505 Sot0‚
582 2437 785 2494 Covarruviae
809 2447 838 2495 et
866 2438 1033 2510 praesertim
1060 2437 1206 2510 Vasquio,
1231 2453 1355 2510 quorum

182 2542 284 2598 merita
312 2542 373 2615 ipse
401 2552 499 2614 gratus
527 2541 668 2614 agnoscit.
710 2540 833 2598 Omnem
863 2540 923 2599 fere
945 2541 1187 2614 Dogmaticorum
1208 2544 1355 2601 materiem

182 2660 219 2702 ex
239 2646 357 2703 illorum
384 2645 499 2719 scriptis
520 2646 656 2718 collegit,
678 2656 707 2702 et
729 2646 827 2718 paucis
844 2646 918 2703 aliis.
961 2643 1016 2703 Sed
1038 2646 1107 2704 haec
1127 2647 1259 2704 materies
1279 2646 1355 2721 apud

182 2749 247 2806 illos
273 2751 355 2807 nullo
383 2747 486 2806 ordine
515 2748 655 2823 disposita
683 2748 791 2806 latebat
813 2750 890 2807 inter
911 2751 1043 2822 ingentes
1065 2765 1160 2808 rerum
1182 2753 1275 2810 minus
1296 2754 1354 2811 uti·

182 2853 252 2910 lium
289 2855 430 2911 cumulos.
483 2854 598 2911 Summa
626 2856 686 2911 laus
720 2853 818 2911 Grotii
848 2864 906 2922 est,
938 2853 1032 2927 quod,
1064 2871 1136 2927 quae
1167 2854 1203 2912 ad
1238 2873 1353 2915 manum

184 2968 280 3029 erant,
308 2959 427 3031 collegit
451 2968 480 3016 et
504 2958 545 3015 ita
572 2957 732 3032 disposuit,
758 2969 793 3016 ut
814 2957 881 3015 inde
901 2974 976 3016 nova
1004 2957 1076 3030 iuris
1108 2956 1261 3032 disciplina
1292 2977 1353 3018 nas·
1413 3021 1414 3026 ,

182 3072 309 3120 celetur.
359 3063 439 3121 Ante
477 3079 541 3120 eum
582 3078 668 3120 nemo
706 3062 820 3120 viderat
861 3062 932 3135 juris
970 3063 1101 3136 gentium
1143 3064 1283 3136 originem
1323 3064 1352 3122 in

182 3166 245 3239 jure
277 3177 397 3224 naturae
427 3165 618 3239 quaerendam
648 3183 723 3236 esse,
755 3183 840 3224 nemo
859 3166 904 3240 jus
936 3167 995 3242 ipse
1016 3165 1084 3226 inde
1104 3147 1246 3226 deducere
1267 3185 1353 3226 cona-

182 3282 228 3329 tus
250 3282 322 3329 erat.
343 3271 515 3344 Dogmatica
536 3270 655 3345 dejure
676 3269 797 3345 praedae
819 3272 941 3345 primum
963 3271 1024 3345 ejus
1047 3273 1087 3330 rei
1109 3274 1254 3346 specimen
1277 3285 1354 3333 sunt.

182 3374 357 3445 Methodus,
381 3393 466 3449 quam
493 3375 534 3432 ibi
552 3376 683 3449 sequitur
704 3388 820 3449 auctor,
845 3385 875 3434 et
902 3375 1121 3449 argumentandi
1143 3378 1218 3435 ratio
1247 3395 1353 3438 summa

181 3478 265 3538 laude
287 3477 373 3552 digna
390 3490 442 3538 est.
474 3479 499 3536 E
525 3480 631 3552 regulis
651 3481 799 3538 nonnullis
817 3492 846 3538 et
872 3481 1000 3554 legibus,
1020 3498 1089 3553 quas
1111 3492 1254 3555 tamquam
1272 3484 1353 3540 axio-

180 3596 256 3642 mata
285 3583 463 3658 praemittit,
491 3586 585 3641 multo
606 3585 738 3642 acumine
759 3594 788 3642 et
812 3581 923 3657 jndicio
954 3585 1122 3642 universum
1151 3583 1196 3658 jus
1225 3586 1295 3644 belli
1323 3599 1352 3646 et

180 3686 302 3762 praedae
323 3688 437 3761 colligit
459 3699 489 3745 et
507 3688 654 3762 explicata
674 3690 763 3761 leges,
785 3689 959 3758 sententias,
980 3687 1205 3747 consuetudines
1225 3691 1352 3750 secundo

180 3796 246 3851 loco
267 3790 402 3859 adhibet,
422 3803 456 3850 ut
477 3807 572 3848 earum
594 3808 649 3865 ope
669 3791 838 3861 confirmet,
858 3808 931 3866 quae
952 3809 988 3850 ex
1011 3793 1070 3866 ipsa
1092 3804 1194 3851 natura
1215 3793 1352 3855 defluant.

220 3896 334 3954 Merito
351 3895 488 3953 Fruinius
510 3895 732 3966 animadvertit,
748 3913 821 3970 opus
842 3895 916 3955 illud
935 3900 1131 3972 conscriptum
1149 3916 1207 3958 esse
1228 3901 1263 3956 ab
1284 3899 1352 3958 ado-

180 4004 307 4059 lescente
338 4017 479 4057 annorum
509 4000 616 4073 viginti
637 4011 667 4057 et
688 3999 757 4058 duo.
799 4001 941 4058 Summam
960 4013 1089 4061 recenset
1108 4019 1224 4074 eorum,
1246 4004 1351 4078 quibus

180 4121 255 4178 opus
282 4103 340 4162 fuit
370 4113 404 4162 ut
432 4101 572 4177 eiusmodi
599 4103 705 4162 librum
727 4103 870 4162 conficere
889 4117 1001 4179 posset,
1022 4108 1197 4181 scriptores,
1219 4125 1291 4182 quos
1312 4111 1352 4166 le-

179 4209 253 4283 gisse
285 4225 349 4266 eum
376 4223 489 4266 necesse
520 4219 597 4278 erat,
626 4209 725 4270 Latini
753 4210 890 4266 sermonis
918 4212 1103 4283 elegantiam,
1130 4211 1350 4285 argumentandi

180 4310 349 4382 artificium,
381 4312 512 4386 inprimis
543 4327 615 4370 vero
645 4311 750 4386 judicii
780 4315 992 4383 maturitatem,
1031 4315 1114 4389 cuius
1145 4317 1197 4374 vix
1228 4318 1349 4375 alterum
1393 4325 1395 4330 ’

180 4419 344 4491 exemplum
372 4417 402 4475 in
431 4416 491 4490 eius
509 4418 609 4475 aetatis
629 4415 812 4476 adolescente
833 4419 1023 4492 conspicitur.
1055 4420 1192 4479 Profecto
1214 4420 1351 4489 Grotius,
