3326 5506
453 641 499 686 DE
523 640 616 708 [unu
643 642 826 688 PRAEDAE.
851 641 931 688 CAl‘.
955 641 1020 690 xit.
1261 643 1322 688 221

152 796 268 882 populi
298 795 441 863 Romani
473 813 542 862 esse
563 797 682 864 Celsus
705 796 869 863 existimat
888 808 918 861 ¹:
943 796 1082 879 quodsi
1105 795 1149 862 ita
1169 809 1241 877 est,
1265 793 1327 861 rni-

152 912 239 977 nirne
267 909 449 976 mirandum
473 895 523 976 est
544 909 692 975 eumdem
712 911 871 993 populum
894 907 1035 975 subditis
1054 908 1123 974 suis
1143 907 1326 991 occupandi

151 1021 275 1089 littoris
303 1021 436 1088 modum
465 1041 523 1104 per
548 1019 732 1105 Principem
758 1035 814 1087 aut
834 1035 1016 1104 praetorem
1037 1021 1186 1104 potuisse
1201 1038 1326 1086 conce-

151 1135 227 1200 dere
246 1133 268 1198 ¹.
315 1133 490 1199 Caeterum
511 1147 543 1199 et
564 1133 644 1198 haec
665 1132 839 1216 occupatio
862 1152 929 1198 non
947 1133 1057 1200 minus
1080 1151 1177 1215 quam
1200 1129 1326 1214 privata

151 1245 196 1311 ita
219 1243 445 1329 restringenda
475 1259 545 1325 est,
570 1263 610 1310 ne
641 1244 779 1309 ulterius
801 1243 1007 1329 porrigatur,
1033 1261 1129 1326 quam
1155 1257 1193 1309 ut
1214 1244 1326 1308 salvus

150 1357 194 1423 sit
214 1377 294 1423 usus
316 1356 399 1442 iuris
419 1356 578 1441 gentium.
608 1355 718 1422 Nerno
738 1355 839 1440 igitur
859 1370 1007 1440 potesta
1027 1357 1152 1440 populo
1174 1355 1326 1420 Romano

152 1469 192 1535 ad
223 1468 320 1552 littus
348 1467 447 1533 maris
479 1467 632 1533 accedere
662 1468 828 1550 prohiberi
854 1473 884 1544 ³,
908 1482 941 1533 et
965 1468 1046 1533 retia
1068 1467 1188 1533 siccare
1212 1481 1244 1532 et
1264 1465 1326 1531 alia
1372 1525 1373 1528 ,

151 1579 279 1656 facere,
304 1599 389 1662 quae
418 1581 517 1644 semel
541 1597 654 1645 omnes
679 1578 827 1644 homines
859 1579 891 1645 in
921 1593 1114 1663 perpetuum
1143 1573 1206 1646 sibi
1230 1576 1326 1642 licere

151 1693 332 1758 voluerunt
352 1690 377 1757 ⁴.
422 1688 528 1756 Maris
551 1704 659 1757 autern
685 1705 800 1757 natura
823 1691 886 1756 hoc
908 1690 1018 1758 differt
1040 1711 1057 1755 a
1076 1690 1210 1771 littore,
1236 1688 1327 1771 quod

151 1822 259 1884 mare,
280 1801 344 1867 nisi
369 1802 486 1887 exigua
508 1801 560 1869 sui
583 1816 699 1885 parte,
720 1821 779 1868 nec
803 1801 1002 1869 inaedificari
1022 1801 1189 1868 facilenec
1201 1799 1325 1867 includi

152 1929 280 1998 potest:
312 1927 345 1980 et
372 1928 410 1979 ttt
438 1929 573 1997 posset,
596 1913 660 1980 hoc
685 1913 791 1997 ipsum
815 1929 923 1980 tamen
946 1914 1004 1980 vix
1027 1913 1232 1998 contingeret
1255 1912 1326 1980 sine

151 2045 231 2092 usus
263 2024 444 2108 promiscui
477 2024 722 2109 impedimento.
769 2025 804 2091 Si
838 2025 921 2107 quid
952 2039 1057 2092 tanren
1093 2025 1247 2110 exiguum
1283 2024 1326 2088 ita

152 2137 306 2222 occupari
341 2149 473 2221 potest,
510 2136 544 2202 id
579 2135 753 2220 occupanti
787 2137 991 2204 conceditur.
1053 2137 1243 2223 Hyperbole
1279 2149 1328 2200 est

153 2249 254 2334 igitur
277 2247 310 2314 ³:

417 2360 602 2428 Contracta
617 2363 723 2448 pisces
745 2381 893 2446 aequora
914 2365 1063 2427 sentiunt

410 2475 526 2562 Jactr's
548 2477 585 2538 in
605 2472 713 2538 altum
737 2472 885 2538 molibus.

195 2584 282 2651 Nam
303 2585 423 2652 Celsus
447 2586 580 2670 ‘jactas
607 2585 641 2649 in
664 2603 751 2650 mare
777 2584 859 2668 pilas
884 2585 955 2669 eius
979 2603 1048 2652 csse
1071 2583 1174 2666 dicit,
1199 2584 1257 2666 qui
1278 2585 1328 2669 je·

152 2695 255 2780 terit,
292 2697 348 2761 sed
381 2697 415 2762 id
444 2715 510 2762 non
543 2696 812 2777 concedendurn,
846 2696 873 2762 si
907 2696 1048 2764 deterior
1068 2695 1166 2764 matis
1186 2714 1266 2763 usus
1288 2715 1327 2762 eo

152 2809 250 2874 modo
283 2806 418 2874 futurus
446 2808 500 2875 sit.
545 2809 590 2874 Et
618 2806 784 2891 Ulpianus
805 2809 820 2881 ⁷,
837 2827 910 2873 eunt
941 2808 1000 2890 qui
1033 2809 1151 2874 rnolem
1175 2807 1208 2874 in
1241 2827 1327 2873 mare

149 2919 251 3005 jacit,
277 2911 322 2985 ita
354 2920 512 2987 tuendum
535 2920 640 3002 dicit,
669 2918 696 2986 si
715 2939 812 2986 nemo
835 2919 989 2986 damnum
1009 2918 1141 2987 sentiat.
1187 2917 1275 2984 Narn
1298 2919 1326 2984 si

151 3031 205 3097 cui
237 3034 317 3098 haec
347 3052 397 3099 res
429 3031 580 3098 nocituro
609 3032 675 3115 sit,
709 3031 919 3098 interdictum
943 3030 1085 3112 utique,
1110 3031 1165 3096 Ne
1189 3030 1272 3115 qm’d
1290 3033 1327 3095 in

152 3143 219 3208 loco
235 3143 370 3230 publico
387 3141 477 3226 fiat,
501 3143 768 3228 competiturunr.
813 3144 864 3210 Ut
887 3158 919 3208 et
941 3141 1055 3208 Labeo
1077 3144 1089 3182 ⁸
1110 3141 1136 3207 si
1161 3141 1243 3224 quid
1263 3143 1326 3208 tale

152 3253 185 3318 in
215 3254 296 3320 tnari
330 3268 499 3336 struatur,
524 3254 744 3321 inderdictunt
767 3257 847 3337 vult·
865 3268 1074 3338 competere,
1099 3253 1155 3319 Ne
1180 3253 1265 3338 quid
1290 3257 1327 3318 in

152 3370 265 3449 mari,
291 3387 353 3452 quo
382 3380 526 3453 portus,
551 3369 653 3432 statio
685 3369 792 3436 iterur
824 3369 973 3454 nauigiis
994 3365 1141 3433 deterius
1163 3369 1228 3444 sit,
1247 3364 1325 3449 fiat.

151 3479 246 3566 Quae
279 3492 387 3544 autern
407 3477 654 3564 navigationis,
679 3479 788 3544 eadern
811 3477 957 3562 piscatus
978 3477 1127 3544 habenda
1151 3491 1200 3544 est
1220 3457 1335 3558 ratio,

152 3603 190 3656 ut
222 3589 405 3655 communis
438 3605 564 3656 maneat
597 3591 763 3656 omnibus.
819 3590 941 3672 Neque
965 3605 1071 3656 tamen
1095 3584 1264 3672 peccabit,
1299 3588 1326 3653 si

153 3701 229 3783 quis
260 3701 293 3768 in
321 3701 418 3769 maris
439 3701 636 3769 diverticulo
659 3701 806 3786 piscandi
827 3703 936 3767 locunt
960 3701 1023 3767 sibi
1046 3701 1129 3785 palis
1151 3699 1328 3767 circumse-

186 3948 194 3982 ¹
215 3951 241 3997 d.
259 3951 276 3996 l.
291 3948 378 3996 littora
394 3949 420 3996 ff.
434 3961 466 3997 ne
481 3947 542 4009 quid
558 3947 584 3997 in
599 3951 648 3998 loc.
666 3949 737 4010 publ.
753 3950 795 4010 [D.
811 3961 852 4011 4³·
867 3951 889 3996 8.
904 3949 939 4010 3.]
959 3950 1060 3997 Donell.
1079 3951 1095 3996 l.
1111 3961 1135 4009 4.
1154 3961 1176 3997 c.
1190 3961 1213 3998 a.
1229 3961 1253 3998 et
1268 3961 1289 3996 a.
1304 3963 1327 4009 9.

151 4036 203 4088 ⁹tl.
218 4041 235 4087 l.
253 4040 376 4099 quamvis.
400 4039 473 4089 ffide
493 4053 548 4100 acq.
571 4043 639 4090 dont.
663 4041 706 4102 [D.
722 4054 763 4102 41·
780 4054 800 4088 r.
819 4039 870 4103 50.]
890 4042 907 4088 l.
919 4053 941 4088 2.
956 4039 981 4087 in
996 4053 1035 4099 pr.
1051 4051 1075 4088 et
1090 4043 1110 4098 5.
1126 4039 1327 4098 merito.ct§.si

152 4131 209 4190 quis
223 4130 375 4191 aPrincipe.
389 4131 420 4204 ff.
429 4145 461 4179 ne
478 4131 540 4191 quid
554 4131 580 4179 in
596 4133 657 4180 loeo
670 4129 738 4193 publ.
756 4129 800 4194 [D.
815 4143 857 4192 4³·
871 4133 894 4179 8.
913 4143 936 4178 α.
954 4134 966 4188 ξ
985 4144 1022 4178 10.
1038 4142 1063 4178 et
1077 4134 1099 4189 §-
1118 4131 1167 4191 ru]
1194 4129 1204 4162 ⁸
1222 4133 1240 4178 1.
1252 4143 1327 4178 nemo

153 4221 239 4281 igitur.
254 4221 280 4269 ff.
295 4223 326 4270 de
342 4235 392 4270 rer.
408 4221 462 4270 div.
475 4223 518 4283 [D.
535 4236 556 4270 r.
570 4225 592 4270 8.
608 4221 644 4286 4.]
665 4222 676 4255 ⁴
694 4224 717 4271 d.
733 4225 750 4270 l.
764 4221 858 4270 littora.
874 4221 900 4269 n.
912 4233 944 4270 ne
958 4219 1019 4281 quid
1034 4221 1060 4268 in
1076 4224 1136 4270 loco
1151 4221 1220 4280 publ.
1246 4218 1257 4250 ⁵
1275 4221 1327 4268 llo-

152 4324 198 4360 rtt.
217 4311 280 4376 [οἀ.
298 4315 315 4360 l.
336 4325 358 4370 3.
381 4327 403 4361 r.
417 4327 455 4363 vs.
474 4325 513 4370 33.
527 4313 576 4378 sq.]
612 4313 623 4345 ⁶
642 4315 666 4362 d.
681 4317 697 4362 l.
716 4313 810 4362 littora.
843 4311 855 4350 ⁷
872 4315 888 4360 l.
903 4327 926 4361 a.
942 4312 968 4361 θ’.
985 4326 1017 4360 ne
1035 4312 1096 4372 qnid
1109 4311 1134 4359 in
1149 4312 1209 4359 loco
1225 4311 1293 4372 publ.
1307 4313 1327 4369 ς.

153 4405 284 4452 adversus.
304 4401 346 4466 [D.
358 4382 404 4464 Ι43.
420 4406 441 4451 8.
462 4417 485 4452 r.
501 4408 522 4462 5.
537 4403 572 4465 8.]
609 4403 620 4436 ⁸
637 4407 653 4452 l.
674 4418 694 4452 1.
710 4408 731 4462 §-
748 4404 768 4454 sl
785 4403 811 4452 in
828 4417 904 4452 marc.
917 4403 942 4451 ff.
958 4405 988 4452 dc
1005 4399 1154 4452 fluminibus.
1174 4402 1218 4463 [D.
1230 4414 1271 4463 43.
1290 4415 1327 4448 ra.

156 4508 176 4541 1·
193 4497 214 4552 §-
236 4493 287 4555 ιι]
