3310 5482
454 569 500 614 ua
524 569 618 636 Juna
645 567 826 616 nunaunt.
853 567 932 615 cnr.
958 567 1007 615 tv.
1271 571 1312 636 55

142 741 205 803 que
223 741 304 788 vero
325 722 538 806 interpretum
560 722 734 805 quisquam
760 723 768 758 ¹
792 721 838 788 ita
858 721 1034 788 intellexit:
1058 723 1115 790 secl
1134 727 1229 810 longe
1252 727 1313 792 alia

142 834 180 898 dc
201 853 309 899 causa.
352 833 400 898 Et
419 833 571 900 nonnulli
589 832 722 915 quidem
746 832 791 897 ita
812 834 911 900 verba
935 847 1123 916 exponunt,
1147 848 1185 900 ut
1205 835 1315 904 dicant

142 945 366 1011 Abrahamum
388 958 462 1011 ante
484 944 722 1028 expeditionem
745 957 825 1010 voto
847 963 882 1010 se
905 944 1088 1028 obligasse,
1112 946 1194 1012 nihil
1217 965 1251 1014 se
1275 967 1314 1014 cx

142 1056 259 1138 praeda
282 1056 346 1122 sibi
370 1070 594 1139 excepturum.
641 1056 777 1122 Certum
808 1069 914 1120 autem
949 1069 999 1120 est
1018 1073 1139 1123 vovere
1162 1077 1222 1124 nos
1252 1059 1315 1125 alia

143 1187 237 1249 quam
261 1188 347 1249 quae
369 1167 475 1234 lacere
496 1165 677 1234 necessario
700 1166 866 1232 debemus.
914 1166 1009 1253 Quae
1034 1179 1141 1234 autem
1162 1169 1244 1236 ratio
1276 1171 1315 1237 il·

143 1279 208 1344 lum
230 1279 375 1345 moverit
395 1293 451 1344 aut
471 1278 512 1346 ad
534 1291 649 1345 votum
670 1292 726 1342 aut
746 1276 827 1342 citra
850 1291 966 1344 votum
990 1277 1030 1343 ad
1057 1280 1314 1362 repudiationem

142 1390 240 1472 partis
266 1411 306 1454 ex
327 1390 467 1473 praeda,
490 1389 554 1455 illis
586 1388 695 1455 verbis
718 1387 899 1454 indicatur:
918 1389 974 1454 Ne
995 1389 1087 1456 dicas
1118 1413 1174 1480 ago
1205 1392 1317 1462 ditari

143 1499 375 1566 Abrahamum
388 1507 411 1568 ².
434 1499 627 1566 Liberaliter
650 1500 751 1586 igitur
772 1514 806 1565 et
827 1500 964 1583 quadam
981 1501 1080 1567 animi
1092 1504 1315 1588 magnitudine

141 1611 240 1678 cessit
257 1613 334 1696 jure
364 1631 437 1678 suo.
481 1609 666 1678 Verebatur
691 1610 775 1676 enim
794 1607 882 1676 haud
903 1611 1063 1677 immerito
1086 1612 1137 1678 vir
1159 1588 1315 1684 innocens

143 1744 180 1788 ne
214 1724 365 1790 homines
399 1723 527 1807 profani
556 1737 589 1788 et
609 1739 705 1790 verae
726 1722 893 1808 religionis
917 1723 1041 1789 inimici
1063 1736 1183 1790 temere
1206 1725 1313 1808 ipsum
1340 1729 1344 1744 '

142 1835 437 1915 calumniarentur,
470 1835 564 1918 quasi
597 1837 666 1900 sola
685 1833 821 1918 praedae
843 1835 997 1902 aviditate
1016 1836 1103 1900 bello
1127 1853 1193 1902 non
1213 1835 1253 1902 ad
1280 1853 1314 1904 se

142 1947 272 2028 proprie
294 1947 471 2029 pertinenti
491 1965 525 2013 se
546 1945 784 2012 immiscuisset.
829 1946 940 2011 Habet
958 1944 1058 2030 igitur
1077 1946 1140 2011 hoc
1158 1947 1314 2014 rationem

142 2059 339 2142 specialem,
374 2073 407 2124 et
429 2079 446 2123 a
472 2058 608 2124 Periclis
629 2072 660 2123 et
682 2056 774 2122 Fabii
794 2054 883 2123 facto
904 2057 992 2125 haud
1013 2057 1108 2142 longe
1131 2057 1314 2140 discrepat,

143 2169 200 2252 qui
225 2169 272 2234 rei
301 2170 446 2252 privatae
478 2172 637 2254 jacturam
660 2168 831 2250 lecerunt,
856 2188 897 2235 ne
919 2168 1064 2251 iniquam
1094 2153 1314 2252 suspicionem

144 2280 175 2344 in
198 2301 235 2346 se
258 2280 434 2347 irritarent.
490 2281 608 2363 Neque
629 2282 768 2346 multum
787 2279 944 2345 diversam
967 2279 1123 2346 rationem
1147 2279 1316 2347 Fabricius

144 2392 230 2474 apud
264 2393 498 2478 Dionysium³
531 2391 659 2475 reddit,
692 2391 784 2473 quod
806 2410 881 2457 cum
904 2405 1016 2474 posset
1036 2411 1075 2456 ex
1094 2391 1212 2474 praeda
1232 2391 1315 2457 nihil

144 2521 239 2569 suum
271 2503 407 2586 fecerit,
440 2511 489 2576 aul
520 2511 569 2575 riu
602 2507 635 2572 ἐκ
663 2508 771 2573 δικαίου
800 2509 924 2572 πλοῦτον
954 2506 1085 2587 ὑπεριδὼν
1105 2503 1188 2571 ἕνεκα
1207 2505 1313 2584 δόξης,
1414 2543 1419 2553 ,

143 2618 244 2679 etiam
266 2616 361 2702 juste
386 2629 510 2702 partas
546 2614 685 2684 diuitias
709 2627 797 2700 praa
826 2614 942 2700 gloria
971 2626 1190 2695 contemnens,
1214 2611 1313 2695 idque

142 2745 175 2790 sc
197 2725 316 2792 fecisse
347 2727 427 2794 dicit
448 2726 569 2792 Valerii
601 2725 788 2792 Publicolae
808 2719 1011 2807 aliorumque
1030 2724 1189 2807 exemplo.
1213 2721 1314 2789 Marci

143 2837 237 2904 etiam
259 2838 398 2906 Catonis
418 2838 540 2904 facturn
562 2838 651 2903 haud
673 2836 828 2902 dissimile
850 2849 926 2920 post
946 2835 1156 2918 Hispanicum
1179 2835 1313 2901 victori·

143 2969 191 3013 am
215 2952 251 3030 ⁵,
277 2949 335 3030 qui
357 2969 457 3035 paone
477 2950 590 3015 iisdem
612 2948 747 3030 verbis,
771 2948 894 3030 quibus
914 2962 947 3013 et
962 2947 1194 3028 Abrahamus‚
1218 2965 1314 3030 nega·

144 3061 197 3124 bat
230 3060 413 3143 quidquam
444 3062 484 3127 ad
515 3081 549 3128 se
580 3067 854 3144 perventurume
885 3059 972 3124 bello
999 3056 1100 3140 captis
1125 3071 1249 3141 praeter
1267 3079 1314 3128 ,ea

142 3191 228 3253 quae
262 3172 296 3237 in
326 3173 400 3240 cibo
430 3194 467 3240 ac
486 3188 568 3256 potu
587 3171 830 3238 consumsisset.
874 3171 1093 3248 Addebatque
1112 3185 1179 3233 uon
1201 3167 1275 3232 ideo
1297 3187 1315 3234 a

144 3302 177 3348 se
200 3283 325 3367 culpari
348 3284 429 3352 alios
450 3285 681 3368 imperatores,
706 3283 764 3367 qui
784 3301 953 3350 concessas
988 3301 1028 3348 ex
1049 3275 1168 3363 pracda
1191 3279 1314 3346 utilita-

143 3407 191 3460 tes
211 3411 401 3479 sumerent,
424 3397 482 3462 sed
502 3399 596 3462 malle
619 3413 653 3461 se
676 3396 715 3460 de
735 3391 861 3460 virtute
885 3415 958 3459 cum
982 3392 1134 3478 optimis,
1158 3392 1315 3473 quamde

146 3506 265 3588 opibus
299 3528 373 3573 curn
403 3508 571 3576 ditissimis
606 3507 812 3573 contendere.
859 3505 974 3572 Potuit
999 3521 1032 3572 ct
1051 3508 1114 3571 hoc
1135 3503 1311 3570 Abralrami

146 3618 288 3685 animum
321 3619 485 3704 movisse,
519 3620 608 3702 quod
637 3621 810 3702 pleraeque
841 3638 892 3683 res
914 3639 997 3701 quae
1021 3636 1120 3700 penes
1143 3634 1234 3700 reges
1259 3616 1314 3681 de-

146 3729 250 3796 victos
283 3729 434 3796 inventae
466 3745 581 3813 erant,
614 3749 680 3796 non
714 3729 845 3796 illorum
880 3728 1008 3794 fuerant
1031 3727 1233 3809 antiquitus,
1257 3727 1314 3792 scd

146 3839 306 3906 Sodomae
341 3841 495 3925 civibus,
530 3843 629 3909 sociis
661 3857 730 3908 tum
757 3841 959 3921 Abrahami,
994 3859 1104 3905 recens
1128 3854 1255 3923 ereptae
1279 3847 1313 3920 ⁵,

148 3973 227 4034 quas
253 3953 377 4020 idcirco
413 3955 453 4020 ad
475 3955 601 4038 priorcs
624 3951 775 4020 dominos
797 3966 854 4017 aut
876 3971 987 4016 eorum
1014 3947 1197 4035 Principem
1221 3953 1315 4018 velut

146 4064 345 4144 postliminio
377 4065 480 4131 redire
510 4065 661 4134 nonnihil
690 4065 829 4130 habebat
853 4063 1007 4129 rationis:
1036 4076 1074 4128 ut
1094 4079 1127 4130 ct
1145 4064 1228 4148 juris
1247 4065 1313 4129 Ro-

179 4297 187 4330 ¹
205 4299 236 4345 V.
251 4299 340 4347 Ambr.
365 4302 396 4348 de
420 4301 569 4360 patriarchis
592 4303 609 4349 l.
625 4314 648 4358 3.
664 4315 687 4349 c.
706 4315 728 4348 a.
747 4312 772 4348 et
795 4301 854 4348 Nic.
871 4299 987 4348 Liranum
1006 4302 1038 4349 ad
1052 4302 1138 4348 locum
1151 4301 1215 4347 Gen.
1236 4297 1314 4347 Willr.

149 4389 226 4436 Math.
244 4391 275 4438 de
293 4389 363 4438 bello
380 4389 457 4447 justo.
475 4405 528 4452 rcq.
547 4407 569 4439 a.
583 4407 609 4452 p.
624 4405 647 4448 5.
686 4390 777 4439 ²Gen.
805 4405 842 4452 14.
870 4403 909 4448 23.
944 4390 954 4424 ³
979 4391 1005 4440 in
1029 4391 1115 4451 fragm.
1143 4392 1180 4453 [p.
1204 4404 1260 4452 747.
1275 4405 1313 4440 vs.

148 4479 200 4540 aa]
235 4478 245 4510 ⁴
263 4482 328 4529 Plut.
346 4483 401 4530 Cat.
421 4483 458 4542 [p.
479 4495 534 4543 342.
553 4484 586 4544 a]
622 4483 632 4515 ⁵
651 4485 713 4530 Gen.
732 4483 793 4532 ibid.
815 4497 852 4530 11.
871 4495 895 4530 cr
916 4484 953 4530 16.
