3362 5504
507 621 553 666 DE
577 622 670 688 JURE
696 622 882 669 PRAEDAE·
908 623 987 669 CAP.
1012 625 1072 670 XV.
1306 623 1366 686 335

196 788 365 856 tenemus,
398 776 449 840 isis
482 797 538 841 nos
566 777 709 864 spoliari
726 780 901 863 patiemur
923 782 1024 865 inque
1047 799 1102 844 nos
1126 781 1210 866 ipsos
1234 799 1272 842 ea
1295 799 1369 842 con-

197 889 395 967 stituemus,
427 908 515 973 quae
544 893 580 952 in
610 890 715 953 hostes
745 892 905 954 constitui
932 889 1064 954 solent?
1088 890 1126 955 In
1150 908 1307 972 responso
1328 890 1369 955 ad

196 997 341 1064 Volscos
364 997 398 1080 ¹,
429 1003 513 1082 sintin
544 1003 574 1068 δὲ
602 1004 762 1084 κρατίστας
790 1005 939 1084 ἡγούμεθα
967 1005 1102 1079 κτήσεις,
1125 1000 1162 1076 ἃς
1184 1003 1220 1069 dm
1249 1004 1368 1085 πολέμῳ

196 1112 392 1192 κρατήσαντες
412 1111 574 1192 λάβοιμεν,
596 1115 661 1180 οὔτε
683 1120 784 1195 πρῶτον
806 1115 1061 1194 καταστησάμενοι
1081 1113 1163 1194 νόμον
1184 1113 1282 1184 τόνδε,
1303 1113 1368 1178 οὔτε

196 1224 286 1288 αὐτὸν
306 1224 454 1304 deiecimus
475 1225 627 1304 ἡγούμενοι
647 1221 718 1290 είνοιι
740 1228 856 1304 μᾶλλον
877 1224 894 1301 ἢ
914 1225 980 1307 οὐχ)
1001 1227 1084 1300 θεῶν,
1107 1222 1245 1296 detumuit
1264 1250 1298 1289 τε
1318 1224 1367 1288 καί

194 1329 343 1408 Ἕλληνας
355 1333 404 1400 καί
417 1332 582 1415 βαρβάρους
605 1335 709 1408 εἰδότες
729 1337 808 1418 αὐτῷ
829 1337 989 1418 χρωμένους
1011 1339 1061 1402 οὐκ
1081 1336 1117 1402 im
1138 1336 1281 1415 ἐνδοίημεν
1301 1338 1368 1415 ὑμῖν

154 1427 158 1433 ’
196 1444 333 1522 μαλακὸν
366 1443 462 1517 οὐδέν,
493 1445 588 1510 eddim
610 1447 813 1526 οὶτοστοιίημεν
840 1445 881 1512 ἔτι
910 1454 967 1513 τῶν
988 1448 1170 1528 inpensione.
1190 1448 1285 1521 τολλη
1308 1447 1367 1526 γὰρ

196 1553 233 1620 ἂν
264 1555 307 1629 εἴη
336 1555 460 1630 κακότης
492 1557 519 1622 εί
542 1581 585 1628 τις
607 1551 629 1622 de
651 1560 731 1637 μενοι
747 1560 851 1638 αρετῆς
869 1559 918 1624 καί
941 1558 1070 1639 οίνδρείοις
1088 1559 1245 1633 ἐκτήσατο,
1268 1561 1365 1622 ταῦτα

197 1668 252 1732 ὑπὸ
274 1665 382 1738 δειλίας
402 1667 451 1732 καὶ
474 1669 583 1749 μωρίας
601 1669 778 1752 ἀφαιρεθείη.
824 1665 897 1730 Νοι
922 1678 1032 1730 autem
1057 1669 1214 1750 optimum
1228 1665 1369 1750 judica-

196 1795 268 1840 mus
286 1778 496 1860 possessionis
516 1796 643 1860 genus,
668 1775 757 1861 quod
777 1797 818 1842 ιιι
837 1777 927 1841 hoste
946 1790 1080 1862 captum
1102 1780 1369 1861 acquisitumque

197 1899 268 1966 est,
302 1906 439 1971 cumque
471 1907 535 1950 non
568 1891 632 1972 ipsi
658 1891 767 1972 primi
798 1887 837 1953 id
848 1889 909 1973 jus
932 1900 1145 1968 statuamus,
1170 1887 1227 1954 sed
1245 1909 1266 1951 a
1289 1887 1367 1951 Diis

196 2001 310 2064 uerius
346 2018 445 2082 quam
477 1996 519 2061 ab
550 1997 734 2063 dominibus
752 1998 966 2107 profectum,
990 2002 1197 2083 omniumque
1216 2002 1366 2084 gentium

197 2123 268 2173 tam
283 2107 514 2187 Graecarum,
529 2129 627 2193 quam
646 2109 876 2174 barbararum
898 2131 960 2174 usu
983 2109 1229 2194 comprobatum
1250 2130 1368 2195 sequa·

196 2239 297 2299 mur,
335 2219 424 2284 nihil
444 2219 534 2287 nobis
552 2234 616 2304 per
646 2224 820 2306 ignauiam
845 2225 1051 2286 remittemus
1074 2242 1130 2286 nea
1153 2220 1236 2286 bello
1251 2226 1367 2307 partis

196 2333 399 2397 absistamus.
445 2332 640 2396 Maximum
673 2336 757 2397 enim
781 2334 839 2397 hoe
857 2333 1019 2417 probrum
1037 2333 1156 2418 foret,
1181 2354 1266 2418 quae
1296 2337 1367 2401 uir-

196 2456 269 2508 tute
292 2457 323 2507 et
339 2442 550 2526 fortitudine
573 2447 727 2528 quaesita
751 2457 852 2524 sunt,
878 2465 916 2508 eu
935 2458 999 2531 per
1018 2448 1179 2510 inertiam
1204 2459 1265 2510 aut
1290 2445 1368 2529 for·

196 2553 351 2620 midinem
385 2558 551 2619 amittere.
608 2555 645 2620 In
680 2573 837 2637 responso
860 2555 1041 2621 Samnitum
1064 2558 1098 2636 ²,
1121 2561 1239 2642 aesino
1262 2583 1368 2640 κρατη-

195 2668 308 2736 σοίντιον
337 2671 434 2748 ἡμῶν,
466 2664 549 2749 irrep
576 2669 638 2735 ieri
671 2669 753 2748 νόμος
776 2671 901 2744 κτίσεως
923 2669 1111 2743 δικαιότατος.
1158 2666 1238 2732 Cum
1262 2672 1368 2732 armis

197 2777 458 2857 obtinuerimus,
479 2797 563 2862 quae
586 2776 640 2841 len
665 2777 864 2862 acquirendi
877 2778 1070 2862 justissima
1090 2792 1146 2842 est.
1172 2778 1368 2845 Inoratione

198 2887 341 2956 Fabricii
363 2889 389 2968 ⁸,
412 2892 505 2972 ἐκείνη
526 2892 580 2972 μέν
596 2916 634 2969 γε
656 2901 694 2972 τῇ
716 2894 814 2968 κτήσει
835 2893 885 2958 καί
905 2894 938 2958 τὸ
958 2889 1023 2971 μεθ’
1051 2895 1138 2966 ’δονῆς
1154 2894 1290 2958 ποιεῖσθαι
1312 2896 1368 2967 τοὶς

195 3004 375 3075 ἀπολαύσεις
405 3005 472 3084 πρὸς
490 3006 530 3085 τῷ
552 3007 648 3074 καλῶς
670 3002 720 3068 καί
741 3005 854 3076 δικαίοις
875 3005 961 3069 τόσον
982 2999 1031 3078 sim
1054 3001 1095 3065 In
1116 2999 1180 3065 illa
1204 3005 1287 3066 enim
1312 3023 1368 3066 oc-

197 3113 377 3196 quisitione
412 3111 471 3194 (de
504 3109 621 3176 bellica
653 3129 758 3176 senno
792 3112 859 3194 est)
890 3133 962 3176 eum
977 3112 1111 3197 justum
1135 3112 1368 3198 honestumque

195 3227 334 3303 inerat,
366 3236 437 3289 tum
469 3242 546 3290 nero
580 3221 808 3288 delectationis
836 3220 1035 3308 plurimum.
1080 3223 1212 3309 Quodsi
1244 3245 1302 3307 pet
1333 3244 1367 3292 se

196 3333 361 3417 possessio
394 3333 456 3399 ista
488 3349 639 3416 suspecta
671 3353 741 3400 esse
771 3352 837 3399 non
869 3348 1001 3416 potest,
1035 3349 1133 3401 restat
1164 3352 1202 3402 ut
1230 3357 1270 3402 ex
1293 3352 1370 3419 post

195 3445 284 3512 facto
305 3444 432 3527 aliquid
455 3459 643 3525 metuatur,
668 3459 770 3528 puta,
795 3446 822 3512 si
845 3446 976 3527 quando
999 3467 1050 3512 tes
1070 3446 1132 3512 ista
1154 3448 1188 3512 in
1206 3446 1367 3531 judicium

194 3556 316 3623 veniat.
341 3557 406 3623 Sed
424 3556 569 3641 judicem
591 3556 712 3640 fingere
732 3571 863 3640 oportet
883 3571 941 3622 aut
961 3557 1169 3640 Hispanum,
1192 3559 1367 3624 eutalium

199 3669 392 3751 quemlibet.
439 3668 583 3734 Pessime
605 3687 682 3733 sane
715 3669 754 3734 de
777 3668 880 3751 patria
904 3683 1093 3750 speraturus
1116 3669 1181 3750 sit,
1205 3669 1263 3752 qui
1285 3670 1369 3736 illud

196 3779 266 3848 fore
301 3781 470 3862 crederet,
506 3794 544 3846 ut
578 3779 735 3862 Hispanis
768 3779 957 3845 sedentibus
989 3780 1085 3846 etiam
1119 3781 1158 3846 de
1185 3781 1367 3864 praeteritis

195 3892 383 3958 actionibus
415 3893 528 3960 Batavi
561 3913 689 3958 causam
719 3892 828 3974 dicere
852 3891 1010 3958 debeant:
1036 3892 1127 3974 quod
1149 3892 1178 3959 si
1199 3893 1269 3958 fieri
1291 3914 1368 3976 pos-

197 4020 247 4071 set
279 4004 385 4088 (absit
408 4020 473 4072 tam
497 4005 603 4072 dirum
627 4005 768 4089 omen),
793 4023 859 4070 non
881 4003 943 4069 ista
965 4004 1125 4070 duntaxat
1146 4005 1286 4088 praeda,
1311 4006 1368 4072 sed

197 4133 309 4181 omnes
327 4128 496 4197 quotquot
512 4130 589 4181 sunt
604 4115 718 4183 Batavi
731 4136 805 4181 cum
818 4116 913 4182 bonis
926 4114 995 4182 suis
1007 4115 1175 4198 perierint.
1199 4117 1366 4183 Nimirum

346 4226 459 4291 Nulla
483 4248 600 4291 manus
623 4227 702 4293 belli
725 4239 854 4292 mutato
868 4227 986 4312 judice
1003 4241 1096 4313 pura
1120 4241 1167 4292 est
1190 4230 1212 4292 ⁴.

198 4343 393 4353 .--..---ι

231 4385 239 4417 ¹
259 4387 304 4434 lib.
329 4390 352 4434 8.
371 4388 409 4448 [p.
426 4389 485 4448 488.
503 4401 543 4436 vs.
562 4389 614 4450 οη]
651 4385 705 4438 ²in
722 4389 810 4449 fragm.
830 4388 869 4451 [p.
885 4401 944 4449 741.
963 4402 1002 4438 vs.
1021 4386 1055 4450 2.]
1093 4385 1104 4420 ³
1122 4388 1183 4437 ibid.
1201 4389 1239 4449 [p.
1254 4393 1311 4451 748.
1328 4406 1365 4441 vs.

196 4477 233 4539 4.]
269 4476 280 4508 ⁴
314 4479 376 4526 Luc.
394 4478 439 4526 lib.
455 4492 478 4536 7.
498 4479 594 4540 [Phars.
613 4494 651 4529 vs.
671 4479 740 4540 σόη]
