3362 5504
444 622 491 667 DE
514 622 608 686 JURE
634 622 820 668 nunnus.
845 621 925 667 CAP.
950 622 1027 666 xlv.
1258 621 1317 683 301

145 777 264 843 virtuti
299 790 480 861 repugnat,
523 797 583 842 seu
617 777 694 859 quia
729 777 770 841 de
800 775 931 861 justitia
964 791 1053 841 recte
1081 796 1098 842 a
1123 775 1322 841 veteribus¹

147 888 271 955 dictum
295 888 400 954 estin
424 909 461 954 ea
483 887 626 955 virtutes
648 903 794 954 caeteras
817 886 1065 970 comprehendi.
1111 888 1237 953 Verum
1259 888 1323 954 hoc

147 1001 280 1083 quidem
314 1000 402 1083 apud
432 999 583 1065 homines
613 999 781 1066 communi
814 1019 912 1065 sensu
941 1013 1073 1064 utentes
1095 999 1322 1082 probationem

147 1115 270 1179 nullam
294 1112 455 1195 requirit,
479 1132 555 1178 curn
565 1113 631 1196 jam
644 1113 723 1177 olim
736 1112 824 1195 apud
835 1111 1004 1176 Platonem
1016 1113 1027 1147 ²
1039 1131 1122 1194 puer
1134 1110 1324 1178 Alcibiades

148 1246 165 1290 a
201 1225 335 1290 Socrate
368 1245 427 1307 per
459 1226 624 1290 naturales
657 1223 836 1289 instinctus
870 1223 913 1289 ad
946 1221 1187 1288 confessionem
1221 1224 1323 1307 hujus

149 1336 374 1402 conclusionis
406 1335 567 1401 adductus
601 1336 667 1416 sit,
701 1356 757 1402 eos
789 1335 848 1418 qui
876 1335 964 1419 justa
992 1334 1118 1401 faciunt
1140 1335 1323 1401 necessario

150 1449 245 1514 etiam
279 1449 418 1514 honesta
449 1447 572 1526 facere,
607 1448 761 1530 idemque
783 1446 930 1512 omnium
953 1447 1139 1512 mortalium
1162 1467 1324 1513 consensu

114 1583 121 1594 ’
149 1576 305 1627 testatum
317 1559 800 1643 philosophi’perscripserint
825 1558 928 1644 Quod
940 1574 978 1624 ut
988 1561 1090 1642 probe
1103 1558 1325 1643 intelligatur,

151 1671 321 1738 sciendum
345 1687 394 1737 est
414 1673 541 1758 justum
565 1691 627 1737 nos
648 1691 715 1737 non
735 1671 820 1736 illud
838 1670 968 1750 dicere,
991 1672 1084 1753 quod
1101 1670 1215 1753 aliquo
1234 1670 1326 1736 civili

149 1785 222 1868 jure
245 1783 469 1865 permittitur,
488 1799 544 1848 aut
562 1782 698 1866 potius,
723 1783 778 1848 cui
798 1784 888 1867 leges
898 1779 1118 1849 connivent*:
1137 1784 1229 1865 quod
1239 1782 1324 1848 enim

152 1895 197 1961 sic
222 1895 356 1978 impune
379 1894 486 1962 fertur
505 1910 605 1978 atque
618 1895 699 1960 adeo
712 1894 812 1960 licere
823 1893 967 1974 dicitur,
991 1915 1065 1959 cunr
1079 1915 1190 1961 revera
1199 1895 1325 1980 justum

150 2006 296 2088 nonsit,
319 2027 359 2072 ne
372 2009 546 2074 honestum
565 2006 697 2090 quidem
712 2021 784 2088 est,
808 2021 846 2071 ut
855 2006 1087 2092 jurisconsulti
1098 2012 1110 2047 ⁵
1119 2007 1325 2090 praedicant:

153 2119 210 2185 sed
233 2121 273 2185 de
296 2140 335 2185 eo
358 2139 420 2185 nos
441 2120 554 2202 loqui,
578 2119 670 2202 quod
687 2118 884 2185 immutabili
906 2121 979 2203 lege
1003 2133 1136 2184 naturae
1159 2119 1326 2184 decretum

152 2248 252 2314 atque
283 2232 499 2298 constitutum
532 2247 593 2298 est.
640 2232 679 2296 Id
711 2231 796 2297 enim
828 2232 1004 2297 honestum
1036 2245 1086 2296 est
1120 2231 1326 2312 necessari0,

153 2345 233 2409 adeo
266 2344 398 2426 quidem
432 2359 470 2409 ut
503 2343 607 2410 Stoici
639 2358 672 2408 et
703 2343 853 2426 plerique
887 2343 1161 2426 philosophorum
1195 2343 1326 2409 honesti

152 2455 294 2539 speciem
326 2455 507 2520 notabilius
529 2476 564 2520 se
588 2455 769 2539 exprimere
800 2456 890 2522 haud
923 2475 1021 2538 posse
1044 2455 1326 2535 existimaverint,

153 2589 251 2651 quam
276 2567 303 2633 si
316 2567 349 2632 in
363 2588 402 2633 eo
415 2567 594 2634 consistere
607 2567 774 2647 dicerent,
799 2566 892 2649 quod
904 2587 920 2632 a
933 2582 1049 2633 natura
1061 2567 1295 2650 praescribitur
1303 2567 1327 2632 ⁸.

152 2681 251 2746 Unde
283 2695 315 2744 et
346 2695 496 2746 auctores
527 2680 676 2763 plerique
709 2678 840 2747 honesti
873 2679 1005 2744 nomine
1035 2681 1090 2763 jus
1124 2698 1190 2744 non
1214 2679 1327 2758 aliud,

152 2813 251 2874 quarn
275 2792 359 2857 illud
382 2792 528 2858 omnium
552 2811 725 2858 commune
748 2771 959 2875 intelligunt:
982 2811 1050 2871 quo
1072 2790 1215 2873 pertinet
1237 2789 1330 2872 quod

152 2924 170 2970 a
193 2903 586 2987 sapientibus⁷traditum
611 2919 680 2984 est,
706 2923 774 2969 eam
798 2921 868 2967 esse
891 2901 958 2969 vim
978 2901 1132 2984 honesti,
1157 2916 1194 2968 ut
1211 2916 1328 2984 sponte

154 3036 190 3081 ac
213 3035 270 3099 per
293 3036 328 3081 se
352 3031 384 3081 et
407 3015 502 3098 quasi
524 3016 716 3081 naturaliter
740 3028 920 3098 expetatur.
945 3014 1056 3101 Quare
1068 3034 1143 3079 cum
1155 3015 1327 3097 probatum

155 3128 198 3195 sit
227 3128 283 3212 jus
316 3143 354 3193 ut
374 3127 473 3208 belli,
495 3127 539 3193 ita
568 3128 704 3210 praedae
729 3147 768 3193 ex
792 3126 933 3192 naturali
957 3126 1115 3192 instinctu
1138 3124 1328 3208 proficisci,

156 3239 216 3322 qui
245 3239 353 3306 Deum
387 3240 494 3322 ipsum
526 3240 645 3306 habeat
676 3254 867 3320 auctorem,
897 3236 1040 3320 factique
1063 3237 1160 3304 istius
1181 3237 1329 3319 aequitas

154 3374 193 3418 ex
220 3351 304 3437 juris
337 3366 471 3418 naturae
506 3352 721 3438 gentiumque
755 3351 927 3436 principiis
962 3353 1147 3431 elucescat,
1182 3349 1329 3432 profecto

155 3465 252 3549 cujus
283 3484 480 3546 quemquam
512 3465 634 3546 pudere
666 3464 782 3530 debeat
822 3464 906 3529 nihil
938 3463 991 3528 hic
1023 3463 1200 3530 invenitur.
1255 3462 1328 3546 Ego
1342 3490 1464 3536 praa...

154 3597 233 3644 vero
255 3595 323 3642 non
343 3576 442 3642 modo
460 3596 526 3643 non
549 3574 779 3656 inhonestam,
800 3575 858 3641 sed
878 3590 909 3641 et
929 3594 1132 3658 summopere
1155 3574 1327 3660 gloriosam
1342 3543 1375 3590 Π·

156 3708 228 3756 esse
251 3687 345 3754 istam
368 3707 474 3754 rerum
496 3687 668 3754 hostilium
698 3704 729 3754 et
753 3703 918 3772 capturam
939 3703 972 3754 et
989 3687 1230 3770 possessionem
1254 3705 1327 3750 cunr

156 3800 278 3883 quovis
301 3801 505 3867 contendam.
529 3800 618 3865 Nam
642 3800 700 3882 qui
724 3801 764 3866 de
788 3801 927 3866 honesto
940 3798 1072 3884 proprie
1083 3798 1327 3882 scripserunt⁸‚

191 4039 297 4090 ιΑιὶιι.
323 4041 354 4088 de
377 4040 469 4088 morib.
494 4040 540 4087 lib.
566 4051 588 4095 5.
604 4053 627 4088 c.
651 4052 674 4097 ³·
692 4052 724 4087 ex
740 4039 822 4089 veteri
841 4051 927 4099 poeta.
946 4035 983 4102 [p.
1002 4051 1073 4099 1129.
1090 4039 1115 4087 b.
1131 4051 1169 4086 vs.
1185 4037 1238 4100 ao]
1274 4034 1328 4084 ⁹in

157 4131 216 4181 dial.
235 4131 378 4181 Alcibiade.
412 4129 423 4163 ³
441 4131 520 4180 Arist.
539 4132 614 4179 Rhet.
632 4132 657 4180 d.
674 4133 744 4179 loco.
765 4129 802 4194 [p.
824 4131 897 4188 1367.
916 4143 937 4177 a.
956 4143 994 4178 vs.
1016 4129 1067 4192 19.]
1103 4128 1114 4160 ⁴
1133 4128 1188 4176 Cic.
1198 4128 1274 4177 Tusc.
1283 4128 1329 4176 lib.

158 4235 181 4278 5.
215 4222 226 4254 ⁵
244 4226 262 4271 l.
281 4237 333 4271 non
350 4236 424 4271 omne
440 4223 597 4283 quodlicet.
613 4223 640 4271 ff.
658 4225 689 4272 de
708 4224 740 4270 R.
757 4225 777 4270 l.
797 4223 841 4284 [D.
859 4233 952 4278 50.17.
973 4220 1040 4282 144.]
1061 4219 1117 4267 Cic.
1130 4232 1177 4279 pro
1194 4220 1222 4266 L.
1232 4220 1328 4267 Corne·

157 4313 193 4362 lio
213 4314 301 4362 Balbo.
335 4311 346 4345 ⁶
365 4313 420 4363 Cic.
443 4315 524 4362 Acad.
547 4313 593 4361 lib.
618 4328 640 4362 ι.
665 4316 741 4362 etde
765 4316 829 4375 legg.
851 4313 895 4360 lib.
923 4326 944 4360 1.
964 4311 998 4375 [c.
1015 4311 1069 4374 46.]
1089 4322 1114 4359 et
1133 4312 1164 4359 de
1181 4309 1224 4358 off.
1241 4310 1287 4358 lib.
1309 4325 1329 4358 1.

159 4405 195 4467 [c.
220 4405 270 4466 ι4.]
307 4403 413 4454 ⁷Arist.
428 4406 504 4453 Rhet.
528 4406 552 4453 d.
567 4407 634 4452 loco.
657 4405 695 4467 [p.
713 4406 784 4462 1366.
805 4419 826 4452 a.
843 4419 880 4453 vs.
901 4403 953 4465 34]
974 4404 1031 4452 Cic.
1047 4404 1078 4451 de
1099 4401 1170 4451 finib.
1185 4402 1231 4450 lib.
1250 4414 1273 4458 3.
1293 4401 1329 4465 [c.

161 4510 200 4544 11.
219 4499 240 4554 5.
259 4495 311 4561 sd]
348 4496 359 4528 ⁸
377 4497 458 4546 Arist.
475 4498 499 4545 d.
514 4499 584 4547 loco.
602 4495 640 4559 [p.
660 4497 731 4554 1366.
746 4497 771 4544 b.
790 4511 828 4546 vs.
844 4494 878 4558 3·]
