3362 5504
487 605 533 652 on
558 605 651 673 Junn
677 605 862 653 rannone.
887 607 966 653 cnr.
992 607 1071 653 rur.
1303 595 1364 670 283

192 773 264 824 tuta
281 773 331 824 est
350 760 562 825 conscientia.
610 760 767 828 Omittam
784 760 991 828 notissimum
1010 760 1147 827 Davidis
1164 763 1366 843 exemplum,

192 870 250 953 qui
274 886 388 937 contra
412 873 541 938 Saiilem
565 893 599 939 se
619 871 762 939 defendit
786 888 818 939 et
841 874 974 938 Lobnae
996 873 1164 954 civitatis,
1200 893 1284 955 quae
1307 874 1367 958 Jo-

191 982 271 1046 rami
292 1002 326 1049 se
346 1002 447 1066 reguo
468 981 627 1050 subduxit
639 987 661 1049 ¹.
695 985 747 1048 De
769 985 959 1050 Abrahamo
981 984 1063 1065 quid
1087 984 1223 1050 dicent?
1258 985 1365 1068 Aper-

190 1093 316 1160 tissime
336 1107 475 1160 testatur
496 1094 608 1159 divina
629 1094 766 1160 historia
785 1115 920 1180 regnum
946 1095 1108 1162 Sodomae
1133 1110 1164 1161 et
1182 1095 1365 1162 vicinarum

192 1205 345 1285 urbium,
378 1225 453 1270 cum
476 1205 648 1270 duodecim
669 1225 727 1289 per
751 1225 852 1272 annos
875 1209 937 1274 sub
961 1207 1085 1274 ditione
1105 1206 1247 1273 fuissent
1276 1208 1366 1289 (Πιο-Ι

191 1316 368 1383 dorlomari
399 1317 623 1383 Elamitarum'
646 1317 755 1401 regis,
784 1319 824 1382 ab
848 1318 995 1402 ejusdem
1024 1319 1162 1402 imperio
1187 1317 1366 1398 defecisse,

192 1448 277 1510 quae
301 1447 399 1494 causa
422 1429 584 1494 Elamitae
607 1428 761 1494 movendi
791 1429 825 1494 in
857 1430 1031 1495 Sodomam
1053 1428 1129 1495 suit.
1176 1430 1238 1496 Vir
1266 1429 1368 1515 igitur

191 1539 420 1606 sanctissimus
441 1540 619 1606 rebellibus
639 1559 733 1622 opem
753 1541 857 1621 tulit,
889 1559 997 1625 regem
1025 1541 1177 1607 subditos
1197 1561 1277 1608 suos
1294 1543 1367 1626 jure

192 1653 382 1734 punientem
414 1651 587 1734 impediit,
620 1650 649 1716 ei
681 1670 716 1718 se
749 1651 893 1733 denique
927 1653 1014 1726 bello
1042 1651 1243 1734 immiscuit,
1276 1653 1369 1735 quod

192 1765 282 1828 nulla
303 1781 400 1830 causa
421 1762 550 1829 defendi
572 1763 728 1846 poterat?
775 1761 832 1828 An
856 1763 940 1828 illud
961 1763 1110 1829 Thomae
1134 1761 1145 1798 ¹
1165 1763 1276 1830 verius
1295 1777 1365 1844 est,

192 1895 268 1939 cum
301 1875 450 1958 tyrannis
478 1895 544 1940 non
571 1875 616 1942 sit
642 1876 768 1959 justum
792 1873 958 1960 regimen,
981 1874 1105 1957 quippe
1127 1875 1219 1956 quod
1239 1875 1281 1940 ad
1300 1875 1366 1958 pri-

193 1998 304 2050 vatum
327 2003 394 2050 non
415 1986 455 2051 ad
478 1986 647 2069 publicum
667 1988 791 2052 bonum
812 1985 1005 2067 ordinetur,
1027 1987 1098 2071 eius
1124 1985 1366 2068 perturbatores

194 2094 275 2162 falso
298 2095 469 2163 seditionis
500 2095 707 2163 insimulari?
738 2096 841 2181 magis
874 2096 959 2162 enim
991 2111 1163 2181 tyrannum
1187 2115 1258 2162 esse
1280 2096 1366 2163 sedi-

193 2206 340 2289 tiosum,
363 2207 475 2289 quiin
502 2211 627 2291 populo
656 2207 719 2273 sibi
749 2208 900 2291 subjecto
924 2205 1106 2273 discordias
1128 2223 1160 2273 et
1188 2208 1366 2274 seditiones

193 2319 315 2399 nutrit,
338 2334 376 2384 ιιι
395 2319 502 2385 tutius
524 2319 683 2385 dominari
702 2319 830 2402 possit?
866 2319 1012 2403 Tyranni
1037 2334 1145 2384 autem
1168 2339 1285 2385 nomen
1299 2339 1365 2386 non

194 2429 259 2497 illis
277 2445 404 2495 tantum
425 2431 623 2512 convenire,
654 2430 712 2512 qui
736 2431 907 2513 imperium
929 2431 991 2496 sibi
1014 2431 1197 2496 indebitum
1221 2431 1365 2513 pervim

193 2556 372 2624 usurpant,
397 2543 454 2606 sed
470 2555 502 2607 et
514 2541 573 2623 qui
585 2541 732 2626 legitimo
745 2541 882 2625 imperio
894 2562 951 2625 per
971 2542 1038 2607 vim
1057 2542 1260 2609 abutuntur⁸
1273 2589 1286 2624 ,
1301 2544 1365 2608 hoc

194 2668 243 2719 est
254 2652 313 2718 ubi
325 2653 443 2718 vitium
455 2668 504 2719 est
515 2673 582 2718 non
595 2673 634 2718 ex
646 2668 736 2736 parte
754 2653 863 2733 tituli,
876 2653 933 2720 sed
952 2673 991 2718 ex
1008 2669 1097 2736 parte
1110 2654 1277 2734 exercitii,
1290 2675 1365 2737 pro-

194 2764 329 2829 batione
341 2784 408 2829 non
419 2763 556 2849 indiget.
584 2764 833 2830 Panormitanus
846 2764 942 2829 etiam
956 2765 995 2830 de
1007 2766 1093 2847 Papa
1116 2781 1148 2830 et
1167 2765 1365 2848 Imperatore

193 2874 315 2955 tradit,
348 2895 413 2941 non
428 2896 466 2941 eo
480 2875 552 2958 ipso
565 2876 657 2958 quod
676 2877 797 2940 bellum
810 2874 935 2940 faciunt
946 2892 965 2956 ,⁰
982 2876 1077 2941 etiam
1102 2875 1311 2942 inferioribus
1331 2875 1365 2940 id

193 2988 317 3053 bellum
336 2987 462 3071 justum
482 2987 611 3067 videri,
636 3008 709 3052 cum
723 3002 755 3052 et
767 2987 830 3070 ipsi
843 3007 976 3070 peccare
988 2987 1139 3070 possint,
1163 2988 1221 3053 sed
1241 2985 1365 3069 requiri

193 3113 232 3163 ut
254 3117 352 3163 causa
375 3098 481 3164 subsit
500 3095 522 3164 ⁴.
568 3099 688 3180 Neque
719 3117 795 3182 ergo
829 3097 976 3163 dicemus
997 3113 1119 3164 temere
1150 3098 1363 3182 rejiciendum

188 3209 357 3293 ,Principis
380 3209 550 3292 imperium
572 3224 629 3274 aut
648 3224 767 3274 tantam
792 3209 832 3274 ad
849 3229 914 3275 rem
934 3209 1068 3290 quasvis
1087 3208 1221 3293 iniurias
1239 3209 1364 3274 suffice-

194 3321 322 3387 re2sed
333 3336 365 3386 et
377 3339 512 3400 omnes,
526 3320 585 3402 qui
606 3320 641 3386 id
663 3340 808 3402 unquam
829 3318 999 3402 fecerunt,
1021 3319 1209 3386 rebellionis
1230 3319 1365 3386 crimine

194 3432 357 3517 obstringi
389 3445 576 3497 constanter
606 3420 790 3515 negandum
822 3445 880 3496 est.
936 3433 1021 3497 Sunt
1049 3431 1134 3497 enim
1158 3431 1365 3514 exceptiones
1376 3474 1446 3523 Nova
1460 3475 1497 3520 ἡ,

194 3542 346 3624 aliquot,
380 3562 517 3624 quarum
540 3542 595 3608 hic
619 3543 700 3608 duas
730 3543 957 3626 proponimus.
1003 3542 1097 3607 Prior
1128 3541 1189 3607 sit:
1235 3530 1486 3626 tempu-‘'⁰'‘''f0’

194 3656 312 3720 blicam
337 3653 547 3734 universam,
582 3654 709 3719 etiamsi
732 3667 845 3736 posset
868 3655 979 3735 aliquo
1002 3654 1100 3719 modo
1124 3653 1158 3719 in
1180 3652 1364 3737 Principem

193 3785 350 3849 peccare,
381 3766 534 3830 rebellem
567 3780 673 3830 tamen
707 3765 771 3830 dici
789 3759 870 3830 'non
903 3785 999 3848 posse
1019 3771 1041 3829 ⁶.
1087 3763 1243 3847 Princeps
1279 3766 1364 3831 enim

195 3893 245 3944 est
276 3897 334 3959 per
367 3891 399 3941 et
429 3891 562 3959 propter
593 3877 848 3958 rempublicam,
881 3894 948 3942 non
989 3875 1174 3958 respublica
1213 3897 1271 3959 per
1310 3892 1366 3942 aut

194 4002 329 4071 propter
359 3987 541 4070 Principem
570 3982 594 4052 ⁸.
644 3985 689 4051 Et
720 3986 794 4052 ideo
826 3985 1016 4054 rebellionis
1049 3988 1265 4068 damnantur,
1306 3987 1364 4070 qui

229 4208 237 4240 ¹
257 4213 320 4258 Sam.
338 4209 384 4256 lib.
403 4224 424 4257 r.
442 4223 488 4270 per
502 4221 594 4257 totum.
613 4210 708 4256 Chron.
724 4222 746 4256 2.
760 4222 783 4257 c.
802 4222 842 4256 21.
858 4209 920 4257 Gen.
940 4222 978 4270 14.
1002 4206 1013 4239 ¹
1031 4212 1128 4256 Summa
1142 4223 1164 4256 2.
1181 4223 1204 4256 2.
1220 4223 1261 4270 42.
1279 4221 1324 4257 art.
1340 4224 1364 4258 a.

196 4303 228 4350 ad
246 4301 358 4350 tertium.
391 4299 486 4348 8Βιιιι.
510 4300 536 4348 in
549 4311 622 4348 tract.
641 4302 672 4349 de
690 4311 739 4359 tyr.
758 4313 783 4347 n.
802 4312 841 4357 27.
875 4298 886 4334 ⁴
905 4300 931 4348 in
951 4314 974 4347 c.
987 4300 1058 4347 olim.
1073 4301 1103 4348 de
1118 4311 1178 4348 rest.
1195 4302 1262 4360 spol.
1276 4301 1364 4361 [Decr.

195 4393 265 4440 Grat.
283 4405 309 4451 p.
328 4404 351 4440 a.
370 4405 393 4439 2.
411 4403 450 4448 13.
471 4391 523 4453 12.]
544 4390 603 4439 silv.
620 4391 646 4439 in
662 4406 688 4440 v.
705 4392 811 4439 Bellum.
831 4404 852 4439 ι.
867 4405 893 4439 ιι.
908 4405 932 4451 4.
966 4390 1025 4438 ⁶V.
1039 4391 1114 4450 Vasq.
1129 4404 1152 4439 c.
1167 4394 1207 4439 θα.
1220 4405 1246 4438 n.
1259 4392 1283 4439 6.
1300 4402 1325 4439 et
1340 4406 1364 4453 9.

193 4481 298 4542 “Vasq
316 4495 338 4529 c.
360 4494 380 4529 1.
396 4496 421 4530 n.
441 4495 479 4530 10.
751 4461 753 4466 Ι
