3310 5482
323 618 362 672 ³12
634 626 681 674 ult
705 625 799 694 JURE
826 624 1011 673 PRABDAE·
1037 623 1116 671 CAP.
1140 623 1180 670 11.

320 780 468 863 cipium,
504 779 562 864 qui
586 780 704 847 mentis
726 801 804 848 suae
827 779 999 866 imaginem
1033 777 1158 846 homini
1192 775 1378 860 impressit,
1402 773 1494 857 quod

320 892 509 976 Epicharmi
529 913 626 959 versu
648 899 657 932 ¹
681 907 836 960 notatur:

446 1007 506 1075 ὅδὲ
529 1031 566 1086 γε
584 1008 745 1089 τάνθρώπου
766 1007 852 1086 λόγος
883 1006 993 1091 πέφυκ’
1010 1007 1070 1072 sini
1090 1011 1140 1071 τοῦ
1160 1005 1230 1071 θείου
1249 1003 1348 1082 λόγου.
1450 1026 1453 1030 ·

449 1115 544 1180 Nom
567 1113 634 1180 Dei
657 1136 677 1179 ο
701 1119 834 1181 ratione
856 1119 947 1180 rats'o
970 1117 1125 1178 nuscitur
1148 1112 1353 1178 mortalium.

361 1225 424 1293 Est
456 1225 589 1308 quidem
624 1226 684 1292 ista
716 1225 799 1292 ratio
832 1241 945 1293 nostro
967 1225 1050 1292 vitio
1075 1224 1265 1290 obnubilata
1287 1222 1492 1307 plurimum,

316 1357 383 1404 non
406 1336 451 1404 ita
475 1352 603 1419 tamen,
637 1337 718 1420 quin
742 1337 918 1421 conspicua
941 1351 1064 1404 restent
1086 1337 1207 1403 semina
1230 1336 1360 1402 divinae
1382 1335 1492 1417 lucis,

319 1470 405 1531 quae
428 1449 461 1514 in
486 1469 646 1516 consensu
667 1449 812 1536 gentium
831 1450 968 1516 maxime
992 1464 1158 1533 apparent.
1206 1449 1292 1514 Cum
1316 1448 1401 1514 enirn
1425 1467 1493 1512 rna-

316 1563 385 1627 lum
405 1559 593 1644 falsumque
624 1561 668 1626 sit
690 1575 806 1627 natura
829 1561 881 1628 sui
902 1561 1145 1648 quodammodo
1168 1559 1334 1628 infinitum
1358 1561 1370 1596 ¹
1393 1573 1492 1641 atque

316 1671 450 1756 insuper
483 1672 546 1739 sibi
569 1693 777 1758 repugnans,
811 1674 984 1740 concordia
1005 1673 1199 1740 universalis
1222 1672 1285 1737 nisi
1308 1672 1349 1738 ad
1368 1671 1492 1738 bonum

316 1799 348 1848 et
368 1804 484 1850 verum
507 1805 666 1852 essenon
689 1799 807 1869 potest.
865 1785 994 1852 Placuit
1011 1800 1120 1851 autem
1143 1785 1309 1869 plerisque
1332 1786 1422 1850 hunc
1442 1784 1492 1868 ip-

180 1883 301 1997 J'anigff'·
315 1915 387 1962 sum
420 1916 615 1963 consensum
645 1897 701 1982 jus
734 1911 868 1964 naturae
895 1897 1146 1974 secundarium,
1179 1917 1237 1964 seu
1258 1897 1314 1982 jus
1346 1896 1490 1982 gentium

315 2008 505 2090 primarium
536 2010 715 2092 appellare:
748 2010 843 2094 quus
875 2011 977 2094 legem
1013 2009 1130 2076 Cicero
1163 2007 1282 2074 ⁸nihil
1306 2006 1396 2074 aliud
1422 2027 1493 2073 esse

317 2119 384 2203 ait,
420 2120 483 2187 nisi
516 2134 642 2186 rectum
676 2136 707 2186 et
739 2143 761 2185 n
794 2125 926 2186 numine
959 2120 1107 2186 Deorum
1129 2135 1278 2186 tructam
1300 2123 1489 2200 rationem,

318 2231 376 2315 qui
401 2247 433 2298 et
453 2232 551 2298 alibi:
577 2235 664 2297 omni
685 2235 721 2297 in
743 2254 779 2298 re
799 2237 962 2298 consensio
984 2237 1126 2298 omnium
1146 2236 1296 2319 gentium
1321 2232 1375 2297 lex
1392 2246 1494 2297 notu-

317 2365 378 2410 roe
394 2343 552 2431 putanda
577 2358 634 2409 est.
680 2342 777 2411 Vidit
798 2346 861 2410 hoc
885 2344 1120 2427 Heraclitum,
1145 2345 1204 2426 qui
1226 2364 1300 2410 cum
1323 2344 1408 2412 duos
1433 2365 1493 2428 po-

316 2470 407 2521 neret
425 2458 550 2536 niueos,
572 2460 621 2525 τὸν
643 2459 722 2538 §onio
740 2461 789 2525 noi
813 2461 860 2526 τὸν
881 2461 967 2537 ἴδιον,
991 2477 1188 2522 communem
1212 2455 1337 2522 scilicet
1354 2461 1493 2544 propri-

319 2587 437 2651 amque
458 2569 647 2649 ruto'onem,
676 2568 745 2634 sive
766 2589 913 2648 sensum,
949 2569 1042 2635 illum
1071 2588 1140 2634 esse
1165 2569 1239 2634 vult
1269 2567 1413 2634 veritatis
1434 2598 1492 2654 κρι-

317 2682 407 2762 anoton
441 2691 474 2742 θῒ
505 2677 598 2759 quasi
620 2679 793 2764 judicem,
826 2685 867 2750 roi
888 2685 947 2766 γὰρ
978 2692 1053 2765 κοινῇ
1075 2681 1239 2767 Φοιοθμεοοο
1269 2682 1388 2760 neerei,
1417 2677 1492 2762 fida

320 2790 406 2852 enim
439 2809 505 2854 esse
535 2811 620 2876 quoe
640 2794 857 2856 communiter
876 2795 929 2856 itu
948 2790 1158 2860 uiderentur.
1207 2790 1335 2856 Deinde
1356 2790 1491 2876 adjicit,

316 2903 468 2988 τρέφονται
499 2903 609 2978 πάντες
638 2907 661 2972 οἱ
690 2906 847 2987 ἀνθρώπινοι
878 2907 954 2986 νόμοι
989 2907 1043 2971 ὑπὸ
1074 2905 1132 2978 iuis
1163 2910 1213 2972 τοῦ
1241 2905 1320 2972 θείου.
1386 2903 1491 2989 Leges

319 3012 514 3078 mortalium
547 3035 653 3078 omnes
686 3015 727 3078 ab
753 3036 821 3079 una
844 3012 961 3082 diuino
976 3013 1141 3098 ferentur
1161 3016 1185 3079 ³.
1240 3013 1286 3078 Et
1309 3014 1356 3080 sic
1378 3016 1493 3100 regula

163 3139 256 3200 regua
269 3139 304 3185 11.
317 3124 460 3189 secunda
493 3145 511 3190 a
542 3125 643 3209 priori
678 3125 862 3192 derivatur:
899 3123 994 3208 Quod
1022 3145 1192 3190 consensus
1220 3127 1385 3190 hominum
1409 3126 1493 3194 uelle

316 3248 449 3299 cunctos
470 3234 736 3322 significaverit,
761 3237 866 3322 iujos
901 3252 957 3303 est.
1007 3221 1151 3302 Maxime
1173 3252 1279 3303 autem
1301 3236 1334 3301 in
1356 3258 1395 3303 eo
1415 3257 1493 3304 con-

317 3345 479 3428 sentitur,
514 3347 617 3413 aliena
650 3346 746 3414 nobis
780 3349 949 3415 commoda
982 3349 1124 3416 curanda
1150 3369 1242 3429 esse,
1271 3349 1350 3431 quia
1369 3349 1404 3414 id
1424 3349 1492 3416 fere

318 3457 442 3522 homini
465 3459 636 3542 proprium
658 3475 723 3526 est:
748 3459 835 3526 unde
854 3461 994 3528 Senecae
1015 3457 1027 3492 ⁸
1050 3460 1209 3544 sapientia
1231 3461 1348 3525 bonum
1370 3461 1492 3528 dicitur

321 3583 352 3634 et
377 3590 471 3634 suum
493 3585 524 3635 et
547 3571 703 3638 alienum.
759 3571 847 3638 Hinc
869 3573 924 3640 illa
943 3572 1072 3658 justitia
1092 3571 1222 3656 proprie
1241 3571 1328 3639 dicta
1351 3573 1492 3657 incipit,

318 3701 414 3764 quam
432 3682 655 3749 Aristoteles⁷
679 3683 801 3766 aliique
821 3688 914 3748 circo
935 3684 1052 3748 bonum
1073 3683 1218 3748 uls'enum
1239 3686 1373 3751 uersari
1392 3686 1495 3752 tradi-

321 3921 517 3932 ——--——-

313 4067 1495 4156 '¹[mcmmmmsmmnsp7m]'mm.mmmauffimmtn

316 4195 340 4230 c.
359 4193 382 4237 5.
400 4179 436 4244 [p.
455 4182 526 4230 1106.
542 4196 565 4231 o.
583 4197 622 4232 vs.
639 4182 690 4248 29.]
709 4195 734 4232 et
750 4185 768 4232 1.
782 4197 806 4246 9.
819 4197 841 4231 c.
858 4196 883 4244 4.
902 4181 939 4246 [p.
960 4183 1030 4231 1166.
1050 4195 1071 4231 1.
1095 4195 1132 4231 vs.
1154 4181 1203 4245 13.]
1231 4192 1255 4229 et
1279 4181 1494 4247 c,6.[p.1167.

317 4285 341 4320 a.
359 4285 397 4321 vs.
410 4271 446 4336 4.]
468 4273 522 4322 cic.
539 4276 571 4323 de
588 4285 638 4322 nat.
653 4277 731 4324 Deor.
749 4277 766 4323 1.
785 4289 806 4323 1.
824 4276 914 4323 Thom.
932 4288 953 4323 1.
975 4287 998 4321 o.
1014 4287 1039 4333 q.
1051 4286 1091 4336 93.
1105 4284 1150 4321 art.
1167 4286 1190 4331 3.
1224 4271 1235 4305 ⁸
1254 4273 1318 4321 Phil.
1339 4287 1377 4322 11.
1398 4273 1434 4338 [c.
1455 4289 1494 4324 ta.

316 4362 1491 4431 §wffwminjmmww⁴mmmWMffiffimmmmbfflq

316 4453 376 4502 ⁶de
393 4455 441 4515 leg.
462 4457 479 4502 1.
506 4468 527 4503 1.
550 4455 585 4520 [c.
603 4457 656 4519 7.§
681 4470 721 4505 ne.
738 4453 787 4520 sq.]
824 4455 933 4516 6Ερίεῑ.
952 4455 992 4504 86.
1025 4451 1085 4505 ⁷de
1102 4467 1166 4503 mor.
1184 4457 1215 4505 ad
1230 4455 1333 4504 Nicom.
1352 4459 1369 4504 l.
1388 4469 1411 4513 5.
1429 4471 1452 4506 c.
1470 4471 1493 4516 3.

320 4545 358 4611 [p.
372 4558 444 4608 1129.
462 4560 485 4596 n.
500 4561 539 4597 vs.
558 4545 608 4618 rm]
