3310 5482
343 605 383 684 36
511 632 514 638 ·
644 617 690 663 ne
714 615 806 682 June
833 614 1017 661 pannosa.
1041 613 1124 662 cna.
1150 614 1205 662 111.

340 779 459 855 cinna,
475 770 607 856 inquit,
630 771 808 856 disciplina
827 773 935 834 omniu
955 768 1225 855 bellaculpurct,
1246 769 1424 854 hocpotius
1436 789 1512 832 con-

339 887 450 952 silinm
470 884 590 950 salutis
602 883 791 970 petentibus
808 885 844 946 in
863 882 1048 968 Evangelio
1066 880 1257 961 diceretur,
1273 894 1311 946 ut
1328 880 1512 967 abjiccrcnt

339 1020 437 1064 arma
459 1019 554 1083 scquc
577 997 720 1061 militine
742 997 869 1058 omnino
887 994 1132 1058 subtraherent.
1178 991 1318 1057 Dictum
1334 1005 1381 1056 cst
1400 1005 1523 1058 uutcm¹

339 1109 406 1171 cis:
438 1108 594 1170 neminem
620 1107 870 1170 concusseritis:
895 1117 993 1169 eston
1020 1107 1164 1169 contenti
1185 1103 1356 1188 stipendiis
1379 1107 1511 1172 uestris.

341 1215 466 1300 Quibus
479 1219 656 1303 proprium
667 1215 864 1302 stipendium
876 1217 1016 1302 sufficere
1026 1214 1139 1280 dcbcrc
1149 1219 1340 1300 praecepit,
1360 1214 1513 1279 militare

338 1332 454 1414 utiquc
480 1349 543 1392 non
568 1329 753 1413 prohibuit.
800 1327 845 1393 Et
869 1327 960 1410 quod
977 1326 1075 1393 modo
1094 1326 1303 1407 dicebamus,
1327 1345 1394 1392 non
1415 1345 1512 1409 posse
1651 1323 1652 1390 i

178 1429 324 1531 ffljssa'lf·
339 1439 368 1505 ei
387 1439 440 1505 cui
470 1437 544 1504 finis
570 1440 698 1522 placet,
723 1440 814 1521 quod
838 1439 878 1504 ad
896 1437 993 1504 finem
1012 1437 1228 1506 necessarium
1250 1453 1300 1504 est
1318 1436 1511 1520 displicere,

337 1570 403 1616 non
422 1551 529 1616 minus
557 1571 631 1616 cum
651 1551 842 1617 auctoritate
861 1572 957 1634 quam
976 1571 1050 1617 cum
1069 1550 1193 1616 ratione
1214 1549 1369 1635 conjungi
1389 1564 1510 1632 potest.
1651 1529 1652 1554 ¹

337 1662 461 1730 Omnes
491 1663 575 1729 enim
602 1665 709 1748 leges,
743 1683 826 1747 quae
844 1664 1002 1730 hactenus
1024 1661 1147 1747 positae
1166 1676 1269 1743 sunt,
1294 1661 1392 1728 sacris
1414 1660 1511 1728 etiam

335 1774 436 1841 literis
457 1774 630 1858 inscriptae
649 1773 865 1859 reperiuntur.
909 1775 996 1840 Nam
1015 1773 1074 1856 qui
1092 1772 1226 1858 diligere
1245 1793 1305 1838 nos
1324 1772 1511 1856 proximum

335 1887 420 1954 sicut
439 1901 567 1952 nosmet
587 1885 676 1970 ipsos
697 1887 791 1971 jubet
811 1886 844 1967 ²,
867 1907 981 1953 verum
1011 1885 1114 1976 nostri
1142 1906 1282 1951 amorem
1306 1885 1412 1968 primo
1435 1886 1511 1951 loco

334 1999 428 2082 ponit
443 2014 481 2064 ut
500 2001 697 2083 aporiamus,
723 2000 818 2084 cujus
835 2001 955 2074 ἔκτοπος
970 1997 1014 2063 sit
1029 2018 1119 2064 amor
1138 1996 1290 2078 alterius,
1313 1996 1370 2062 hic
1385 1996 1512 2063 scilicet
1537 2071 1540 2078 ,

328 2114 545 2197 primitivus,
569 2109 624 2174 ille
643 2111 835 2196 effiguratos
849 2107 870 2176 ².
895 2109 1177 2175 Huic'sententiae
1196 2108 1224 2176 si
1241 2123 1451 2192 praeceptum
1469 2109 1510 2174 de

333 2221 479 2289 dominio
497 2223 527 2301 ³,
545 2221 668 2303 quoda
686 2221 841 2287 Creatore
860 2220 1049 2287 hominibus
1076 2221 1185 2286 datum
1213 2234 1262 2285 est
1287 2220 1509 2305 adjungatur,

333 2333 418 2400 idem
445 2332 658 2414 habebimus,
694 2333 785 2416 quod
813 2333 846 2397 in
879 2335 948 2417 lege
974 2352 1040 2398 non
1062 2347 1187 2398 tantum
1212 2332 1314 2414 prima
1339 2346 1371 2397 et
1391 2330 1509 2412 tertia,
1651 2307 1652 2392 i

332 2465 446 2511 verum
475 2445 570 2510 etiam
596 2445 736 2511 secunda
769 2458 801 2509 et
820 2459 932 2526 quarta
954 2464 1141 2527 expressum
1166 2459 1223 2509 est.
1272 2444 1358 2509 Cum
1386 2463 1509 2510 veroa

331 2556 405 2621 Deo
432 2556 659 2621 admoneamur
691 2555 813 2638 eripere
845 2576 923 2638 eoS,
957 2557 1015 2638 qui
1043 2556 1084 2621 ad
1111 2554 1246 2620 exitium
1272 2556 1447 2622 trahuntur
1469 2563 1506 2635 ⁴,

331 2669 435 2734 multo
451 2667 552 2752 magis
570 2687 631 2733 nos
650 2665 738 2749 ipsos
758 2666 878 2750 eripere
896 2667 1069 2734 debemus:
1091 2681 1123 2733 et
1139 2666 1313 2733 subvenire
1332 2666 1506 2752 egentibus
1651 2697 1652 2748 ς

328 2779 482 2863 jubemur
496 2776 526 2842 ⁵:
553 2799 630 2864 ergo
656 2793 689 2844 et
717 2792 890 2864 egestatem
906 2799 924 2844 a
942 2778 1038 2846 nobis
1059 2780 1257 2861 propulsare.
1296 2778 1403 2862 Leges
1424 2799 1505 2844 vero

331 2889 446 2973 quinta
465 2905 497 2956 et
517 2906 607 2957 sexta
628 2889 699 2956 istis
718 2889 827 2958 verbis
853 2889 1080 2957 continentur:
1104 2890 1302 2955 Mcnsurum
1328 2903 1360 2954 ct
1377 2911 1507 2955 mensu·

331 3024 429 3082 rum,
452 3001 580 3088 pondus
607 3017 638 3067 ct
654 3001 782 3088 pondus
813 3001 881 3068 odit
909 3001 1072 3067 Dominus
1100 3001 1122 3066 ⁶.
1171 2998 1246 3083 Qua
1271 3021 1325 3069 uos
1348 3021 1506 3066 mensura

330 3119 431 3180 cncnsi
455 3115 534 3178 uliis
547 3113 710 3198 fueritis,
733 3112 842 3179 cadem
863 3114 951 3180 uobis
972 3115 1165 3178 rcmctictnr
1183 3112 1207 3180 ⁷.
1236 3114 1327 3186 Quuc
1344 3113 1407 3177 tibi
1423 3112 1507 3180 uelis
1651 3117 1652 3162 t

325 3224 422 3309 ficri,
440 3227 544 3291 ultcri
554 3225 678 3310 scccris
691 3228 724 3288 ⁸:
741 3243 825 3309 quac
842 3223 946 3303 nolis,
969 3246 1007 3288 nc
1019 3223 1143 3306 fcccris
1156 3229 1177 3290 ⁹.
1203 3224 1248 3290 Et
1265 3225 1320 3309 jus
1338 3243 1407 3289 esse
1427 3243 1506 3318 gen·

328 3336 410 3402 tium
437 3351 475 3402 ut
502 3337 583 3401 bene
608 3334 805 3406 facientibus
835 3336 915 3400 bene
941 3333 998 3400 fiat
1023 3335 1176 3400 Christus
1198 3335 1364 3417 ostendit,
1389 3335 1448 3416 qui
1472 3349 1507 3401 et

330 3447 438 3532 gladio
464 3446 617 3512 ferientes
646 3445 753 3530 gladio
783 3445 948 3511 feriendos
979 3445 1024 3511 ait
1051 3443 1093 3510 ¹⁰:
1118 3445 1209 3528 quod
1242 3445 1348 3529 ipsum
1375 3446 1409 3511 in
1434 3448 1507 3532 lege

327 3559 431 3625 veteri
456 3572 602 3641 eousque
627 3577 813 3640 expressum
837 3573 906 3637 est,
939 3571 976 3621 ut
1007 3556 1158 3623 destricte
1185 3557 1415 3640 prohibeamur
1444 3579 1508 3624 no·

328 3671 469 3737 centium
487 3670 734 3737 miserescere¹¹.
746 3667 864 3764 'Atqui
883 3688 976 3751 saepe
1000 3667 1118 3733 accidit
1139 3683 1177 3733 ut
1196 3687 1256 3734 nos
1276 3668 1366 3752 ipsos
1385 3689 1505 3752 resque

326 3797 452 3849 nostras
475 3781 661 3862 vindicare,
694 3780 839 3847 debitum
867 3794 1083 3862 extorquere,
1116 3800 1237 3862 poenas
1265 3801 1438 3864 reposcere
1462 3783 1507 3846 ob

327 3893 502 3961 adversarii
522 3892 701 3976 potentiam
720 3891 783 3957 nisi
800 3912 898 3956 manu
925 3905 1045 3955 armata
1070 3910 1136 3956 non
1156 3891 1330 3974 possimus.
1377 3892 1505 3959 Bellare

326 4007 426 4092 igitur
456 4005 542 4071 licet.
587 4003 695 4070 Etiam
724 4004 811 4088 leges
831 4017 971 4068 caeterae
994 4001 1027 4068 in
1050 4001 1148 4068 sacris
1167 4002 1287 4069 tabulis
1305 4001 1389 4069 fixae
1412 4025 1506 4088 repe-

1651 4445 1652 4488 s

330 4173 528 4186 ——t-—u-

360 4269 470 4318 ¹Levit.
497 4283 535 4331 19.
563 4269 601 4317 18.
626 4267 717 4314 Matth.
738 4279 775 4328 19.
797 4279 834 4327 19.
868 4262 963 4315 ²Scot.
983 4279 1022 4328 29.
1040 4264 1098 4314 dist,
1116 4276 1157 4321 ³1·
1175 4277 1199 4324 q.
1217 4263 1303 4312 unica.
1321 4278 1346 4313 et
1364 4265 1458 4314 Thom.
1478 4281 1503 4315 α.

327 4373 350 4409 a.
368 4375 392 4421 q.
412 4361 451 4408 26.
469 4371 514 4408 art.
532 4341 566 4422 4⁴
589 4355 600 4390 ³
619 4359 682 4406 Gen.
703 4371 723 4406 1.
742 4361 782 4407 28.
800 4369 825 4406 et
842 4372 882 4420 29.
915 4354 926 4388 ⁴
943 4359 1019 4406 Prov.
1038 4369 1077 4419 24.
1098 4369 1135 4404 11.
1170 4353 1181 4385 ⁶
1199 4353 1259 4402 Co'r.
1270 4368 1293 4403 2.
1304 4357 1327 4404 8.
1337 4366 1395 4404 toto
1406 4357 1506 4417 capite.

325 4454 389 4513 Eph.
415 4466 439 4515 4.
465 4453 504 4500 αθ.
538 4449 549 4482 ⁶
572 4452 649 4499 Prov.
676 4462 717 4498 20.
744 4463 782 4498 10.
815 4445 934 4496 ⁷Matth.
951 4460 974 4506 7·
993 4460 1015 4495 o.
1049 4447 1138 4495 ³Luc.
1156 4447 1179 4494 6.
1199 4457 1238 4503 31.
1273 4444 1395 4496 ⁹Matth.
1415 4460 1439 4506 7.
1463 4462 1503 4498 ια.

327 4541 348 4574 ¹⁰
365 4544 456 4592 Matth.
475 4543 515 4591 26.
534 4554 573 4598 52·
608 4538 628 4572 ¹¹
646 4542 721 4590 Deus.
742 4554 780 4590 ια.
796 4540 823 4588 in
840 4538 899 4588 fine.
915 4539 945 4588 V.
955 4538 1043 4588 Ambr.
1061 4539 1092 4587 de
1109 4536 1186 4586 offiL
1207 4549 1228 4586 ι.
1247 4535 1283 4598 [c.
1294 4538 1347 4601 ao]
