3326 5506
463 623 510 669 DE
533 622 626 690 JURE
652 621 835 670 PRABDAE.
861 621 940 670 CAPss
965 621 1015 668 Xi-
1258 621 1316 686 171

148 793 179 844 et
201 798 306 861 aquae
330 797 393 845 usu
415 778 529 844 Batavi
552 779 753 845 arcebantur.
777 778 851 845 Nec
874 777 1004 844 illorum
1024 777 1139 846 melior
1153 777 1317 859 conditio,
1330 791 1400 841 Anno
1415 807 1477 852 ¹599·

147 909 232 974 quos
254 889 436 957 Laurentio
458 890 620 973 liicquero
642 891 725 956 duce
744 888 913 974 profectos
932 889 1177 974 plurimumque
1202 893 1318 976 pelago

143 1003 281 1086 jactatos
314 1002 550 1069 Lusitanorum
582 1020 715 1082 manus,
748 1000 829 1085 ipsis
849 1001 973 1085 ubique
997 1001 1142 1085 scopulis
1165 1001 1318 1069 formida·

148 1113 280 1181 biliores
303 1127 518 1197 exceperunt:
543 1113 646 1180 donec
659 1113 699 1180 ad
710 1113 839 1196 sinum,
853 1133 951 1196 quem
965 1114 1158 1180 Sanctorum
1172 1114 1317 1180 omnium

147 1240 286 1306 vocant,
311 1227 446 1309 appulsa
469 1224 562 1291 navis
585 1245 660 1291 cum
684 1224 849 1291 mercibus
870 1226 1007 1309 praedae
1026 1225 1154 1293 addicta
1167 1241 1234 1294 est:
1258 1228 1319 1292 ho·

146 1336 249 1402 mines
269 1337 408 1422 conjecti
428 1337 460 1401 in
480 1334 635 1418 vincula,
661 1337 752 1420 quod
763 1357 803 1402 eo
812 1336 992 1404 terribilius
1002 1337 1089 1420 fuit,
1112 1338 1190 1421 quia
1205 1340 1317 1407 eodem

146 1448 179 1512 in
201 1451 277 1514 loco
302 1448 395 1514 annis
418 1463 492 1514 ante
515 1463 658 1532 quatuor
678 1449 768 1515 Galli
790 1448 917 1531 aliquot
933 1451 1083 1534 patibulo
1103 1451 1187 1518 affixi
1207 1452 1319 1519 audie-

146 1561 275 1625 bantur.
321 1559 393 1624 Nec
423 1558 553 1625 mitiora
572 1579 589 1626 a
608 1559 778 1626 Lusitanis
810 1561 1113 1644 Lusitanorumque
1144 1562 1318 1629 emissariis

147 1671 362 1754 exspectanda
400 1670 473 1752 his,
513 1671 572 1755 qui
613 1691 690 1737 casu
722 1690 923 1754 quocunque
957 1672 991 1738 in
1022 1687 1144 1756 partem
1176 1675 1317 1758 aliquam
1491 1751 1494 1758 ¹

146 1779 299 1848 Africani
321 1781 441 1848 littoris
463 1781 644 1850 deciderint
674 1782 916 1868 Spilbergianae
943 1784 1164 1866 ephemerides
1185 1786 1317 1854 demon·
1330 1796 1399 1843 Anno
1413 1803 1473 1844 1⁶01·

145 1908 265 1959 strant.
312 1894 378 1960 Sed
406 1896 487 1960 tales
520 1913 581 1979 ego
612 1891 757 1960 fortunas
780 1894 848 1961 suis
871 1897 1034 1981 cujusque
1058 1897 1149 1963 libris
1172 1899 1319 1981 proditas

146 2006 210 2072 huc
232 2005 409 2072 transferre
432 2006 651 2090 supersedeo,
683 2006 760 2072 dum
782 2008 963 2093 argumenti
988 2009 1090 2075 nostri
1114 2009 1245 2094 propria
1266 2029 1318 2076 me

146 2133 313 2184 revocant.

186 2230 298 2296 Nemo
328 2229 435 2297 nescit
464 2230 551 2297 sicut
581 2227 760 2297 Castellani
791 2229 961 2298 maximam
994 2231 1162 2298 Americac
1193 2250 1316 2318 partem
1329 2239 1474 2288 Aratavll.

145 2340 206 2406 sibi
235 2339 425 2422 vindicant,
458 2342 503 2408 ita
532 2342 713 2410 Lusitanos
745 2341 958 2426 Aethiopici,
991 2344 1119 2425 Indici,
1148 2345 1317 2413 brasiliani

145 2452 269 2519 Oceani
297 2454 489 2520 commercia
514 2472 573 2522 sua
602 2473 671 2521 esse
701 2455 808 2534 velle,
842 2469 985 2522 caeteros
1003 2473 1114 2522 omnes
1135 2458 1318 2526 excludere.

145 2564 181 2630 In
205 2583 274 2646 quo
296 2585 371 2631 cum
393 2565 460 2632 illis
479 2581 605 2649 praeter
626 2565 798 2633 Britannos
818 2580 851 2632 et
869 2566 959 2633 Galli
980 2582 1012 2632 et
1030 2567 1103 2634 Itali
1118 2570 1319 2654 etconjunc·

146 2673 289 2742 tissimae
322 2697 472 2760 quaeque
507 2692 619 2763 gentes
642 2676 725 2742 nihil
752 2677 988 2762 concederent,
1012 2679 1127 2747 Batavi
1151 2695 1184 2746 et
1205 2679 1318 2747 hostes

146 2788 279 2855 ermari
302 2788 478 2872 plurimum
501 2791 646 2856 valentes
668 2807 734 2856 non
758 2805 1034 2874 repugnaverunt.
1081 2789 1162 2856 Erat
1185 2791 1317 2874 quidem

145 2899 225 2982 ipsis
254 2919 320 2965 non
346 2900 455 2966 minus
484 2921 581 2983 quarn
612 2901 747 2968 caeteris
777 2915 947 2985 perspecta
968 2900 1064 2968 istius
1084 2903 1317 2984 postulationis

145 3011 321 3094 iniquitas:
346 3013 403 3078 sed
426 3013 513 3096 apud
535 3027 647 3079 nostra
660 3013 813 3098 ingenia,
838 3031 921 3096 quae
933 3031 999 3079 non
1013 3028 1170 3095 quantum
1183 3014 1316 3095 liceret,

145 3125 200 3189 sed
224 3137 382 3207 quantum
403 3125 622 3192 necessarium
643 3139 729 3192 esset
747 3124 781 3190 in
800 3125 888 3190 bello
907 3122 1091 3191 iaciendum
1110 3124 1173 3190 sibi
1193 3143 1317 3209 semper

146 3234 392 3317 existimarunt,
425 3236 551 3318 aliquid
583 3237 678 3302 etiam
709 3256 770 3321 pro
793 3235 946 3302 hostibus
968 3236 1074 3302 valuit
1097 3235 1218 3304 veteris
1240 3227 1316 3304 hinc

146 3347 373 3431 principatus,
409 3347 484 3414 inde
516 3348 681 3414 societatis
722 3347 890 3413 memoria.
932 3349 992 3412 lta
1026 3348 1103 3413 dum
1139 3347 1318 3432 Hispanico

144 3458 366 3543 negotiatione
386 3458 559 3524 sustentari
578 3460 671 3543 plebs
689 3459 813 3543 potuit,
837 3476 1033 3541 quamquam
1053 3479 1088 3525 ea
1107 3480 1181 3526 cunr
1192 3460 1318 3544 magnis

146 3569 276 3655 injuriis
307 3571 482 3655 conjuncta
513 3586 601 3652 erat,
633 3572 692 3637 has
723 3587 829 3638 tamen
865 3572 1001 3636 tolerare
1024 3571 1116 3654 prius
1137 3571 1316 3655 potiusque

145 3681 252 3749 visum
285 3698 334 3748 est
366 3698 462 3765 quarn
486 3684 568 3748 alios
589 3697 726 3748 conatus
757 3681 910 3768 aggredi,
943 3681 1001 3764 qui
1034 3681 1229 3748 difficiliores
1258 3682 1316 3747 ali·

146 3794 279 3876 quando
290 3793 407 3860 facturi
419 3794 616 3860 videbantur
627 3795 716 3877 pacis
728 3791 886 3860 ineundae
899 3793 1050 3860 rationes.
1075 3793 1146 3859 Hac
1158 3793 1316 3877 patientia

145 3905 255 3970 decem
279 3925 336 3989 pet
359 3925 461 3973 annos
485 3921 517 3972 et
538 3905 664 3972 diutius
688 3905 844 3990 agitatum
869 3919 926 3972 est.
971 3904 1057 3970 Nam
1081 3904 1217 3986 exinde,
1241 3925 1314 3971 cum

145 4030 312 4100 appareret
332 4017 444 4082 hostes
468 4036 534 4082 eam
558 4016 644 4084 viam
657 4017 821 4101 ingressos
834 4031 891 4097 ut,
916 4034 1001 4098 quos
1013 4016 1110 4083 armis
1122 4035 1187 4082 non
1197 4030 1315 4100 potue-

145 4143 236 4208 rant,
269 4127 352 4192 fame
383 4143 482 4211 atque
514 4128 625 4212 inopia
658 4127 808 4214 subigere
841 4129 983 4207 vellent,
1016 4126 1161 4211 praecisa
1190 4126 1315 4192 scilicet

146 4239 355 4322 Hispaniensi
374 4241 591 4322 mercatione,
613 4241 646 4306 in
666 4259 731 4322 qua
750 4241 909 4305 hactenus
926 4238 1042 4323 populi
1063 4238 1130 4304 vita
1149 4252 1217 4303 erat
1235 4257 1314 4304 con·

144 4351 281 4431 stituta,
313 4352 469 4434 paulatim
501 4351 614 4419 Batavi
646 4352 844 4438 longinquas
875 4349 1098 4434 navigationes
1129 4352 1313 4433 proculque

145 4461 268 4544 positas
287 4478 417 4547 gentes,
440 4463 586 4549 cognitas
607 4464 777 4531 Lusitanis
795 4464 852 4529 sed
874 4483 940 4530 non
963 4465 1130 4546 subditas,
1154 4465 1313 4549 respicere
