3310 5482
323 592 362 658 16
632 607 680 656 nn
704 607 799 677 juna
824 605 1009 656 ananau.
1033 605 1115 654 oar.
1139 605 1180 655 11.

320 764 476 834 adversus
497 784 597 850 eum,
622 762 681 848 qui
700 761 898 830 beneficium
922 761 985 830 sibi
1006 760 1191 846 praestitit,
1216 775 1306 846 grata
1326 779 1396 829 esse
1419 760 1493 828 uni-

318 877 455 946 versitas
476 877 597 963 debet,
619 877 708 944 sicut
725 898 833 946 rerum
856 875 988 944 utilium
1008 889 1188 960 repertores
1211 874 1251 940 ab
1271 874 1415 942 humano
1438 893 1493 961 ge-

317 1007 393 1056 nere
422 989 551 1056 laudem
584 989 786 1077 gloriamque
806 991 1013 1073 retulerunt3
1039 1003 1071 1054 et
1090 1001 1205 1054 contra
1226 985 1411 1055 satisfacere
1432 1007 1492 1070 pro

318 1100 438 1188 injuria
458 1103 601 1186 debent,
631 1121 699 1169 non
726 1100 835 1169 minus
855 1100 914 1185 qui
935 1099 1088 1168 omnibus
1109 1119 1203 1183 eam,
1224 1118 1322 1183 quam
1343 1099 1403 1183 qui
1434 1098 1492 1166 uni

318 1212 512 1281 intulerunt.
561 1213 708 1282 Pertinet
736 1228 843 1282 autem
878 1212 920 1278 ad
953 1231 1065 1279 omnes
1100 1211 1341 1295 quodammodo
1372 1210 1492 1297 injuria

318 1325 414 1392 etiam
444 1326 502 1393 uni
530 1325 644 1410 illata,
679 1327 722 1392 ob
755 1326 939 1408 exemplum
968 1324 1125 1404 maxime,
1155 1324 1242 1392 sicut
1271 1323 1418 1408 corporis
1441 1321 1491 1388 in-

318 1451 418 1505 terest
445 1439 588 1506 membra
618 1439 738 1506 habere
770 1457 872 1520 sana,
904 1436 1077 1521 praecipue
1107 1436 1150 1503 ob
1182 1435 1381 1522 contagium.
1426 1435 1491 1503 Sed

317 1568 393 1616 cum
425 1569 531 1634 poena
561 1550 659 1618 noxia
688 1549 732 1618 sit
752 1549 807 1634 ei,
827 1548 884 1616 cui
909 1546 1068 1628 insertur,
1092 1547 1210 1615 mirum
1232 1547 1336 1616 videri
1357 1561 1490 1632 potest,

315 1660 502 1746 iustitiam,
537 1682 621 1745 quae
651 1682 712 1746 pro
739 1661 869 1729 cunctis
902 1660 1046 1728 sollicita
1077 1673 1148 1743 est,
1177 1660 1219 1726 ad
1239 1663 1360 1728 malum
1378 1661 1491 1745 cujus·

318 1793 415 1856 quarn
434 1773 520 1840 ferri.
544 1774 646 1862 Quod
665 1789 703 1840 ut
725 1772 946 1860 intelligatur,
964 1773 1145 1841 notandum
1168 1787 1219 1839 est
1237 1791 1416 1857 numquam
1439 1774 1491 1841 ul·

317 1887 380 1952 lam
412 1900 512 1953 artem
542 1887 663 1953 malum
694 1885 758 1954 sibi
790 1900 828 1951 ut
847 1883 945 1952 linem
967 1903 1175 1969 proponere,
1199 1884 1362 1952 interdum
1383 1901 1490 1954 tamen

317 2011 356 2064 ut
384 2016 419 2065 re
450 1998 617 2085 interjecta
646 1997 721 2082 uti,
752 1997 822 2066 sine
846 2017 911 2081 qua
940 1997 981 2064 ad
999 1997 1121 2066 bonum
1143 1996 1250 2066 veniri
1272 2015 1338 2066 non
1357 2013 1489 2082 potest,

318 2107 419 2191 idque
442 2109 601 2178 duntaxat
626 2129 667 2178 ex
689 2109 907 2178 necessitate.'
939 2108 1131 2193 Numquam
1155 2129 1286 2197 aegrum
1306 2110 1418 2178 dolore
1443 2109 1491 2178 ai·

317 2219 408 2287 ficiet
436 2221 606 2306 medicus,
638 2221 702 2290 nisi
733 2240 808 2288 cum
826 2221 910 2288 ratio
928 2221 1128 2290 valetudinis
1147 2221 1210 2289 hoc
1231 2222 1489 2318 exigimueque

316 2347 423 2416 partes
453 2336 539 2402 ullas
566 2334 756 2414 abscindet,
781 2333 844 2401 nisi
867 2354 942 2401 curn
966 2335 1102 2402 interest
1122 2334 1281 2419 corporis.
1325 2335 1374 2402 lta
1395 2336 1490 2403 dolor

317 2459 351 2511 et
372 2445 558 2529 mutilatio,
581 2466 780 2530 quaeperse
792 2448 996 2531 maluerant,
1019 2446 1184 2531 incipiunt
1195 2448 1280 2514 bona
1293 2467 1388 2526 esse,
1410 2431 1507 2531 quia'

316 2556 443 2624 ducunt
476 2559 516 2625 ad
549 2559 672 2625 bonum
703 2561 830 2645 majus,
863 2579 960 2642 quam
994 2560 1050 2626 cui
1085 2559 1236 2643 opposita
1269 2560 1339 2644 ipsa
1359 2558 1490 2628 fuerant

316 2671 408 2736 mala.
453 2671 503 2736 Ut
534 2670 715 2739 similitudo
750 2671 796 2738 sit
826 2671 969 2754 clarior,
998 2689 1063 2753 qua
1083 2671 1274 2756 philosophi
1297 2672 1331 2739 in
1352 2673 1416 2740 hoc
1439 2693 1489 2739 ar-

316 2796 471 2866 gumento
492 2783 680 2867 saepissime
700 2798 862 2866 utuntur,
886 2783 1116 2868 distinguenda
1138 2799 1216 2852 sunt
1235 2805 1412 2869 poenarum
1435 2806 1489 2871 ge-

315 2913 401 2962 nera.
446 2893 496 2960 Ea
528 2895 656 2963 notavit
688 2895 820 2964 Gellius
853 2896 970 2980 ¹apud
999 2896 1147 2962 Taurum
1178 2895 1239 2962 tria
1274 2917 1366 2980 esse,
1402 2897 1491 2981 apud

315 3005 482 3074 Platonem
503 3007 580 3075 duo.
628 3008 692 3076 Sed
709 3008 841 3074 Taurus
863 3008 1014 3094 adjunxit
1032 3013 1182 3093 τιμωρίαν,
1203 3009 1489 3094 satisfactionem,

316 3138 400 3200 quae
432 3119 564 3203 proprie
592 3133 640 3186 est
663 3119 747 3187 inter
769 3119 928 3204 singulos.
974 3120 1052 3186 Duo
1075 3119 1177 3206 igitur
1198 3121 1428 3204 relinquuntur
1449 3121 1490 3187 ad

314 3229 561 3297 universitatem
573 3231 793 3316 pertinentia,
817 3231 909 3315 prius
930 3246 980 3298 est
990 3234 1190 3320 castigatio,
1207 3231 1320 3299 Tauro
1342 3238 1488 3316 νουθεσία,

313 3341 452 3418 κόλασις,
476 3347 663 3427 παραίνεσις,
686 3343 816 3418 Platoni
840 3342 851 3378 ¹
881 3343 1115 3425 etiamsolum,
1140 3363 1223 3426 quae
1251 3345 1356 3428 ipsum
1390 3366 1487 3428 quem

313 3450 411 3534 punit
441 3454 609 3520 emendare
639 3470 777 3522 conatur
806 3471 839 3522 et
858 3455 1053 3523 humanitati
1075 3455 1240 3524 utiliorem
1264 3458 1396 3524 reddere
1423 3473 1488 3524 est-

315 3583 380 3646 que
410 3566 503 3631 velut
536 3571 734 3651 irrumpenda
760 3571 885 3655 τρόπος,
918 3566 1063 3635 sanandi
1097 3572 1211 3652 ratio,
1245 3588 1329 3652 quae
1360 3569 1399 3636 fit
1430 3591 1489 3654 per

313 3675 495 3756 contraria,
520 3691 558 3742 ut
576 3677 771 3746 Aristoteles
794 3683 806 3720 ⁸
832 3679 985 3764 explicat.
1032 3679 1184 3748 Alterum
1207 3696 1256 3749 est
1279 3685 1470 3768 παράδειγμα
1476 3733 1487 3766 ,

314 3786 378 3852 hoc
402 3801 451 3854 est
474 3790 680 3877 exemplum,
704 3792 795 3874 quod
814 3811 937 3875 poenae
959 3791 1076 3860 similis
1096 3807 1185 3859 metu
1211 3792 1292 3862 alios
1311 3815 1329 3860 a
1350 3815 1488 3880 peccan-

315 3898 358 3965 do
389 3899 552 3984 deterret,
587 3901 680 3984 quasi
708 3909 940 3991 προφυλπκπικὸς
971 3907 1092 3989 τρόπος,
1118 3906 1345 3992 praecavendi
1381 3912 1486 3978 ratio.

314 4010 366 4077 Illi
400 4012 607 4097 propositum
639 4028 689 4081 est
718 4035 820 4081 unum
844 4016 1035 4100 emendare,
1060 4017 1138 4083 huic
1170 4031 1259 4084 extra
1281 4037 1382 4086 unum
1406 4021 1488 4088 alios

314 4141 440 4193 omnes.
486 4123 539 4191 Ex
573 4125 625 4194 his
649 4127 780 4195 duobus
798 4127 950 4210 sequitur
970 4141 1002 4195 et
1024 4128 1181 4212 tertium,
1205 4130 1363 4199 securitas
1383 4134 1489 4200 omni·

348 4446 357 4481 ¹
382 4449 400 4496 l.
423 4448 447 4498 6.
473 4463 496 4499 c.
525 4464 563 4514 14.
597 4453 668 4501 Plato
692 4453 769 4514 Gorg.
797 4452 835 4516 [p.
854 4465 911 4510 sas.
928 4467 951 4503 a.
965 4453 1003 4518 b.]
1039 4452 1163 4518 ’Proraa
1185 4453 1221 4520 [p.
1238 4456 1295 4514 aad.
1312 4455 1347 4521 e.]
1381 4457 1488 4510 iArist.

314 4539 346 4588 de
363 4552 427 4589 mor.
452 4543 484 4591 ad
501 4541 603 4594 Nicom.
611 4545 629 4592 1.
648 4557 670 4594 a.
689 4557 713 4594 c.
725 4557 748 4593 a.
767 4543 805 4608 [p.
826 4557 897 4608 1104.
915 4558 939 4594 a.
956 4559 995 4596 va.
1014 4547 1053 4596 16.
1070 4547 1138 4611 sqq]
