3362 5504
463 633 509 678 DE
533 633 626 699 JURE
653 633 836 679 PRAEDAE.
862 633 941 680 CAP.
967 635 1046 681 XIII.
1282 633 1343 695 293

170 788 337 870 implorari
365 790 501 855 relatum
531 803 589 856 est.
635 789 761 857 Merito
792 789 893 880 igitur
924 790 1069 874 ipsorum
1095 792 1242 872 exemplo
1262 786 1346 853 nihil

172 899 397 986 distinguitur.
443 901 578 967 Nobilis
597 901 850 987 Jurisconsulti,
879 902 945 969 imo
967 903 1072 987 ipsius
1090 903 1173 988 juris
1198 902 1345 988 gentium

171 1033 237 1080 vox
268 1013 331 1079 ista
359 1029 427 1080 est:
461 1029 499 1080 ut
526 1014 633 1079 socios
664 1015 741 1080 licet
769 1013 961 1097 defendere,
987 1015 1031 1082 ita
1050 1015 1214 1082 offendere
1235 1014 1345 1080 socios

171 1125 317 1193 criminis
351 1141 383 1192 et
417 1126 608 1210 quicunque
642 1127 837 1211 participant
872 1128 1055 1196 criminosis
1090 1144 1122 1195 et
1151 1127 1345 1194 criminibus

171 1258 398 1324 aggressorum
420 1247 442 1305 ¹.
489 1239 591 1326 Quod
611 1260 649 1304 eo
669 1240 772 1325 magis
792 1241 845 1307 hic
866 1244 977 1308 locum
1000 1243 1120 1322 habet,
1147 1239 1225 1324 quia
1254 1237 1346 1321 quod

172 1352 352 1419 Castellani
385 1351 516 1418 batavis
557 1351 681 1418 Indiam
719 1354 905 1436 petentibus
943 1367 1148 1436 nocuerunt,
1182 1353 1244 1416 hoc
1275 1351 1344 1416 sine

172 1464 274 1530 dubio
295 1479 327 1529 et
345 1464 480 1548 publico
507 1463 645 1530 consilio
669 1479 701 1529 et
721 1480 838 1548 rogatu
858 1481 914 1530 aut
933 1482 1019 1532 certe
1041 1467 1073 1533 in
1095 1465 1227 1551 gratiam
1246 1463 1345 1530 Lusi-

171 1591 321 1642 tanorum
343 1575 464 1642 factum
487 1591 545 1644 est.
566 1576 637 1660 Janr
659 1597 737 1642 vero
759 1577 798 1642 de
823 1577 1130 1660 Hemskerckianis,
1152 1564 1250 1660 qui'a
1270 1597 1344 1661 rege
1357 1588 1460 1686 „5:23”
1472 1587 1504 1685 3¹

171 1690 328 1754 Dammae
357 1691 448 1766 nulla
476 1689 554 1754 belli
584 1693 761 1774 praebunte
792 1709 909 1771 causa,
934 1691 1042 1774 specie
1074 1689 1344 1756 commerciorum
1358 1652 1502 1741 artic-'ii'

172 1802 258 1885 capti
280 1816 313 1867 et
332 1801 365 1867 in
384 1802 544 1893 servitute
555 1801 679 1868 detenti
701 1816 801 1882 sunt,
826 1823 1023 1885 quamquam
1044 1802 1077 1868 id
1090 1824 1162 1869 eum
1176 1801 1345 1869 Lusitanis

172 1914 350 1997 imputasse
382 1913 514 1980 mInime
548 1913 763 1980 dubitandum
798 1929 869 1997 est,
893 1917 987 1981 velut
1009 1916 1118 1981 minus
1142 1930 1344 1997 compertum

172 2026 238 2092 illis
261 2025 431 2091 remittam.
457 2025 532 2090 Hoc
552 2028 624 2092 solo
637 2040 812 2092 contentus
825 2047 901 2108 ero,
927 2028 1017 2110 quod
1029 2027 1157 2109 liquido
1169 2028 1343 2111 probatum
1352 2040 1416 2155 plis
1420 2039 1503 2140 rm.

172 2138 254 2204 vidi.
302 2137 452 2204 Lusitani
485 2157 560 2202 cum
583 2137 735 2205 audirent
757 2159 864 2223 regem
885 2140 1055 2224 Jorensem
1081 2160 1119 2206 eo
1142 2140 1344 2224 propendere
1358 2128 1384 2248 {j
1394 2125 1503 2195 aaran:

172 2266 211 2317 ut
234 2250 504 2316 Hemskerckium
530 2251 570 2315 ad
591 2249 818 2316 mercationem
838 2252 1044 2333 admitteret,
1068 2253 1186 2333 mIssa,
1210 2267 1249 2317 ut
1267 2251 1344 2317 alibi
1378 2235 1384 2250 ⁸

172 2361 338 2443 diximus,
371 2362 532 2446 legatione
565 2363 633 2447 regi
665 2362 872 2446 indicarunt,
906 2384 979 2430 curn
1013 2365 1197 2431 Hollandos
1232 2384 1344 2430 omnes

172 2473 322 2540 hommes
354 2493 422 2541 esse
456 2475 704 2558 rapacissimos,
739 2490 808 2541 tum
833 2496 911 2542 vero
937 2476 1207 2544 Hemsltercltium
1232 2479 1343 2560 explo-

172 2599 311 2651 ratorem
343 2586 478 2652 missum
511 2587 727 2670 inspiciendis
750 2587 964 2672 regionibus,
991 2610 1072 2671 quas
1096 2588 1143 2655 illi
1167 2589 1343 2671 aliquando

171 2697 205 2763 vi
229 2717 343 2783 magna
364 2698 497 2765 navium
519 2699 640 2765 invecti
663 2718 737 2766 suas
759 2698 902 2766 facerent
922 2701 1067 2784 expulsis
1085 2701 1342 2784 possessoribus

172 2810 268 2896 Quae
289 2826 398 2876 autem
423 2825 495 2891 est,
519 2809 547 2877 si
571 2830 637 2877 non
650 2813 753 2892 haec,
781 2811 900 2895 injuria
913 2827 970 2878 aut
982 2833 1078 2894 quem
1091 2811 1182 2896 prius
1194 2828 1341 2895 spectat,

172 2942 269 3004 quam
290 2922 396 3005 ipsum
417 2922 688 3014 Hemslrerckium
709 2925 847 3008 ejusque
867 2924 1076 3005 comitatum,
1101 2924 1225 2990 etiamsi
1246 2923 1343 2990 latius

172 3033 205 3098 in
228 3047 330 3099 totam
354 3049 481 3118 gentem
506 3035 701 3119 spargatur?
748 3035 874 3101 Bellum
897 3052 1063 3120 praeterea
1086 3037 1250 3104 minantur
1273 3037 1343 3103 Lu·

171 3144 291 3225 sitani,
326 3145 353 3212 si
388 3147 462 3228 quis
495 3146 679 3214 Hollandos
710 3147 856 3234 recipiat.
903 3149 949 3214 Et
982 3150 1062 3215 haec
1095 3168 1203 3215 nonne
1235 3148 1343 3234 gravis

172 3256 292 3341 iniuria
315 3258 389 3323 est‘.2
436 3258 510 3325 Nec
533 3259 699 3326 minantur
723 3274 873 3341 tantum,
897 3261 955 3327 sed
978 3260 1126 3328 inferunt
1154 3261 1343 3342 eisdemque

171 3368 311 3435 navibus
335 3384 368 3435 et
387 3370 539 3455 Jorenses
563 3372 825 3454 depopulantur,
849 3388 881 3438 et
903 3372 1042 3438 Batavos
1064 3384 1191 3437 tentant
1213 3390 1344 3437 accessu

172 3481 355 3566 prohibere.
401 3481 485 3548 Esse
517 3484 600 3548 hanc
631 3505 708 3550 vere
741 3485 916 3569 injuriam,
950 3506 1022 3550 cum
1051 3486 1131 3550 alter
1153 3483 1286 3549 alterius
1310 3482 1343 3547 in
1358 3497 1386 3544 ln
1402 3513 1421 3545 c.
1442 3497 1502 3544 ΧΗ.

1358 3556 1502 3600 enumeranti.
1554 3587 1557 3592 >

172 3593 403 3659 contumeliam
435 3609 574 3660 vexatur
598 3610 727 3661 etcum
752 3617 790 3662 eo
816 3597 890 3678 quis
910 3595 1128 3681 prohibetur,
1151 3594 1242 3677 quod
1271 3594 1344 3678 jure
1358 3607 1502 3655 Vtamur.

174 3705 320 3790 gentium
344 3705 526 3790 competit,
550 3706 628 3772 alibi
662 3708 877 3775 ostendimus.
926 3709 1037 3795 Quare
1070 3707 1140 3772 slve
1174 3705 1344 3772 codicillos

174 3798 470 3884 Hemslterckianos
494 3817 709 3902 respicImus‚
733 3834 862 3886 constat
885 3821 924 3886 de
947 3818 1076 3904 injuriis
1101 3837 1182 3901 quas
1205 3811 1345 3901 'reparari

93 4007 96 4014 ¹
174 3929 343 4013 oportuit,
367 3929 438 3996 slve
457 3931 685 3997 centurionum
706 3932 877 4012 mandata,
901 3932 1059 3997 habemus
1079 3929 1344 3996 commerciorum

175 4042 359 4106 turbatores
382 4041 581 4109 manifestos.
606 4043 748 4128 injuriae
772 4059 879 4110 autem
903 4043 983 4109 istae
1005 4058 1141 4110 cunctos
1154 4057 1186 4108 et
1197 4041 1345 4126 singulos
1359 4065 1503 4166 ‘simp

176 4152 367 4239 obligabant
389 4155 595 4238 Lusitanos,
620 4155 808 4239 praesertim
832 4155 891 4239 qui
915 4156 948 4222 in
971 4155 1033 4222 ista
1056 4155 1144 4221 orbis
1163 4169 1253 4238 parte
1272 4174 1344 4220 ver·
1356 4173 1398 4274 i'i‘
1413 4174 1484 4221 aaa.

215 4417 223 4450 ¹
242 4418 312 4465 Bald.
328 4420 344 4466 l.
364 4431 385 4466 1.
400 4419 430 4466 C.
448 4419 516 4467 unde
534 4419 570 4468 vi.
589 4417 632 4482 [C.
652 4423 675 4468 8.
692 4420 729 4482 4.]
741 4433 765 4468 n.
784 4433 824 4481 24.
841 4421 899 4484 Joh.
916 4421 948 4468 de
964 4419 1036 4480 Lign.
1054 4417 1080 4466 in
1096 4429 1169 4466 tract.
1188 4419 1219 4466 de
1237 4429 1302 4477 repr.
1321 4430 1344 4499 a.

174 4524 200 4572 P·
217 4521 241 4566 3·
259 4522 302 4569 qu.
320 4523 343 4557 2·
361 4523 400 4570 Pr·
