3326 5506
329 633 391 680 222
622 631 669 678 DE
692 630 785 698 JURE
811 627 996 678 runauld.
1022 628 1103 676 CAP·
1128 629 1196 678 ΧΠ.

328 786 397 870 piat
427 799 525 869 atque
557 784 601 851 ita
633 784 795 868 privatum
829 782 942 850 faciat:
967 783 1054 850 sicut
1085 784 1251 879 Lucullus
1278 784 1389 852 exciso
1413 785 1506 868 apud

327 897 501 980 Neapolim
529 911 640 964 monte
670 897 708 961 ad
742 895 853 961 villam
877 915 968 961 suam
992 893 1090 962 maria
1112 896 1245 964 admisit
1267 906 1287 964 ¹.
1333 897 1378 966 Et
1400 897 1504 980 hujus

328 1009 456 1096 generis
474 1024 556 1093 puto
576 1007 680 1076 fuisse
701 1007 842 1091 piscinas
866 1007 1067 1089 maritimas,
1092 1027 1229 1090 quarum
1251 1009 1358 1078 Varro
1380 1023 1413 1076 et
1434 1009 1507 1076 Co-

326 1122 459 1188 lumella
481 1119 707 1186 meminerunt.
753 1118 825 1184 Nec
847 1118 1013 1184 Martialis
1035 1119 1046 1156 ²
1068 1120 1133 1184 alio
1156 1119 1339 1202 spectavit,
1362 1140 1436 1186 cum
1461 1119 1505 1186 de

328 1231 502 1300 Formiano
524 1229 726 1314 Apollinaris
748 1230 914 1311 loquitur:

523 1340 714 1428 Siquando
736 1341 868 1407 Nereus
890 1344 992 1407 sentit
1014 1335 1113 1408 Aeoli
1135 1362 1297 1429 regnum,

524 1453 627 1519 Ridet
644 1452 811 1539 procellas
831 1466 911 1518 tuta
933 1452 972 1520 de
996 1473 1053 1517 suo
1075 1475 1199 1520 mensa.

372 1565 418 1634 Et
440 1564 636 1632 Ambrosius
656 1563 689 1628 ἐ
713 1562 849 1630 Indaeis
873 1585 966 1630 mare
989 1569 1086 1632 intra
1104 1547 1251 1652 praedia
1274 1578 1360 1645 tua,
1384 1586 1423 1630 ne
1447 1563 1504 1630 de-

328 1680 396 1746 sr'nt
415 1678 553 1746 belluae.
600 1676 689 1742 Hinc
708 1695 862 1759 apparere
880 1691 1010 1758 potest,
1033 1695 1117 1759 quae
1137 1695 1228 1742 mens
1247 1676 1341 1747 Pauli
1356 1681 1367 1720 ⁵
1382 1675 1504 1754 fuerit,

329 1809 402 1856 cum
435 1789 537 1871 dicit,
573 1788 601 1856 si
622 1787 720 1856 maris
743 1787 913 1871 proprium
934 1788 989 1872 jus
1014 1789 1056 1856 ad
1077 1787 1221 1871 aliquem
1244 1787 1425 1872 pertineat,
1451 1791 1506 1854 uti

324 1900 498 1988 possidetis
531 1899 743 1968 interdictum
775 1899 804 1966 ei
835 1914 1031 1983 competere.
1078 1899 1162 1968 Esse
1195 1900 1328 1983 quidem
1360 1901 1423 1966 hoc
1453 1900 1503 1966 in·

330 2013 504 2080 terdictum
539 2011 579 2076 ad
612 2010 757 2095 privatas
790 2029 906 2076 causas
939 2025 1184 2095 comparatum,
1218 2030 1286 2081 non
1320 2025 1429 2080 autem
1462 2011 1503 2078 ad

329 2125 478 2208 publicas
511 2123 565 2208 (in
597 2122 722 2205 quibus
754 2121 851 2188 etiam
884 2141 921 2186 ea
955 2122 1298 2205 comprehenduntur,
1323 2143 1408 2206 quae
1429 2125 1504 2209 jure

330 2235 477 2321 gentium
509 2234 675 2302 communi
707 2232 812 2299 facere
845 2235 1064 2318 possumus),
1098 2233 1155 2300 sed
1187 2234 1241 2299 hic
1273 2234 1339 2320 jam
1374 2235 1426 2320 agi
1460 2236 1502 2302 de

327 2348 402 2432 jure
424 2345 582 2425 fruend0,
606 2346 697 2428 quod
719 2365 760 2411 cx
782 2365 880 2410 causa
903 2344 1032 2428 privata
1051 2345 1240 2430 contingat,
1263 2365 1330 2413 non
1350 2347 1502 2430 publica,

330 2461 400 2527 sive
423 2457 598 2524 communi.
644 2455 731 2521 Nam
755 2471 839 2522 teste
862 2456 1032 2524 Marciano
1052 2454 1086 2538 ⁵,
1113 2457 1279 2540 quidquid
1303 2473 1503 2542 occupatum

330 2585 381 2638 est
403 2584 436 2636 et
458 2568 613 2652 occupari
647 2568 778 2650 potuit,
812 2569 928 2652 idjam
952 2587 1019 2636 non
1042 2583 1093 2635 est
1113 2569 1198 2653 juris
1218 2570 1389 2654 gentium,
1415 2571 1506 2640 sicut

331 2697 381 2748 est
398 2701 496 2748 mare.
542 2680 694 2764 Exempli
713 2699 830 2759 causa,
854 2680 882 2746 si
902 2679 978 2762 quis
998 2679 1175 2748 Lucullum
1196 2695 1254 2746 aut
1274 2681 1505 2765 Apollinarem

332 2794 365 2860 in
397 2794 527 2877 privato
561 2811 646 2873 suu,
680 2806 844 2874 quatenus
876 2791 1111 2858 diverticulum
1144 2792 1243 2858 maris
1278 2795 1504 2874 incluserant,

331 2903 451 2990 piscari
483 2903 732 2988 prohibuisset,
765 2903 907 2970 dandum
941 2904 1006 2970 illis
1030 2903 1243 2971 interdictum
1268 2905 1391 2972 Paulus
1408 2921 1507 2989 puta-

331 3017 406 3100 vit,
441 3035 508 3083 non
541 3019 647 3083 solum
683 3014 876 3101 injuriarum
911 3016 1100 3098 actionem,
1136 3017 1179 3082 ob
1214 3037 1344 3086 causam
1379 3017 1509 3086 scilicet

332 3130 477 3214 privatae
505 3127 733 3212 possessionis.
779 3128 850 3194 lmo
879 3126 913 3195 in
933 3126 1131 3196 diverticulo
1150 3128 1269 3208 maris,
1294 3129 1381 3196 sicut
1404 3129 1438 3194 in
1457 3129 1508 3197 di·

331 3241 494 3308 verticulo
514 3239 702 3318 fluminis⁸,
726 3239 755 3306 si
774 3241 883 3306 locum
903 3241 1000 3306 talem
1020 3241 1207 3323 occuparim
1228 3240 1342 3322 ibique
1361 3241 1508 3324 piscatus

332 3350 588 3433 sim,‚maxime
611 3351 639 3416 si
663 3351 807 3418 animum
840 3350 993 3434 privatim
1023 3351 1212 3434 possidendi
1236 3352 1379 3434 plurium
1405 3373 1507 3418 anno-

333 3480 405 3530 rum
435 3460 681 3534 continuatione
714 3477 853 3530 testatus
885 3461 1030 3544 fuerim,
1060 3466 1198 3530 alterum
1222 3464 1335 3530 eodem
1358 3464 1433 3547 jure
1458 3465 1508 3530 uti

252 3557 256 3577 '
332 3573 540 3659 prohibebo,
572 3589 610 3642 ut
631 3594 672 3642 ex
695 3573 867 3642 Marciano
891 3574 1102 3659 colligimus,
1134 3594 1201 3642 oon
1234 3575 1327 3644 aliter
1351 3595 1450 3656 quam
1474 3577 1508 3644 in

333 3689 430 3768 lacu,
465 3685 522 3769 qui
554 3686 618 3752 mei
649 3686 788 3754 dominii
821 3701 871 3752 est
890 3685 912 3752 ⁷.
957 3685 1061 3774 Quod
1084 3706 1197 3754 verum
1228 3686 1385 3768 quamdiu
1412 3687 1509 3754 durat

333 3797 531 3881 occupati0,
565 3797 838 3880 quemadmodum
872 3797 906 3862 in
940 3798 1050 3863 littore
1082 3811 1174 3863 antea
1207 3798 1359 3866 diximus.
1407 3799 1508 3866 Entra

334 3910 565 3976 diverticulum
598 3908 684 3977 idem
716 3928 783 3975 non
816 3909 900 3992 crit,
925 3929 966 3976 ne
988 3909 1115 3976 scilicet
1136 3910 1320 3978 communis
1342 3931 1425 3977 usus
1449 3911 1508 3978 im·

335 4054 528 4065 ———-.-.-

368 4122 604 4174 ¹Plln.l.10.c.
629 4135 668 4184 ⁵4·
703 4119 816 4182 ’Epigr
834 4125 851 4170 l.
873 4135 910 4170 ro.
929 4136 970 4180 30.
1006 4123 1072 4172 ³Dc
1095 4124 1221 4174 Nabuthe.
1245 4137 1266 4172 a.
1289 4136 1311 4179 3.
1344 4121 1390 4171 ⁴l.
1409 4123 1506 4172 saneti

334 4215 416 4264 maris.
434 4216 459 4263 ff.
480 4217 511 4263 dc
527 4213 636 4271 injuriis.
657 4213 701 4274 [D.
715 4226 757 4273 47.
776 4227 813 4260 ιο.
836 4211 886 4276 ι4.]
924 4214 969 4262 ⁵1.
987 4227 1061 4263 nemo
1081 4213 1167 4274 igitur.
1185 4214 1212 4262 n.
1230 4217 1261 4263 de
1280 4228 1328 4262 rer.
1347 4214 1402 4264 div.
1421 4217 1466 4276 [D.
1486 4228 1506 4262 1.

321 4291 358 4356 ¹8.
375 4307 413 4368 4.]
447 4305 458 4338 ⁸
476 4309 494 4354 l.
513 4306 534 4354 si
552 4305 693 4366 quisquam.
710 4303 737 4352 ff.
756 4305 787 4352 dc
805 4305 899 4354 divers.
918 4317 995 4366 temp.
1014 4319 1126 4365 praescr.
1146 4306 1190 4367 [D.
1205 4319 1246 4366 44.
1266 4317 1289 4362 s.
1305 4306 1341 4367 7.]
1379 4305 1390 4343 ⁷
1408 4309 1426 4354 l.
1442 4303 1505 4362 iniu-

334 4397 435 4446 riarum.
452 4400 474 4455 §.
492 4399 537 4446 ult.
555 4396 581 4444 n.
600 4397 631 4444 de
651 4392 760 4452 injuriis.
780 4393 824 4458 [D.
842 4409 884 4457 47.
905 4411 942 4445 ro.
964 4409 1001 4454 rs.
1019 4400 1041 4455 §-
1059 4397 1098 4460 7.]
1117 4400 1134 4444 l.
1152 4396 1323 4458 praescriptio
1341 4395 1368 4444 ff.
1386 4398 1420 4445 de
1438 4409 1506 4444 usuc.

335 4489 380 4549 [n.
397 4502 439 4549 41·
458 4501 481 4545 a·
498 4488 552 4549 rs]
