3316 5494
373 619 433 683 162
691 641 737 688 ou
760 641 853 708 Juatt
881 641 1064 689 annuunt.
1088 642 1169 689 cnr.
1195 643 1229 688 x.

369 792 547 874 societate,
580 815 653 862 cum
682 795 868 879 respublica
898 815 1027 862 causam
1049 810 1212 879 praestet,
1238 795 1391 862 subditus
1416 812 1544 864 caetera

369 904 488 971 omnia.
512 905 641 972 Galliae
661 907 789 994 legibus
809 907 1058 974 inbellonavali
1071 906 1197 974 decima
1210 906 1392 990 excipitur,
1415 909 1543 976 eadem·

369 1035 435 1096 que
462 1016 558 1083 maris
578 1017 744 1100 praefecto
768 1018 948 1083 addicitur:
972 1018 1140 1084 residuum
1159 1037 1260 1101 penes
1279 1038 1335 1084 eos
1354 1034 1465 1085 manet
1484 1019 1543 1102 qui

369 1141 497 1192 sumtus
520 1126 671 1211 faciunt,
696 1129 848 1214 adjuncta
868 1128 993 1195 ratione
1014 1131 1045 1210 ¹,
1069 1129 1148 1212 quia
1169 1128 1219 1194 ad¹
1232 1149 1389 1196 summam
1411 1150 1543 1213 rempu-

369 1237 487 1302 blicam
522 1239 664 1322 pertinet
697 1259 794 1322 quam
828 1239 989 1323 plurimos
1024 1239 1187 1321 inveniri,
1222 1240 1281 1322 qui
1315 1242 1384 1307 suis
1419 1242 1543 1324 opibus

370 1367 498 1414 causam
541 1349 704 1433 publicam
748 1366 901 1417 tueantur
939 1370 1106 1433 navesque
1137 1351 1293 1418 adversus
1327 1353 1457 1418 hostem
1494 1352 1544 1421 in·

369 1473 507 1526 struant.
541 1461 642 1544 Apud
666 1461 805 1530 Batavos
827 1483 901 1546 pars
921 1462 1036 1544 quinta
1059 1462 1278 1546 reipublicae,
1303 1463 1427 1529 decima
1448 1483 1541 1546 prae-

368 1569 572 1639 fecto'maris
591 1573 728 1639 debetur
746 1576 777 1638 ¹:
802 1575 895 1656 quod
916 1573 1017 1640 hodie
1038 1587 1164 1639 tantum
1182 1575 1265 1640 intra
1278 1574 1393 1641 aestivi
1405 1575 1543 1641 solstitii

369 1683 530 1750 circulum
560 1684 705 1764 obtinet;
737 1686 845 1766 ultra,
878 1684 1040 1752 tricesima
1070 1699 1130 1752 est.
1177 1686 1282 1769 Supra
1306 1686 1543 1753 ostendimus⁸

369 1813 429 1859 nos
460 1813 527 1862 non
559 1809 685 1862 tantum
717 1817 774 1879 per
803 1812 932 1863 nosmet
961 1797 1075 1880 ipsos,
1096 1797 1155 1862 scd
1174 1795 1231 1880 per
1248 1797 1417 1863 ministros
1441 1799 1541 1864 etiam
1656 1803 1657 1844 l

369 1907 556 1987 acquirere:
589 1909 682 1989 quod
711 1908 752 1973 ad
774 1908 895 1974 bellum
917 1923 985 1973 tum
1008 1907 1172 1992 privatum
1197 1923 1266 1974 tum
1290 1907 1461 1990 publicum
1487 1929 1544 1992 ap·

369 2017 528 2098 tavimus,
553 2020 692 2105 ejusque
717 2018 763 2085 rei
787 2018 966 2086 certissima
988 2020 1157 2085 attulimus
1181 2033 1390 2103 argumenta,
1416 2019 1544 2100 quibus
1656 2033 1657 2108 l

370 2147 576 2212 consequens
608 2145 677 2210 cst,
710 2131 737 2197 si
769 2131 844 2214 quis
876 2130 1024 2215 privatus
1056 2131 1177 2196 bellum
1200 2131 1370 2213 publicum
1391 2130 1462 2195 suis
1483 2130 1545 2195 im·
1656 2131 1657 2212 l

369 2241 495 2324 pensis,
515 2241 584 2306 suis
603 2241 745 2324 damnis,
776 2261 908 2310 suarum
931 2261 1038 2309 rerum
1060 2241 1208 2325 periculo
1232 2240 1460 2320 administret,
1485 2242 1545 2308 sed

368 2351 409 2418 ad
427 2371 495 2418 eam
512 2373 578 2419 rem
600 2353 736 2420 aliorum
757 2354 909 2420 adhibeat
928 2373 1082 2437 operam,
1107 2371 1192 2436 quos
1204 2368 1262 2418 aut
1273 2367 1360 2418 certa
1370 2353 1543 2431 mercede,

368 2478 427 2528 aut
459 2463 499 2530 de
531 2479 622 2548 parte
646 2465 782 2548 praedae
809 2467 850 2531 ad
878 2484 912 2532 se
943 2464 1138 2549 pertinentis
1170 2463 1251 2529 inita
1279 2464 1432 2547 pactione
1463 2485 1543 2530 cou-

368 2574 485 2654 ‹luxit,
518 2577 607 2642 hunc
635 2576 821 2642 eorumdem
851 2595 949 2659 opera
971 2596 1023 2642 res
1049 2576 1090 2641 ab
1116 2575 1267 2642 hostibus
1297 2590 1408 2659 captas
1430 2576 1543 2642 statim

368 2686 553 2768 acquirere:
577 2688 816 2770 possessionem
840 2687 924 2754 enim
947 2706 1005 2771 per
1024 2686 1190 2753 ministros
1210 2687 1333 2768 habet,
1359 2707 1445 2768 quos
1467 2688 1544 2769 qui·

367 2797 439 2862 dem
472 2799 514 2865 ad
542 2800 665 2866 bellum
696 2799 872 2883 gerendum
906 2798 969 2864 sibi
1002 2798 1148 2864 sufficere
1177 2797 1289 2881 potuit
1311 2805 1343 2877 ⁴,
1366 2817 1544 2864 causamn
1656 2823 1657 2902 p

367 2909 548 2993 republica.
593 2911 791 2994 Plerumque
819 2925 926 2977 autem
946 2910 1126 2990 ministris,
1158 2923 1239 2993 puta
1265 2909 1380 3004 nautis·
1396 2909 1430 2975 in
1452 2911 1543 2976 bello
1656 2917 1657 2954 r

367 3023 548 3103 maritimo,
581 3043 632 3090 res
665 3022 824 3106 quaedam
858 3022 998 3088 leviores
1029 3022 1063 3087 in
1083 3010 1233 3105 praedam
1257 3021 1393 3086 concedi
1417 3024 1541 3088 solent.

227 3135 353 3198 stragem
368 3133 458 3201 Galli
474 3134 741 3223 despoliationem
763 3149 820 3201 aut
835 3135 1004 3221 pilagium
1027 3147 1147 3199 vocant
1167 3142 1200 3212 ⁸,
1226 3132 1477 3214 extenduntque
1501 3134 1543 3198 ad

366 3259 490 3310 vestem
523 3245 667 3326 itemque
696 3243 737 3310 ad
764 3263 877 3309 aurum
911 3256 943 3308 et
971 3257 1161 3327 argentum,
1186 3244 1281 3327 cujus
1304 3243 1451 3326 pretium
1473 3263 1542 3311 non

367 3354 501 3420 excedat
520 3356 632 3420 decem
653 3369 811 3421 scutatos
840 3355 1007 3421 Interdum
1029 3355 1169 3438 amplius
1192 3355 1289 3420 datur
1310 3355 1460 3421 moribus
1484 3371 1543 3422 aut

268 3480 462 3550 crumpacto
493 3465 720 3531 exercitorum.
753 3449 842 3550 ⁸Jure
865 3465 966 3550 igitur
987 3466 1180 3548 neutiquam
1213 3464 1368 3550 ambiguo
1397 3467 1446 3532 ad
1468 3489 1542 3532 eum

366 3581 511 3664 quisuis
534 3581 709 3664 impensis,
731 3577 884 3658 damnis,
899 3578 1071 3664 periculo,
1084 3597 1284 3662 suorumque
1304 3579 1542 3643 ministrorum

366 3704 489 3776 opera,
520 3688 617 3754 nulla
640 3703 747 3775 pacta
774 3688 920 3754 mercede
940 3688 1060 3753 ballum
1078 3688 1249 3775 publicum
1268 3692 1385 3776 gerit,
1401 3689 1542 3776 praeda

365 3805 468 3866 omnis
498 3823 531 3867 eo
564 3799 653 3867 modo
685 3814 786 3887 capta
811 3803 984 3886 pertinet,
1016 3803 1082 3864 nisi
1105 3799 1189 3884 quid
1209 3801 1280 3885 ejus
1294 3802 1378 3886 jure
1401 3801 1543 3886 speciali

364 3926 426 3978 aut
441 3926 542 3998 pacto
563 3926 732 3998 exceptum
756 3916 813 3977 sit.

397 4220 478 4285 ¹ibl,
495 4218 600 4280 arnse.
633 4219 735 4272 'lustu
750 4221 788 4270 rei
806 4219 886 4272 maur.
904 4232 949 4269 art.
968 4235 1008 4270 aa.
1042 4219 1103 4271 ⁸ad
1125 4235 1151 4283 p.
1172 4234 1193 4269 1.
1212 4231 1257 4268 art.
1277 4234 1299 4268 1.
1318 4230 1386 4282 etp.
1408 4231 1494 4268 murt.
1516 4235 1544 4288 a,

362 4311 436 4370 hujus
460 4313 560 4375 capitis.
593 4311 605 4344 ⁴
630 4313 705 4363 Arias
728 4326 753 4361 n.
775 4315 829 4362 180.
847 4314 901 4361 lrm.
920 4313 946 4362 in
969 4326 992 4361 c.
1015 4313 1176 4362 Bertholdus.
1200 4313 1232 4361 de
1256 4323 1321 4361 sent.
1348 4309 1489 4378 [Decretal.
1515 4325 1542 4359 a.

363 4416 404 4462 27.
422 4403 474 4468 ru]
493 4407 556 4456 Bell.
574 4407 606 4456 de
623 4418 651 4454 tc
668 4403 722 4453 mil.
739 4418 765 4465 p.
784 4418 807 4452 a.
825 4415 843 4453 t.
861 4405 884 4454 6.
918 4403 929 4436 ὅ
947 4406 1036 4453 Const.
1055 4405 1120 4454 Gall.
1135 4405 1154 4452 l.
1173 4417 1215 4453 ao.
1233 4415 1252 4452 t.
1272 4415 1311 4460 1³·
1329 4415 1375 4452 an.
1395 4417 1435 4452 ro.
1453 4413 1478 4451 et
1499 4403 1542 4450 16.

878 4585 1022 4596 nnn—oan-
