3310 5482
348 591 390 638 22
660 589 708 636 DE
732 589 826 656 JURE
853 589 1036 640 entenic.
1060 589 1140 638 citt.
1164 589 1205 638 11.

348 743 435 828 apud
457 743 689 829 Thucydidem
713 745 724 788 ¹
747 743 905 812 concione
928 743 1067 830 intelligi
1091 759 1209 828 potest.
1233 743 1319 811 Sunt
1342 745 1427 811 enim
1440 747 1518 812 hoec

347 857 465 924 verba:
485 861 542 937 ἐγὼ
562 860 622 940 yip
642 860 769 940 ἡγοῦμαι
785 859 868 925 πόλιν
879 861 969 926 πλείω
980 860 1311 944 ξύμπασανδρθονμὲννν
1321 862 1444 945 ὠφελεῖν
1455 861 1520 932 τοὺς

347 973 475 1046 ἰδιώτας,
497 971 514 1048 ἢ
537 971 601 1036 καθ’
621 967 742 1038 ἕκαστον
762 977 818 1037 τῶν
837 977 959 1038 πολιτῶν
978 972 1199 1051 εὐπραγοῦσαν,
1222 969 1323 1052 cibpluu
1344 971 1520 1055 δὶτφαλλο-

347 1083 442 1163 μένην.
472 1089 569 1154 καλῶς
600 1082 653 1161 μὲν
682 1084 742 1164 yla
760 1082 914 1166 φερόμενος
936 1083 1005 1164 uiuitp
1031 1083 1063 1148 τὸ
1085 1083 1149 1146 καθ’
1171 1082 1270 1148 ἑαυτὸν
1294 1083 1520 1165 διαφθειρομένης

348 1201 400 1268 τῆς
432 1195 564 1276 πατρίδος
595 1192 670 1258 οὐδὲν
703 1189 785 1269 ἧσσον
806 1192 1042 1271 ξυναπόλλυται,
1065 1196 1234 1274 κακοτυχῶν
1255 1193 1285 1257 δὲ
1306 1192 1335 1256 ἐν
1357 1192 1519 1274 εὐτυχούσῃ

349 1307 446 1386 πολλῷ
478 1307 594 1384 μᾶλλον
626 1304 804 1388 διασώζεται.
838 1302 926 1370 ὁπότε
948 1299 993 1369 οὖν
1015 1302 1098 1374 πόλις
1120 1304 1173 1381 μὲν
1194 1304 1249 1375 τοὶς
1274 1303 1347 1374 ἰδίας
1367 1303 1519 1387 ξυμφορὰς

347 1410 392 1480 clu
411 1440 445 1480 τε
462 1416 572 1498 Φέρειν,
595 1411 635 1489 εἷς
657 1416 687 1482 δὲ
705 1411 825 1488 luctatu
847 1416 903 1488 ube
926 1415 1030 1489 ἐκείνης
1046 1413 1199 1486 ἀδύνατος,
1223 1420 1282 1486 πῶς
1294 1417 1324 1480 οὐ
1335 1415 1391 1495 χρὴ
1403 1413 1519 1486 πάντας

347 1525 465 1605 ἀμύνειν
486 1528 562 1608 αὐτῇ
585 1525 635 1591 suti
657 1526 700 1605 uli
722 1519 736 1592 b
758 1530 806 1592 νῦν
828 1527 911 1605 ὑμεῖς
933 1526 1039 1606 δρᾶτε,
1062 1532 1128 1597 ταῖς
1151 1527 1217 1590 κατ’
1227 1520 1297 1590 οἷκον
1308 1524 1519 1605 κακοπραγίαις

347 1636 579 1718 ἐκπεπληγμένοι
612 1640 662 1704 τοῦ
694 1641 781 1703 κοινοῦ
813 1642 866 1710 τῆς
899 1637 1036 1716 amplae
1069 1633 1201 1719 ὥφίεονε.
1247 1631 1273 1697 Ι.
1305 1651 1331 1696 e.
1356 1631 1412 1696 Ita
1432 1635 1518 1697 enim

348 1747 517 1827 existimo,
546 1749 649 1810 etiam
670 1743 810 1832 singulis
832 1742 1015 1808 bominibus
1033 1741 1112 1830 plus
1134 1763 1204 1807 eam
1223 1741 1375 1829 prodesse
1397 1744 1519 1810 ciuita-

348 1868 430 1937 tem,
456 1877 540 1941 quae
558 1869 630 1922 tota
651 1870 738 1922 reete
759 1877 791 1920 se
813 1854 953 1937 babeat,
977 1874 1076 1940 quant
1097 1856 1127 1918 si
1148 1874 1216 1939 qua
1231 1857 1381 1941 priuatis
1395 1854 1519 1940 floreat

349 1965 573 2048 utilitatibus,
605 1971 678 2055 ipsa
713 1981 823 2033 autem
856 1971 1036 2036 universim
1067 1965 1205 2032 laboret.
1252 1964 1318 2049 Qui
1349 1968 1433 2030 enim
1464 1963 1519 2030 do-

349 2082 500 2144 mesticas
514 2079 678 2164 fortunas
700 2079 776 2145 bene
795 2079 973 2146 collocatas
994 2080 1120 2162 babet,·
1129 2081 1252 2166 patria
1275 2061 1385 2144 tulmen
1404 2098 1519 2146 euersa

345 2203 464 2276 pereat
479 2205 510 2255 et
533 2195 600 2278 ipse
624 2212 745 2257 neeesse
766 2205 837 2256 est:
860 2205 980 2256 eontra
1000 2210 1082 2258 uero
1100 2193 1200 2258 etiam
1223 2193 1253 2254 si
1273 2192 1346 2275 quis
1369 2191 1405 2254 ia
1421 2189 1519 2253 beata

350 2299 522 2386 republica
546 2317 671 2389 parunt
692 2302 785 2388 felix
817 2316 879 2381 est,
914 2302 1016 2368 multo
1049 2316 1159 2367 tamea
1172 2300 1317 2387 facilius
1336 2314 1400 2388 per
1422 2299 1518 2365 illam

348 2410 521 2478 incolumis
555 2428 724 2482 seruatur.
770 2400 884 2496 Quare
916 2435 989 2479 eum
1012 2416 1133 2482 ciuitas
1158 2411 1287 2498 quidem
1311 2410 1518 2498 singulorum

343 2526 449 2610 potsit
480 2538 669 2590 sustentare
698 2525 929 2607 calamitates,
973 2524 1098 2612 singuli
1133 2538 1243 2589 autem
1270 2523 1423 2610 publicas
1456 2544 1519 2590 noa

349 2637 446 2717 item,
482 2634 565 2720 quid
597 2649 643 2700 est
676 2657 739 2701 cur
773 2658 836 2702 aon
867 2639 1034 2705 uniuersos
1067 2639 1131 2721 ipsi
1162 2634 1329 2700 consulere
1352 2638 1521 2720 ipsamque

349 2749 440 2817 tucri
474 2760 644 2832 oporteat,
678 2768 734 2813 uec
766 2746 948 2833 idfacere,
980 2747 1068 2832 quod
1088 2767 1142 2814 uos
1154 2749 1299 2834 facitis,
1321 2744 1398 2814 dum
1422 2751 1520 2833 quasi

350 2860 490 2923 attoniti
501 2859 648 2944 jactura
669 2861 721 2923 rei
744 2858 938 2943 familiaris
961 2857 1100 2924 salutem
1117 2857 1263 2945 proditis
1288 2858 1519 2944 reipublicae?

348 2969 468 3037 Livius
491 2967 502 3003 ¹
526 2969 668 3038 breviter
697 2969 741 3035 ita
770 2970 942 3053 concepit:
967 2969 1167 3057 Respublica
1199 2969 1371 3036 incolumis
1394 2983 1426 3034 et
1443 2973 1520 3056 pri-

348 3095 446 3150 uatas
468 3102 519 3146 res
534 3081 643 3167 facile
659 3083 770 3151 saluas
786 3096 966 3168 praestat:
983 3082 1121 3169 publica
1136 3079 1305 3168 prodendo
1323 3094 1383 3146 tua
1396 3101 1520 3166 aequa·

348 3213 447 3277 quam
489 3214 606 3261 strues.
663 3192 748 3258 Cum
779 3207 885 3258 autem
917 3194 1070 3258 voluntas
1097 3191 1176 3258 boni
1207 3210 1357 3258 mensura
1387 3192 1447 3274 sit,
1482 3205 1521 3256 ut

347 3302 508 3383 diximus,
542 3303 692 3386 sequitur
725 3303 950 3370 universorum
982 3305 1182 3370 voluntatem
1214 3306 1320 3370 valere
1358 3301 1449 3386 quod
1480 3303 1521 3368 ad

347 3415 470 3481 bonum
500 3434 671 3481 commune
700 3414 855 3498 pertinet,
889 3430 986 3498 atque
1015 3415 1109 3481 etiam
1131 3415 1164 3480 in
1187 3415 1274 3481 bono
1297 3414 1518 3500 singulorum,

348 3516 509 3608 quatenus
538 3527 578 3592 ad
609 3528 730 3592 bonum
754 3546 925 3592 commune
948 3527 1127 3594 ordinatur.
1171 3526 1258 3593 Nam
1282 3527 1315 3593 in
1337 3528 1400 3593 hoc
1424 3526 1519 3591 etiam

348 3637 468 3722 singuli
493 3652 727 3706 consenserunt
747 3653 861 3720 estque
883 3639 966 3704 iilud
978 3639 1062 3706 inter
1073 3655 1199 3705 caetera
1210 3639 1328 3705 liberae
1340 3636 1519 3704 voluntatis

181 3821 185 3831 ,
348 3769 485 3834 munus,
518 3770 613 3833 posse
643 3770 732 3816 suam
765 3752 965 3818 voluntatem
998 3751 1031 3816 in
1059 3751 1192 3817 alterius
1213 3753 1413 3816 voluntatem
1441 3768 1519 3814 con-

189 3887 241 3954 nap
270 3901 314 3955 fe
351 3859 430 3926 ferre
450 3858 472 3926 ⁸.
496 3860 659 3929 Voluntas
675 3862 900 3929 universorum
920 3864 960 3928 ad
982 3863 1152 3930 universos
1171 3861 1293 3930 directa
1313 3860 1518 3938 leadicitu13

188 3953 240 4002 pm
265 3951 320 3989 ’Μ’
350 3993 434 4054 quae
452 3992 471 4037 a
494 3972 567 4038 Deo
589 3972 752 4056 procedit,
777 3973 863 4039 unde
880 3975 991 4058 εὕρημα
1010 3979 1255 4058 mittimini,
1289 3971 1457 4041 intentum
1480 3994 1519 4037 ac

350 4104 467 4148 munus
490 4081 557 4148 Dei
579 4083 607 4161 ⁴,
635 4099 864 4169 nuncupaturz
898 4085 1061 4151 communi
1084 4083 1288 4150 mortaiitatis
1315 4083 1417 4150 totius
1440 4104 1519 4149 con-

384 4397 538 4464 ¹[Thucyd.
555 4402 573 4448 i.
589 4414 612 4452 c.
630 4414 653 4452 c.
670 4399 724 4462 bn]
759 4397 843 4452 Ἢν.
860 4403 878 4452 1.
896 4401 936 4452 nb.
955 4401 991 4464 [c.
1010 4401 1063 4464 ab]
1098 4399 1143 4450 ⁸1.
1161 4401 1221 4452 item
1237 4405 1361 4461 comuni
1378 4415 1400 4450 1.
1414 4400 1519 4463 ffiquod

350 4491 400 4546 cui.
413 4492 485 4552 univ.
498 4503 567 4542 nom.
584 4491 629 4554 [D.
646 4503 669 4550 ³·
683 4504 708 4554 4.
721 4491 758 4560 i]
777 4493 868 4550 Thon.
879 4506 901 4543 ι.
910 4505 933 4544 2.
942 4506 967 4553 q.
976 4504 1017 4557 ⁹⁵·
1026 4504 1072 4543 ert.
1083 4507 1104 4544 1.
1138 4491 1150 4528 ⁴
1165 4495 1183 4542 1.
1192 4493 1248 4542 nii.
1257 4495 1288 4542 de
1297 4492 1373 4555 legib.
1391 4493 1435 4556 [D.
1447 4507 1468 4544 1.
1479 4494 1516 4556 3.]
