3310 5482
345 589 388 652 42
652 583 699 630 m
722 581 816 651 June
842 579 1025 629 tunsone,
1053 580 1133 630 cst.
1159 579 1214 626 111.

609 663 616 691 s

345 747 424 810 timo
453 745 589 829 imperio
610 739 767 827 jubente)
795 739 943 828 gerenda
969 744 1043 826 ipsu
1065 739 1153 806 bella
1169 737 1400 822 suscipiuntur
1419 754 1441 797 a
1464 732 1519 796 bo-

346 860 416 935 nis,
438 877 511 920 aum
541 857 577 920 in
606 875 640 920 eo
672 873 785 918 rerum
808 854 1033 919 bumanorum
1056 851 1172 920 ordine
1191 853 1436 926 inueniuntur,
1461 845 1519 910 ubi

345 987 394 1033 eos
423 966 478 1034 uel
495 966 615 1052 jubere
644 963 780 1051 aliquid
808 965 877 1030 tole
907 964 962 1031 uel
981 969 1017 1030 in
1040 965 1165 1032 talibus
1189 960 1317 1029 obedire
1336 961 1430 1046 juste
1450 961 1519 1044 ipse

347 1079 425 1147 ordo
454 1081 666 1164 constringit.
711 1076 806 1143 Unde
832 1097 934 1162 neque
948 1078 1095 1166 Joannes
1118 1079 1160 1144 ab
1182 1078 1287 1142 armis
1296 1075 1394 1162 jubet
1415 1069 1518 1136 disee-

346 1191 424 1258 dere
452 1189 598 1270 milites,
621 1203 652 1253 et
672 1186 825 1254 Christus
846 1190 979 1255 tributu
1002 1188 1142 1256 Caesari
1158 1203 1265 1258 monet
1285 1185 1406 1254 reddi:
1435 1189 1518 1270 quia

340 1317 482 1390 propter
509 1299 596 1366 bella
634 1304 815 1366 necessario
849 1301 954 1368 militi
987 1301 1184 1389 stipendium
1215 1300 1410 1390 praebetur.
1475 1297 1518 1362 Il·

347 1415 437 1481 lud¹
474 1428 581 1480 autem
616 1411 826 1480 brevissimae
863 1414 1029 1482 veritatis:
1074 1413 1177 1502 Apud
1210 1433 1303 1481 ueros
1341 1410 1409 1476 Dei
1447 1408 1519 1474 cul-

347 1541 434 1592 tores
464 1530 565 1593 etiam
596 1529 668 1613 ipsa
700 1524 786 1591 bella
811 1537 940 1612 pacata
959 1539 1055 1605 sunt,
1071 1545 1157 1611 quae
1172 1545 1236 1588 non
1253 1521 1440 1608 cupiditate
1456 1532 1519 1584 aut

346 1637 570 1721 crudelitate,
607 1637 664 1704 sed
685 1641 780 1724 pacis
811 1635 920 1704 studio
946 1651 1135 1725 geruntur,
1167 1650 1206 1702 ut
1236 1634 1319 1700 meli
1349 1653 1520 1698 coercean-

348 1765 408 1817 tur
435 1765 467 1816 et
501 1750 576 1816 boni
602 1749 823 1818 subleventur.
869 1749 943 1815 Nec
974 1748 1123 1816 divinum
1156 1763 1282 1816 tantum
1319 1748 1375 1832 Jus
1402 1744 1459 1812 sed
1488 1759 1521 1810 et

349 1864 526 1930 humanum
556 1851 687 1946 attimgit
704 1866 736 1927 ²:
770 1861 872 1927 Miles
899 1883 972 1927 eum
996 1860 1142 1928 obediens
1159 1863 1344 1948 potestati,
1366 1859 1423 1925 sub
1452 1879 1520 1944 qua

349 1975 494 2062 legitime
503 1978 704 2040 constitutus
725 1987 792 2054 est,
815 1975 974 2039 bominem
997 1973 1134 2055 oceidit,
1154 1973 1250 2039 nulla
1269 1976 1420 2041 ciuitatis
1442 1993 1521 2036 suaa

349 2086 417 2174 lege
449 2105 525 2152 reus
561 2099 608 2150 est
631 2084 811 2151 homicidii.
868 2083 1091 2171 Hieronymi³
1116 2107 1133 2152 e
1159 2085 1272 2152 multis
1298 2101 1419 2151 unum:
1455 2081 1522 2167 Qui

349 2197 452 2263 malos
465 2200 618 2284 percutit
637 2199 674 2262 in
704 2219 756 2279 eo,
787 2195 875 2284 quod
892 2196 976 2263 mali
994 2212 1071 2263 sunt
1094 2211 1126 2263 et
1142 2198 1240 2262 babet
1259 2218 1342 2264 raso
1365 2195 1521 2281 interfec-

349 2314 474 2390 tionis,
503 2323 541 2374 ut
570 2309 697 2376 occidet
720 2314 900 2396 pessimos,
933 2313 1087 2376 minister
1118 2323 1166 2374 est
1192 2309 1267 2375 Dei.
1320 2308 1428 2393 Cujus
1453 2307 1466 2348 ⁴
1490 2322 1523 2374 et

351 2421 460 2489 istud:
505 2423 586 2487 Non
628 2437 675 2488 est
714 2421 860 2488 erudelis
903 2427 963 2509 qui
994 2420 1142 2488 crudeles
1171 2422 1325 2509 jugulat.
1380 2423 1522 2487 Ambro-

353 2532 393 2600 sii
422 2537 433 2575 ⁸
466 2547 592 2600 autem:
628 2533 808 2600 Fortitudo
840 2555 926 2621 quae
956 2533 1038 2599 bello
1071 2547 1188 2602 tuetur
1220 2556 1242 2599 a
1273 2535 1431 2599 barbaris
1458 2549 1523 2621 pa-

352 2649 483 2726 triam,
513 2645 567 2714 uel
595 2645 684 2739 domi
714 2645 862 2732 defendit
889 2644 1061 2729 infirmos,
1091 2647 1145 2715 rel
1166 2668 1188 2711 a
1211 2646 1400 2711 latronibus
1423 2649 1523 2711 socios

345 2756 448 2844 plena
467 2758 612 2843 justitia
643 2773 701 2824 est.
756 2759 834 2825 Sive
867 2753 968 2844 igitur
1000 2773 1133 2824 naturae
1165 2759 1300 2824 ductum
1336 2757 1522 2840 sequimur,

352 2891 449 2953 quem
481 2889 547 2937 non
573 2869 668 2954 sequi
696 2890 736 2937 ne
763 2873 912 2938 volentes
936 2869 1067 2954 quidem
1100 2889 1301 2954 possumus,
1324 2869 1393 2935 sive
1415 2888 1524 2936 sacros

351 2982 453 3049 libros
482 2983 695 3068 inspicimus,
726 2983 890 3065 aquibus
921 2981 1011 3047 nefas
1041 2995 1090 3047 est
1110 2981 1304 3066 dissentire,
1333 2982 1403 3050 sive
1426 2982 1523 3048 etiam

351 3094 496 3162 virorum
526 3095 700 3162 illustrium
731 3095 881 3162 nonnihil
903 3113 1073 3160 movemur
1093 3109 1150 3160 aut
1173 3095 1352 3179 exemplis,
1375 3110 1432 3162 aut
1450 3113 1523 3160 sen·

352 3207 488 3289 tentiis,
513 3227 742 3290 quamcunque
775 3207 904 3272 demum
926 3206 1107 3289 sationem,
1132 3227 1361 3291 quamcunque
1385 3208 1524 3290 amplec-

195 3323 338 3372 ⁰0oc1o⁸i⁰b
352 3317 451 3384 timus
470 3318 717 3398 auctoritatem,
740 3318 860 3384 bellum
884 3318 1025 3404 aliquod
1036 3320 1168 3405 justum
1192 3335 1240 3385 est
1261 3319 1466 3386 Christianis
1487 3323 1524 3384 in

354 3427 562 3494 Christianos
582 3433 669 3494 omni
681 3431 764 3515 jure
785 3428 809 3496 ⁶.

353 3643 537 3655 ..μ-α...-

388 3784 396 3816 ¹
416 3786 447 3834 de
465 3785 518 3834 div.
534 3787 599 3834 ecci.
616 3786 671 3834 obs.
688 3786 714 3834 in
732 3801 754 3835 c.
772 3789 795 3836 6.
815 3787 904 3852 [Decr.
918 3791 986 3837 Grat.
1001 3803 1027 3849 p.
1046 3803 1069 3837 2.
1086 3801 1126 3847 23.
1144 3790 1177 3851 1.]
1214 3788 1225 3820 ²
1243 3791 1273 3838 de
1292 3788 1343 3836 civ.
1361 3787 1409 3836 Dei
1431 3789 1447 3835 Ι.
1465 3802 1486 3836 1.
1501 3801 1524 3836 c.

355 3876 394 3924 26.
413 3876 438 3924 in
452 3890 474 3924 c.
494 3889 531 3933 13·
550 3877 639 3938 [Dect.
654 3878 722 3925 Grae.
737 3893 762 3938 p.
779 3893 803 3927 2.
821 3892 861 3938 23.
880 3881 915 3942 5.]
952 3877 962 3910 ³
980 3894 1035 3940 sup.
1050 3882 1141 3928 Ezech.
1155 3883 1171 3928 1.
1188 3893 1210 3938 3.
1224 3895 1247 3929 c.
1257 3894 1280 3942 9.
1295 3881 1320 3928 in
1336 3893 1358 3928 c.
1376 3893 1416 3942 29.
1436 3879 1525 3940 [Decr.

355 3968 424 4015 Gmt.
440 3981 466 4026 p.
485 3980 508 4015 2.
527 3979 566 4024 2³·
586 3969 620 4030 5.]
656 3966 667 3999 ⁴
684 3981 739 4030 sup.
757 3971 863 4019 Esaiam.
879 3985 902 4020 c.
923 3984 961 4029 13.
979 3971 1046 4020 ind.
1064 3986 1089 4031 q.
1107 3985 1129 4021 c.
1149 3973 1189 4020 28.
1208 3973 1296 4034 [Decr.
1314 3973 1382 4018 Grat.
1399 3986 1424 4031 p.
1443 3984 1467 4018 α.
1484 3983 1526 4028 23.

355 4058 390 4120 s.]
426 4059 486 4107 ‘de
507 4059 556 4107 offl.
577 4061 594 4106 1.
620 4073 640 4107 1.
665 4074 687 4108 c.
711 4073 751 4119 27.
773 4061 799 4109 in
816 4076 838 4110 c.
857 4075 880 4118 s.
899 4063 987 4124 [Decr.
1007 4064 1075 4110 Grat.
1091 4078 1117 4123 p.
1134 4077 1157 4111 2.
1174 4076 1214 4121 23.
1231 4063 1265 4124 3.]
1299 4061 1450 4110 ⁶c0nvenit
1466 4075 1524 4110 cum

355 4150 445 4197 Thom.
467 4163 490 4197 2.
516 4163 539 4197 2.
553 4162 578 4209 q.
596 4163 637 4211 40.
652 4163 697 4199 art.
716 4165 736 4199 1.
754 4152 831 4201 Mart.
850 4153 926 4202 Laud.
945 4156 976 4204 de
994 4154 1063 4202 bello
1079 4167 1105 4214 q.
1122 4169 1138 4217 9
1155 4165 1179 4202 et
1197 4167 1228 4212 32
1246 4167 1270 4202 et
1288 4167 1329 4215 4⁵·
1348 4155 1456 4216 [ocean.
1471 4155 1525 4217 Jur.
1642 4113 1643 4181 i

355 4251 417 4288 tom.
438 4240 475 4288 1⁶.
490 4254 516 4301 p.
532 4253 588 4303 324.
604 4253 628 4289 et
644 4242 710 4304 seq]
