3326 5506
426 616 473 663 or
496 616 589 681 June
615 615 800 661 rxnnnnr.
827 615 910 662 cae.
935 615 986 662 xr.
1238 601 1297 662 181

119 787 189 833 non
212 767 413 834 dimitterent
436 768 557 851 quovis
574 761 873 854 nomineaccepta,
897 768 1005 835 denuo
1017 769 1109 834 aliter
1121 767 1298 850 convenit,

121 893 162 944 ut
183 878 371 962 praefectus
406 879 529 946 auxilio
562 879 797 948 Lusitanorum
827 880 862 947 vi
884 895 1012 964 caperet
1032 899 1152 962 naves,
1176 900 1299 963 eaeque

120 1011 198 1056 cum
221 991 383 1058 mercibus
407 991 493 1075 ipsi,
517 991 666 1059 homines
689 992 857 1059 Lusitanis
877 992 1052 1071 cederent,
1076 1006 1133 1056 aut
1152 991 1180 1058 si
1199 1011 1299 1058 naves

119 1117 430 1186 corrumperentur,
454 1122 511 1169 sex
535 1103 681 1170 millibus
705 1103 861 1188 regalium
885 1102 918 1168 in
942 1093 1143 1168 antecessum
1155 1102 1296 1183 solutis,

120 1216 223 1279 altera
245 1214 311 1279 duo
334 1214 492 1281 mercedis
524 1217 598 1280 loco
620 1213 806 1298 praefectus
833 1213 1004 1297 acciperet.
1050 1215 1148 1280 Forte
1181 1213 1300 1280 accidlt

119 1339 179 1404 ut,
203 1324 279 1391 dum
303 1325 365 1394 ista
384 1327 545 1394 habentur
565 1327 605 1392 de
629 1326 774 1410 ipsorum
788 1326 952 1409 capitibus
963 1325 1115 1409 comitia,
1140 1326 1298 1392 Hollandi

120 1435 234 1518 inopia
267 1457 423 1520 aquarum
456 1437 603 1504 dulcium
636 1437 699 1505 alio
731 1437 956 1519 discederent,
989 1457 1048 1504 nec
1070 1439 1168 1522 longe
1190 1452 1298 1504 tamen

118 1547 290 1616 Bantatno.
314 1549 358 1614 Et
381 1569 455 1614 ecce
478 1550 517 1614 ab
540 1549 672 1632 hospite
691 1549 848 1631 nuntius,
869 1550 1003 1614 classem
1023 1549 1178 1616 adversus
1199 1569 1298 1618 naves

121 1659 337 1728 Hollandicas
360 1660 528 1743 expediri,
552 1661 646 1745 cujus
669 1675 702 1727 et
725 1661 788 1744 ipsi
812 1676 885 1726 ante
907 1661 1085 1728 discessum
1109 1675 1297 1743 apparatum

119 1770 265 1852 aliquem
299 1786 544 1855 conspexerant.
591 1771 711 1854 Neque
744 1787 873 1841 tantum
896 1772 984 1839 bona
1004 1772 1143 1854 quadam
1167 1771 1299 1838 fortuna

118 1881 263 1948 vitatum
297 1898 364 1948 erat
396 1883 591 1964 discrimen,
616 1883 672 1950 sed
695 1903 819 1951 novum
843 1899 1003 1950 certamen
1028 1881 1200 1959 Lusitanis
1222 1903 1297 1948 cum

120 1993 312 2077 praefect0,
347 1995 437 2076 quod
461 1994 489 2062 is
511 2015 545 2060 se
569 1995 768 2062 existimaret
790 2016 829 2060 ex
852 1995 939 2077 pacti
962 1993 1104 2060 formula
1127 1995 1168 2060 ad
1190 2014 1298 2078 perse·

121 2106 275 2187 quendos
308 2105 403 2173 etiam
437 2106 599 2188 Batavos,
631 2122 805 2190 postquam
829 2105 966 2190 digressi
990 2120 1101 2186 erant,
1124 2126 1191 2172 non
1214 2106 1300 2172 obli-

126 2231 252 2300 gatum.
284 2216 390 2300 Prope
408 2218 567 2302 Jacatram
592 2218 751 2284 Hollandi
771 2237 845 2283 cum
864 2217 1053 2298 venissent,
1075 2216 1299 2302 Tomagonem

123 2327 370 2396 Bantamcnsem
394 2329 611 2396 necessarium
632 2349 728 2396 suum
748 2328 902 2397 Lusitani
922 2330 1124 2410 subornant,
1148 2343 1186 2395 ut
1204 2328 1299 2412 quasi

122 2437 278 2504 alimenta
309 2439 505 2508 venditurus
534 2455 649 2508 nautas
679 2440 809 2522 aliquos
831 2439 864 2504 in
888 2439 1033 2506 vicinum
1055 2439 1134 2506 satis
1152 2440 1298 2524 Jacatrac

121 2551 255 2633 locum,
288 2550 489 2636 Janhanjava
519 2552 666 2634 dicitur,
700 2552 886 2636 proliceret.
934 2552 1000 2618 Sed
1032 2568 1301 2635 praemonuerunt

119 2676 318 2728 mercatores
340 2663 713 2748 Sinenses,Lusitanos
733 2663 766 2730 in
788 2665 862 2731 loco
883 2663 1081 2746 dispositos,
1106 2663 1165 2760 qui
1184 2677 1299 2729 nautas

118 2787 180 2840 aut
212 2790 388 2857 caperent,
421 2789 479 2842 aut
498 2777 711 2842 trucidarent.
757 2777 831 2859 Ipse
855 2774 1005 2860 Tomago
1027 2775 1106 2840 haec
1130 2773 1300 2842 confessus

119 2899 195 2964 est,
231 2905 306 2950 cum
337 2886 450 2952 Batavi
484 2889 586 2953 altero
621 2887 736 2954 itinere
771 2887 944 2952 redeuntes
980 2885 1125 2952 infensos
1155 2886 1300 2970 Javanos

118 2995 291 3062 Lusitanis
318 3012 351 3062 et
377 2997 441 3066 sibi
469 2999 639 3082 aequiores
672 2999 895 3065 invenissent:
932 2998 989 3064 sed
1021 2999 1135 3064 turbas
1152 2997 1298 3080 priorum

118 3122 307 3190 temporum
328 3111 512 3204 excusabat.
558 3110 795 3178 Atrocissimae
813 3109 972 3190 insidiae,
997 3109 1170 3176 Francisco
1194 3108 1298 3174 Pesoa

118 3235 338 3303 procurante,
381 3222 469 3304 apud
512 3221 669 3288 Cidaeum
711 3223 775 3288 hoc
813 3221 911 3288 modo
947 3221 1116 3287 institutae
1151 3219 1295 3286 fuerunt.

119 3331 293 3398 Provectis
312 3332 485 3415 hucusque
504 3333 644 3400 navibus
663 3332 836 3414 Rasalata,
856 3332 1038 3398 Lusitanus
1057 3331 1182 3416 origine
1202 3346 1297 3398 natus

120 3442 249 3522 Averi,
284 3442 343 3509 sed
373 3443 579 3512 Christianae
609 3444 741 3527 pictatis
771 3444 919 3510 desertor
947 3458 979 3508 et
1010 3442 1203 3525 archipirata
1233 3443 1298 3508 illis

120 3553 205 3620 locis
233 3554 321 3620 haud
350 3554 529 3639 ignobilis,
565 3576 599 3621 re
629 3555 786 3622 instructa
816 3575 889 3620 cum
922 3554 1096 3621 Cidaeensi
1132 3555 1298 3621 Sabandro

122 3665 187 3750 (ita
216 3680 396 3748 praetorem
425 3668 588 3750 vocant),
604 3727 609 3738 ,
616 3682 726 3750 parata
749 3665 982 3749 permutationi
1006 3679 1167 3747 aromata,
1191 3680 1299 3748 patere

121 3777 210 3860 regis
230 3776 420 3845 Cidaeensis
440 3777 612 3844 amicitiam
635 3777 737 3844 affert.
762 3777 861 3845 Missi
886 3776 944 3859 qui
968 3779 1195 3860 explorarent,
1224 3797 1298 3844 curn

120 3887 214 3972 signa
243 3888 479 3970 convenirent,
513 3890 621 3955 eadem
651 3888 849 3966 renuntiant.
893 3888 1027 3954 Dicitur
1053 3887 1148 3954 etiam
1171 3908 1298 3956 summo

120 4019 178 4065 rex
206 3999 368 4066 desiderio
398 4000 501 4066 teneri
521 4000 795 4084 inspiciendarum
816 4000 966 4078 navium,
992 4019 1075 4081 quae
1094 4019 1152 4082 per
1171 4014 1296 4065 tantum

122 4111 219 4178 maris
239 4131 314 4178 suas
334 4111 465 4178 adoras
485 4113 669 4180 venissent:
694 4111 913 4197 gratissimum
937 4125 970 4176 et
992 4112 1075 4177 hoc:
1100 4111 1298 4177 adornantur

123 4238 262 4304 cuncta,
296 4243 381 4306 quae
408 4237 442 4290 et
472 4243 534 4290 suo
558 4225 678 4309 gaudio
702 4239 735 4290 et
757 4224 842 4308 regis
875 4221 1036 4307 majestati
1069 4223 1296 4314 convenirent.

124 4335 294 4418 Apparent
324 4355 443 4419 pravae
476 4335 530 4421 (id
562 4336 694 4403 navium
728 4355 830 4422 genus
862 4336 929 4419 est)
960 4333 1150 4419 sexaginta,
1175 4333 1298 4414 quibus

123 4445 291 4530 sexaginta
320 4444 461 4533 singulis
493 4448 583 4515 haud
613 4447 721 4516 minus
753 4447 816 4517 viri
850 4446 1001 4529 inerant,
1036 4444 1145 4529 regius
1168 4460 1205 4511 ut
1228 4459 1296 4510 tum
