3326 5506
354 613 416 682 166
662 631 710 678 nr
733 629 827 698 June
852 629 1037 678 rannone.
1062 629 1143 678 cnr.
1166 631 1216 677 ιιι.

351 800 508 870 quaestus
528 784 583 852 hic
605 785 752 852 omnium
776 785 988 852 dulcissimus
1010 785 1167 866 videtur,
1190 798 1229 851 ut
1249 783 1308 868 qui
1328 785 1528 853 humanitati

350 898 538 982 adjumento
561 896 605 966 sit
634 909 666 962 et
684 896 811 962 mutuis
834 896 980 982 gentium
1002 897 1206 979 commodis,
1231 897 1301 964 sine
1326 899 1526 982 cujusquam

350 1011 469 1076 damno
489 1007 585 1075 facile
606 1022 819 1074 sustentetur.
844 1009 975 1076 Morem
999 1010 1088 1075 hunc
1109 1025 1173 1075 tam
1194 1008 1358 1092 placidum
1377 1029 1420 1076 ne
1441 1011 1529 1076 bella

351 1121 509 1205 quidem,
533 1120 613 1188 satis
632 1120 777 1188 animose
795 1120 944 1202 alioquin
961 1135 1073 1205 gesta,
1093 1122 1309 1187 sustulerunt.
1336 1121 1381 1187 Et
1405 1121 1528 1188 adhoc

351 1251 458 1316 usque
489 1248 619 1316 tempus
650 1230 822 1315 potissima
853 1232 924 1298 visa
955 1247 1005 1299 est
1033 1232 1117 1299 ratio
1148 1231 1403 1318 negotiationis:
1439 1253 1527 1298 arma

350 1363 417 1411 non
440 1346 524 1410 ultra
543 1357 719 1427 usurpata,
744 1363 841 1426 quam
864 1344 1039 1412 necessitas
1061 1345 1263 1428 postulabat.
1310 1343 1427 1428 thue
1446 1343 1526 1410 olim

351 1453 567 1522 Timotheum
599 1453 838 1522 Atheniensem
869 1454 903 1520 in
935 1455 1063 1522 Samios
1095 1457 1269 1523 bellantem
1302 1455 1422 1522 fecisse
1444 1455 1528 1542 legi-

350 1583 424 1634 mus
446 1569 480 1649 ¹,
504 1566 548 1634 ita
569 1566 681 1633 Batavi
705 1586 772 1632 non
794 1582 850 1633 eos
869 1579 995 1632 tantum
1019 1567 1078 1650 qul
1101 1587 1159 1651 per
1181 1567 1344 1652 Belgicam
1369 1567 1403 1633 in
1425 1565 1527 1651 parti-

350 1679 414 1746 bus
443 1678 589 1746 adversis
619 1691 733 1759 erant,
763 1678 822 1744 sed
851 1691 884 1744 et
911 1677 1001 1762 ipsos
1034 1685 1183 1745 auctores
1204 1678 1281 1745 belli
1303 1678 1472 1762 Hispanos
1492 1680 1527 1744 in

351 1789 511 1874 Hispania
542 1809 601 1857 sua
632 1803 815 1858 commeatu
845 1790 1027 1875 juverunt,
1051 1790 1144 1873 quod
1166 1805 1206 1856 ut
1225 1792 1343 1856 horum
1366 1795 1527 1858 mercato·

349 1901 441 1968 ribus
464 1901 545 1968 utile
568 1900 657 1986 fuit,
681 1900 727 1969 ita
751 1900 827 1970 illos
850 1899 942 1988 gravi
964 1901 1127 1968 interdum
1151 1900 1233 1968 fame
1253 1902 1417 1969 liberavit.
1462 1902 1527 1969 Ni-

350 2012 397 2079 hil
419 2013 505 2079 enim
528 2027 640 2096 vetat,
664 2013 746 2096 quin
770 2012 942 2081 veteribus
965 2014 1061 2081 etiarn
1088 2015 1245 2098 exemplis
1272 2014 1527 2081 Corinthiorum

351 2137 384 2191 et
408 2123 648 2209 Megarensium
681 2125 727 2190 ita
752 2125 850 2191 armis
870 2144 922 2191 res
941 2125 992 2212 agi
1013 2125 1143 2209 possit,
1167 2142 1206 2192 ut
1228 2125 1386 2208 quaedam
1410 2127 1527 2192 huma·

350 2235 461 2302 nitatis
480 2235 587 2301 officia
609 2255 675 2303 non
698 2235 911 2303 omittantur:
936 2236 1022 2304 sicut
1043 2236 1183 2321 Hispani
1205 2235 1218 2273 ²
1240 2236 1303 2320 ipsi
1325 2237 1528 2320 scripserunt

349 2365 445 2431 posse
472 2347 735 2432 negotiationum
761 2362 963 2415 commeatus
993 2348 1089 2413 etiam
1111 2367 1185 2414 cum
1208 2347 1363 2415 hostibus
1387 2347 1527 2414 interce·

350 2459 445 2538 dere,
468 2459 620 2543 pactione
641 2459 767 2526 scilicet
789 2474 846 2524 aut
865 2457 997 2525 foedere
1020 2458 1133 2525 tacito.

190 2591 272 2639 Aren.
288 2591 337 2638 111.
393 2569 567 2654 Philippus
588 2569 620 2636 II
642 2569 731 2635 haud
750 2571 855 2636 multo
878 2584 1051 2652 antequam
1075 2569 1181 2655 Belgii
1202 2568 1340 2653 imperio
1358 2569 1525 2655 iudicatus

189 2695 260 2742 Anno
275 2697 336 2752 1⁵⁸1.
350 2696 399 2748 est
422 2681 602 2762 decidisse,
626 2699 683 2747 rex
704 2679 812 2748 factus
834 2695 884 2747 est
901 2681 1117 2762 Lusitaniae,
1141 2683 1205 2748 hoc
1224 2681 1524 2766 estPortugalliae:

349 2812 417 2876 quo
438 2794 511 2878 jure
532 2812 640 2877 quave
666 2791 785 2877 iniuria
805 2791 890 2858 nihil
910 2791 1018 2859 refert.
1064 2793 1148 2859 Nam
1170 2807 1344 2876 postquam
1368 2795 1470 2859 semel
1492 2791 1524 2857 ln

348 2924 483 2989 reguum
515 2919 667 2987 receptus
690 2918 762 2985 est,
786 2903 923 2988 agnovit
945 2923 1018 2969 eum
1042 2917 1081 2969 ut
1103 2903 1286 2987 Principem
1320 2917 1389 2969 tota
1410 2922 1525 2987 respu-

348 3015 434 3082 blica
456 3015 715 3097 Lusitanorum,
740 3014 827 3082 sicut
850 3029 882 3080 et
904 3033 992 3110 nunc
1014 3014 1118 3082 lilium
1140 3015 1330 3099 Philippum
1352 3015 1523 3099 agnoscit,

348 3127 521 3209 defertque
543 3127 660 3192 solitos
683 3127 815 3212 regibus
838 3127 1004 3208 honores,
1029 3125 1173 3208 tributa,
1199 3125 1430 3193 obedientiam.
1473 3127 1524 3192 Ex

349 3259 388 3306 eo
411 3253 555 3322 tempore
574 3237 704 3303 batavis
724 3238 838 3302 eodem
863 3237 938 3302 loco
959 3237 1111 3304 Lusitani
1135 3257 1205 3303 esse
1228 3253 1432 3320 coeperunt,
1457 3257 1525 3321 quo

350 3349 546 3428 Castellanl,
570 3347 813 3431 Legionenses,
837 3349 1022 3433 Arragones
1041 3362 1074 3414 et
1092 3363 1160 3414 tota
1180 3347 1360 3432 Hispania,
1384 3347 1418 3414 in
1429 3353 1526 3435 cujus

348 3481 471 3545 corpus
501 3461 701 3525 coaluerant.
746 3458 860 3546 Quare
890 3479 964 3524 cum
998 3460 1121 3526 bellum
1145 3459 1212 3527 illis
1235 3474 1320 3527 esset
1343 3479 1419 3527 cum
1449 3481 1524 3546 rege

349 3571 526 3656 Hispaniae
557 3573 694 3656 ejusque
722 3570 864 3636 subditis
897 3584 930 3636 et
962 3569 1062 3637 sociis
1097 3571 1251 3637 omnibus
1275 3571 1522 3654 Hispanorum,

349 3702 415 3750 non
444 3682 555 3766 potuit
586 3700 652 3747 non
684 3699 753 3748 esse
785 3701 860 3748 ctun
892 3681 1086 3763 Lusitanis,
1110 3683 1283 3766 praecipue
1306 3683 1384 3765 quia
1407 3683 1522 3768 populi

348 3810 412 3861 tam
444 3793 558 3860 divitis
588 3793 760 3879 vectigalia
790 3803 942 3878 magnum
975 3794 1164 3859 alimentum
1201 3794 1287 3860 bello
1310 3806 1522 3861 accesserant·

191 3931 261 3977 Am
274 3933 335 3988 assa.
349 3907 469 3988 Neque
499 3925 578 3972 vero
610 3906 698 3972 solae
721 3904 852 3971 illorum
875 3904 1031 3988 pecuniae
1054 3905 1194 3971 Batavos
1217 3906 1390 3972 laeserunt.
1436 3907 1521 3971 Nam

349 4016 516 4084 horribilis
545 4015 600 4082 illa
623 4017 760 4099 classis,
796 4033 880 4098 quae
904 4013 1221 4101 Methymnisidonio
1244 4017 1329 4083 duce
1352 4017 1519 4083 Oceanum

349 4130 493 4214 ingressa
516 4127 770 4195 internecionem
799 4127 986 4210 Britannis,
1010 4128 1206 4194 Batavorum
1229 4127 1351 4211 sociis,
1376 4128 1520 4212 ipsisque

348 4240 479 4307 batavis
503 4239 709 4324 minabatur,
733 4240 871 4306 maxima
883 4240 934 4305 sui
947 4254 1037 4323 parte
1048 4239 1189 4306 navibus
1200 4239 1375 4322 nautisque
1393 4240 1521 4308 Lusita·

348 4433 543 4446 ——nnn-——n

387 4536 395 4570 ¹
410 4537 490 4588 Arist.
507 4539 604 4588 oecon.
622 4540 639 4587 l.
658 4552 682 4587 a.
701 4537 740 4600 [p.
757 4550 829 4596 raso.
847 4551 872 4588 o.
887 4551 926 4587 vs.
943 4537 982 4602 4,]
1017 4534 1123 4600 ἈγιΙι
1141 4539 1158 4586 l.
1177 4551 1198 4587 1.
1211 4551 1234 4587 c.
1253 4549 1277 4596 7.
1295 4551 1320 4585 n.
1339 4551 1362 4585 2.
