3362 5504
496 603 541 647 DE
566 601 659 668 JURE
686 599 871 648 PRAEDAE·
898 598 980 644 CAP·
1005 597 1066 642 XV.
1300 599 1360 661 341

196 777 261 838 que
292 774 359 820 non
394 770 520 820 tanturn
551 753 788 837 turpitudinem
821 753 918 816 habet
944 752 1088 830 nullam,
1112 751 1169 816 sed
1190 752 1363 834 praecipue

195 869 389 947 honestum,
403 865 468 930 imo
489 885 569 930 vero
594 864 773 949 gloriosum
796 862 918 928 censeri
936 862 1056 942 debet,
1078 861 1111 925 in
1133 881 1201 942 quo
1222 862 1363 944 denique

194 977 278 1042 nihil
310 976 533 1054 incommodi,
558 975 683 1040 utilitas
711 990 823 1040 contra
853 995 919 1055 qua
943 972 1120 1056 privatim,
1144 994 1212 1054 qua
1233 973 1364 1056 publice

194 1088 332 1153 maxima
354 1103 412 1155 est.
458 1088 680 1169 Frequentent
703 1101 837 1166 sancta,
857 1087 920 1150 hoc
942 1099 1013 1165 est,
1033 1084 1154 1149 Butava
1175 1083 1263 1164 lide,
1286 1085 1364 1150 ulti-

194 1219 264 1265 mas
281 1214 412 1284 gentes,
436 1198 487 1264 fas
511 1198 594 1263 illud
616 1197 883 1264 commerciorum
907 1197 946 1262 ab
969 1197 1057 1262 omni
1079 1195 1256 1262 defendant
1279 1196 1365 1280 inju-

195 1311 262 1392 ria,
284 1311 455 1392 acquirant
475 1309 597 1392 patriae
620 1325 651 1374 et
672 1309 747 1374 sibi.
780 1309 922 1374 Ordines
942 1323 1048 1372 autem
1069 1328 1140 1372 cum
1164 1307 1364 1391 singularum

195 1422 466 1502 nationum,tum
488 1421 592 1486 totius
615 1419 755 1485 foederis
779 1419 977 1498 universos,
991 1434 1133 1484 rectores
1156 1439 1192 1484 ac
1216 1419 1366 1485 dominos

195 1532 346 1616 publicae
370 1532 552 1611 libertatis,
586 1552 644 1598 oro
678 1550 895 1612 quaesoque,
924 1530 973 1595 uti
1002 1530 1256 1614 negotiationem
1284 1532 1366 1596 hanc

197 1643 505 1726 opportunissimam
527 1642 689 1725 tempori,
710 1641 799 1707 hosti
822 1642 977 1722 noxiam,
997 1644 1122 1723 populo
1144 1641 1281 1722 utilem,
1306 1643 1366 1707 ho-

196 1754 365 1820 norificam
399 1755 485 1836 sibi,
508 1774 574 1836 quo
596 1767 774 1836 coeperunt
794 1751 905 1818 favore
933 1753 1116 1834 provehant
1136 1767 1168 1816 et
1189 1767 1366 1834 tueantur,

196 1885 303 1946 neque
325 1885 404 1932 vero
428 1865 536 1932 sinant
559 1864 669 1930 deesse
693 1863 860 1931 laboribus
879 1864 1043 1946 praemia,
1063 1863 1179 1930 virtuti
1200 1864 1365 1944 honores,

198 1976 351 2059 periculis
373 1977 560 2056 commoda,
585 1975 749 2042 sumtibus
772 1976 961 2041 mercedem.
1006 1975 1114 2040 Deum
1136 1995 1214 2042 vero
1236 1975 1367 2040 immor·

198 2088 318 2168 talem,
354 2102 517 2153 auctorem
560 2088 665 2152 solum
703 2087 976 2172 educatoremque
1015 2086 1213 2168 reipublicae
1247 2086 1367 2166 istius,

200 2218 298 2279 quem
333 2199 375 2263 ob
410 2201 612 2265 voluntatem
647 2197 841 2280 Optimum,
877 2199 919 2263 ob
958 2212 1151 2280 potestatem
1183 2197 1367 2263 Maximum

200 2309 364 2390 dicimus,
387 2311 527 2392 supplex
556 2329 671 2392 precor
706 2323 738 2374 et
768 2327 928 2391 veneror,
965 2309 1096 2393 quando
1120 2308 1168 2375 illi
1191 2309 1298 2376 visum
1321 2324 1370 2375 est

200 2420 340 2486 ssatavos
370 2420 577 2503 potissimum
610 2420 773 2504 deligere,
808 2441 864 2508 per
896 2439 981 2502 quos
1008 2421 1193 2488 ostenderet
1214 2420 1370 2486 adversus

200 2530 267 2596 vim
285 2551 375 2596 suam
399 2531 558 2597 infirmam
583 2551 651 2597 csse
672 2546 959 2616 quantamcunque
980 2532 1152 2602 humanam
1172 2531 1369 2617 magnitudi-

200 2662 294 2722 nem,
319 2657 416 2723 atque
440 2641 573 2725 insuper
607 2643 712 2727 gentis
743 2642 879 2727 gloriam
903 2642 990 2725 apud
1019 2643 1254 2712 remotissimos
1279 2643 1369 2709 orbis

201 2772 218 2817 a
238 2773 272 2818 sc
294 2752 419 2818 conditi
440 2753 596 2821 terminos
628 2753 815 2833 illustrare,
848 2754 988 2835 primum
1018 2769 1056 2824 ut
1083 2773 1190 2823 mores
1212 2755 1266 2821 det
1289 2774 1367 2836 eos,

201 2863 258 2946 qui
281 2864 416 2930 deceant
436 2883 554 2929 nomen
578 2863 826 2944 Christianum,
847 2883 888 2928 ne
915 2884 1026 2929 eorum
1050 2864 1130 2932 vitia
1151 2865 1238 2947 apud
1259 2864 1369 2948 profa-

199 2993 258 3040 nas
278 2974 425 3040 nationes
448 2994 544 3039 verae
577 2973 727 3059 religioni
747 2973 866 3039 faciant
889 2973 1068 3058 invidiam3
1094 2975 1211 3041 deinde
1233 2989 1271 3042 ut
1294 2996 1369 3042 cru·

200 3085 285 3151 delia
304 3085 508 3150 inimicorum
531 3085 668 3154 consilia
680 3085 859 3167 disturbet,
873 3105 980 3167 neque
991 3085 1073 3155 velit
1092 3086 1237 3155 insontes
1258 3105 1369 3151 corum

199 3194 321 3262 feritati
346 3196 581 3275 succumbere,
617 3195 674 3260 sed
697 3195 771 3262 illos
795 3196 919 3264 damnis
941 3216 977 3267 ac
999 3197 1169 3278 cladibus,
1192 3197 1255 3264 hos
1274 3198 1369 3263 laude

172 3382 178 3392 ,
201 3321 299 3388 atque
329 3306 444 3372 adorea
473 3320 615 3387 mactet3
641 3305 796 3388 reprimat
814 3306 989 3390 pestiferos
1010 3327 1028 3377 a
1048 3308 1152 3398 patria
1175 3309 1368 3376 dissentien-

200 3418 283 3484 tium
306 3416 455 3498 furores3
480 3416 662 3484 errantibus
680 3417 771 3486 indat
792 3418 909 3484 bonam
931 3433 1094 3502 mentem3
1121 3421 1273 3486 omnibus
1290 3442 1369 3488 vero

203 3528 257 3592 det
274 3549 342 3594 eam
362 3528 571 3611 sapientiam,
585 3542 622 3593 ut
633 3527 788 3609 victoria,
804 3550 901 3610 quarn
918 3533 1054 3602 caeleste
1071 3532 1192 3598 donum
1210 3532 1368 3612 fatemur,

203 3639 318 3705 animis
341 3659 407 3706 non
430 3639 538 3704 minus
560 3638 659 3724 gratis
681 3659 778 3721 quam
800 3639 935 3726 integris
958 3642 1054 3708 liceat
1076 3643 1125 3712 uti
1150 3641 1294 3725 fruique.
